2757 4413
307 269 409 338 576

300 386 453 452 cujus
489 382 657 450 gratia
690 383 931 433 lavamur
957 379 1022 429 ad
1060 376 1363 428 sanitatem.

303 460 400 510 Vel
438 458 586 506 horae
623 464 827 521 septem
869 460 995 502 sunt
1036 460 1241 516 septem
1278 463 1365 497 re-

301 527 640 580 cordationes
666 524 806 576 Solis
840 522 1108 589 justitiae:
1141 519 1270 586 quia
1309 517 1366 567 in

309 610 479 656 nocte,
505 598 562 648 in
602 595 881 647 Matutinis
925 592 1209 647 recolimus
1253 590 1368 640 Do-

308 670 442 721 mini
485 667 869 734 captivitatem3
911 664 967 714 in
1009 663 1204 722 Prima,
1242 661 1370 711 illu-

308 742 546 802 sionem3
599 739 655 788 in
707 736 909 796 Tertia,
963 733 1369 802 productionem

310 815 377 864 ad
408 812 698 880 judicium3
731 810 789 860 in
817 811 992 868 Sexta,
1021 805 1367 869 sententiam;

308 884 370 935 in
409 885 489 935 No
498 899 579 945 na,
610 889 868 943 mortem3
905 879 963 929 in
990 879 1240 944 Vespera,
1282 891 1372 926 se-

305 958 608 1024 -pulturam3
640 954 696 1004 in
731 951 1115 1018 Completorio,
1147 950 1374 1016 positio-

307 1044 436 1079 -nem
488 1027 778 1076 custodum
825 1023 963 1074 circa
1006 1022 1369 1102 sepulchrum,

308 1099 398 1149 his
438 1097 587 1148 enim
615 1095 767 1146 horis
804 1094 1149 1160 perducimur
1183 1093 1247 1143 ad
1289 1092 1373 1142 vi-

308 1183 422 1222 tam
457 1180 510 1220 et
551 1170 796 1220 salutem.
841 1168 1032 1219 Unde
1019 1184 1078 1218 ιιι
1110 1167 1321 1217 Psalmo
1358 1181 1371 1214 ι

311 1244 520 1309 Septies
548 1243 601 1292 in
626 1243 712 1292 die
740 1242 948 1293 laudem
981 1241 1106 1292 dixi
1133 1240 1246 1303 tibi,
1277 1253 1374 1289 su·-

306 1330 410 1380 per
424 1313 639 1380 judicia
659 1313 884 1380 justitiae
904 1318 1032 1362 tuoe.

377 1384 405 1435 5
439 1385 763 1434 Μοιιᾼιιτειι
792 1397 1095 1441 ρυειιιιιιετ
1126 1395 1376 1431 πρωτο-

311 1471 435 1505 meu.
460 1483 521 1493 —
544 1455 769 1521 Mystice
794 1454 956 1504 etiam
984 1452 1085 1502 iste
1112 1451 1273 1516 ¹cujus
1305 1449 1376 1500 fi-

312 1525 421 1576 lius
442 1524 834 1586 infirmabatur,
864 1539 977 1573 non
1004 1537 1114 1581 rex,
1145 1522 1237 1571 sed
1267 1521 1376 1571 Re-

308 1597 473 1662 gulus
535 1594 864 1660 appellatur,
924 1607 1051 1642 nam
1118 1591 1256 1642 sicut
1318 1591 1377 1641 in

316 1668 622 1719 Proverbiis
641 1666 870 1716 dicitur.
894 1667 1025 1716 Rex
1038 1665 1133 1730 qui
1154 1665 1345 1714 sedet
1324 1680 1378 1715 m

310 1740 452 1791 solio
468 1739 696 1806 judicii,
731 1738 966 1803 dissipat
1001 1751 1149 1788 omne
1176 1736 1378 1787 malm

310 1813 511 1862 intuitu
533 1826 649 1862 suo.
684 1809 790 1869 Qui
821 1825 946 1876 ergo
975 1809 1214 1875 seipsum
1244 1809 1381 1859 bene

308 1883 559 1948 disponit
587 1896 786 1947 regere,
812 1882 994 1932 sedeat
1022 1881 1080 1930 in
1118 1880 1256 1930 solio
1290 1881 1380 1946 ju-

316 1955 441 2004 dicii
470 1953 765 2002 discutiens
793 1953 978 2002 omnia
999 1967 1160 2016 opera
1178 1966 1295 2013 sua,
1319 1963 1382 2002 ut

308 2023 512 2089 siquid
535 2022 914 2083 intermisceat,
939 2021 1280 2073 discretionis
1304 2022 1384 2072 in-
1421 2056 1426 2065 ·

315 2093 459 2144 tuitu
507 2093 639 2142 illud
685 2092 929 2158 dissipet,
981 2092 1240 2159 quoniam
1287 2093 1381 2159 qui

317 2180 543 2231 regnum
598 2178 761 2214 suum
817 2164 953 2215 bene
1001 2163 1381 2226 administrat,

317 2237 510 2287 merito
559 2251 653 2287 rex
688 2236 901 2287 dicitur.
941 2237 1096 2288 Unde
1137 2238 1342 2288 Seneca
1362 2256 1382 2288 .-

316 2592 558 2651 Quilibet
585 2592 659 2642 ita
689 2603 930 2657 peccator
954 2601 1131 2658 potest
1150 2592 1264 2643 -dici
1290 2595 1388 2644 Re-

306 2664 478 2728 -gulus
525 2664 880 2725 diminutive,
931 2664 1061 2730 quia
1105 2662 1286 2714 deficit
1332 2665 1386 2715 in
1425 2711 1426 2724 ,

314 2733 578 2797 suiipsius
612 2733 901 2799 regimine3
939 2744 992 2784 et
1018 2744 1149 2785 tunc
1172 2735 1294 2799 *ejus
1320 2733 1388 2785 fi-
1424 2738 1429 2804 ζ

319 2804 427 2853 lius
449 2802 768 2868 infirmatur,
799 2806 1016 2872 quaudo
1034 2804 1235 2856 rationi
1261 2820 1387 2856 sen-
1425 2845 1428 2852 .

314 2875 497 2925 sibilis
550 2877 819 2942 appetitus
865 2877 1244 2939 contrariatur,
1288 2879 1387 2944 qui
1425 2900 1429 2942 ξ

317 2948 480 2999 debet
525 2948 743 3000 obedi-re
798 2950 1015 3011 rationi,
1057 2950 1199 3002 sicut
1240 2950 1390 3002 filius
1425 2959 1428 2966 ⁴

320 3035 419 3071 suo
459 3020 630 3086 patri3
676 3022 769 3071 sed
806 3037 932 3072 cum
973 3023 1142 3074 homo
1178 3038 1276 3089 per
1314 3039 1392 3075 ra·
1426 3071 1429 3090 ἶ

310 3090 526 3142 tionem
556 3091 836 3143 Christum
873 3092 1103 3145 fideliter
1136 3095 1389 3161 depreca-

322 3172 428 3225 tur,
477 3172 603 3212 tunc
652 3162 753 3213 iste
801 3161 948 3215 filius
995 3179 1089 3231 per
1137 3165 1389 3217 virtutem
1426 3155 1430 3170 ’

318 3231 527 3286 Christi
556 3242 788 3294 sanatur,
820 3249 919 3299 per-
954 3251 1119 3302 quem
1154 3236 1390 3287 sensibi—
1427 3281 1430 3294 ,,

314 3302 392 3353 ςΙὶε
446 3303 716 3368 appetitus
764 3305 873 3355 sub
926 3306 1116 3358 ordine
1164 3307 1392 3358 rationis

312 3373 628 3427 collocatur.
670 3375 795 3440 Ipsa
834 3390 964 3442 ergo
998 3378 1138 3429 ratio
1172 3394 1268 3430 vex
1308 3388 1393 3430 est
1429 3399 1432 3444 Ἐ

322 3445 384 3497 in
407 3461 592 3511 regno,
613 3462 736 3512 quoe
761 3448 896 3499 bene
919 3464 1013 3500 rex
1029 3450 1242 3513 diciusr,
1265 3452 1393 3519 quia
1428 3487 1432 3502 .

309 3526 500 3569 -totum
527 3532 720 3583 corpus
749 3520 991 3572 hominis
1018 3538 1113 3588 per
1147 3539 1264 3575 eam
1301 3539 1392 3574 re·
1429 3561 1433 3584 f

306 3590 467 3655 gitur
482 3600 548 3640 ⁴-et
566 3590 787 3644 affectus
815 3592 1060 3644 hominis
1083 3596 1153 3645 ab
1174 3611 1241 3646 ea
1264 3595 1394 3646 diri·
1428 3619 1434 3672 ἑ

310 3660 473 3726 ,gitur
518 3670 575 3711 et
614 3661 988 3726 informa-,tum
1034 3679 1131 3716 nec
1179 3681 1287 3716 nou
1336 3675 1394 3717 et

309 3729 471 3795 filiae,
497 3732 696 3783 scilicet
722 3733 868 3785 vires
902 3734 1117 3796 animae.
1152 3750 1274 3786 enm
1300 3751 1393 3786 se·-

318 3813 589 3866 quuntur.
645 3805 748 3855 Sed
806 3806 1139 3871 quandoque
1188 3806 1432 3858 dicitur.

318 3870 585 3937 Regulus,
608 3874 826 3940 quando
847 3876 1053 3928 scilicet
1064 3877 1395 3930 diminuitur

915 262 1154 315 PRIMAE
1189 256 1438 311 PARTIS
1467 257 1703 308 CAPUT
1734 255 1915 311 Lxm.

1472 373 1529 423 in
1571 371 1894 437 cogni-tione,
1925 380 1985 422 ,ει
2025 370 2248 421 obscure
2289 369 2541 437 sequitur

1472 445 1802 497 inordinatas
1844 444 2138 511 passiones,
2167 452 2222 493 et
2262 459 2372 494 non
2400 444 2542 495 resi-

1472 516 1564 567 stit
1612 517 1719 580 eis.;
1756 525 1808 567 et
1842 517 1961 567 ideo
2001 514 2147 565 filius
2181 516 2329 580 ejus,
2364 515 2418 565 id
2457 525 2545 566 est

1474 588 1707 650 affectus,
1733 587 2055 650 infirmatur,
2093 587 2150 638 id
2186 597 2266 637 est
2300 586 2480 637 deviat
2507 602 2547 638 a

1476 661 1620 711 bono
1649 671 1702 712 et
1724 660 1955 711 declinat
1973 659 2040 710 ad
2064 660 2285 721 malum.
2307 658 2365 709 Si
2387 659 2544 710 enim

1476 733 1610 783 ratio
1634 732 1824 784 fuisset
1856 748 1965 793 rex,
1996 732 2049 782 id
2080 742 2162 782 est
2188 731 2360 792 fortis,
2385 730 2545 783 filius

1476 804 1589 868 ejus
1639 819 1751 854 non
1809 802 2199 866 infirmaretur3
2250 804 2344 852 sed
2410 802 2546 869 quia

1475 875 1717 941 Regulus
1753 883 1851 936 est,
1886 875 2007 925 ideo
2035 873 2188 926 filius
2228 875 2341 940 ejus
2379 874 2546 924 infir-

1477 959 1673 1001 matur.
1719 949 1869 1000 Servi
1925 949 2152 1000 rationis
2199 961 2331 1002 sunt
2377 963 2546 1013 opera

1479 1023 1747 1088 hominis3
1787 1023 1915 1091 quia
1948 1023 2116 1074 homo
2162 1031 2243 1074 est
2284 1022 2547 1072 dominus

1478 1105 1692 1146 actuum
1741 1111 1985 1159 surum,
2021 1105 2073 1146 et
2124 1094 2337 1146 affectus
2374 1093 2547 1160 partis

1479 1169 1763 1227 sensitivae,
1783 1169 1913 1235 quia
1938 1168 2197 1219 obediunt
2222 1166 2419 1217 rationi
2445 1166 2549 1216 im·

1480 1239 1683 1307 peranti
1709 1250 1761 1290 et
1781 1239 2053 1306 dirigenti
2085 1238 2176 1289 Isti
2205 1247 2385 1288 autern
2404 1236 2550 1287 servi

1480 1311 1805 1362 annuntiant
1830 1311 1974 1378 quod
2002 1309 2147 1361 filius
2173 1308 2385 1374 Reguli,
2405 1306 2555 1358 scili-

1481 1392 1563 1432 cet
1587 1380 1826 1442 rationis,
1846 1381 1997 1442 vivit,
2025 1379 2241 1446 quando
2270 1378 2505 1429 relucet
2490 1394 2552 1428 m

1482 1467 1642 1518 opere
1661 1453 1807 1518 quod
1824 1451 1967 1503 vines
1985 1450 2269 1502 inferiores
2290 1449 2558 1500 obediunt

1483 1523 1696 1573 rationi.
1721 1523 1824 1573 Per
1842 1523 2033 1572 horam
2060 1531 2239 1572 autern
2266 1520 2558 1585 septimam

1483 1594 1541 1643 in
1585 1609 1695 1660 qua
1722 1608 1855 1660 puer
1888 1608 1920 1643 a
1953 1593 2101 1642 febre
2135 1590 2446 1648 dimit-titur,
2478 1589 2560 1640 si-

1486 1677 1723 1731 gnantur
1747 1674 1958 1730 septem
1984 1663 2126 1713 dona
2151 1662 2389 1728 Spiritus
2416 1662 2563 1711 San-

1486 1737 1575 1797 cti,
1607 1737 1665 1786 in
1688 1753 1797 1804 quo
1825 1753 1991 1788 omme
2011 1745 2289 1802 peccatum
2319 1733 2565 1783 dimitti-

1485 1818 1610 1869 tur,
1659 1817 1715 1858 et
1756 1808 1864 1858 vita
1907 1806 2206 1874 spiritualis
2259 1805 2315 1854 in
2365 1804 2563 1854 anima
2599 1864 2606 1871 ·

1485 1890 1713 1942 creatur,
1759 1895 1819 1931 ac
1868 1890 1980 1931 tota
2028 1889 2082 1930 et
2128 1877 2360 1945 perfecta
2409 1877 2562 1927 salus

1486 1952 1684 2002 mentis
1719 1961 1773 2002 et
1814 1951 2053 2017 corporis
2088 1949 2354 2001 consistit.
2394 1948 2561 1998 Horae

1485 2022 1647 2073 etiam
1676 2030 1877 2088 septem
1906 2021 2105 2087 quibus
2128 2020 2311 2072 anima
2337 2020 2406 2070 de
2426 2034 2561 2085 pec-

1483 2105 1604 2146 cato
1631 2110 1726 2161 per
1746 2094 2121 2160 poenitentiam
2158 2093 2403 2160 resurgit,
2439 2106 2565 2158 pos-

1420 2176 1426 2214 ῑ
1483 2175 1616 2218 sunt
1648 2165 1756 2216 dici
1790 2166 2096 2217 istae‘1una
2132 2174 2212 2216 est
2251 2164 2310 2216 in
2352 2161 2564 2214 contri-

1423 2273 1424 2278 =
1488 2239 1659 2302 tione3
1685 2247 1794 2289 tres
1837 2237 1902 2287 in
1933 2237 2291 2297 confessione,
2319 2251 2444 2302 quae
2473 2227 2566 2285 ‘est

314 2327 346 2357 «
391 2309 488 2359 Vis
541 2309 736 2359 habere
778 2325 1040 2376 magnum
1084 2310 1381 2373 honorem
1421 2323 1426 2358 ῐ

314 2377 457 2429 dabo
484 2379 582 2429 tibi
618 2377 933 2445 imperium,
958 2380 1167 2447 impera
1201 2380 1321 2430 tibi.
1355 2400 1383 2428 ι)
1422 2385 1425 2444 g

320 2451 425 2511 Qui
454 2467 580 2502 vero
604 2452 747 2502 male
772 2467 998 2519 regnum
1028 2452 1384 2513 administrat,
1423 2457 1426 2462 “

308 2538 427 2573 non
470 2538 581 2582 rex,
624 2523 721 2572 sed
770 2524 1029 2589 Regulus
1054 2523 1161 2573 dici
1208 2524 1383 2573 debet.
1422 2553 1426 2558 ·

1490 2326 1641 2371 vera,
1689 2310 1922 2376 simplex
1964 2319 2017 2360 et
2059 2309 2300 2374 integra3
2351 2316 2406 2357 et
2454 2316 2568 2358 tres

1491 2381 1546 2431 in
1593 2380 1970 2441 satisfactione,
1999 2380 2202 2431 scilicet
2231 2396 2246 2429 z
2273 2378 2565 2444 jejunium,

1490 2453 1662 2503 oratio
1703 2464 1756 2503 et
1789 2454 2151 2519 eleemosyna.
2189 2453 2313 2502 lstae
2354 2461 2567 2516 septem

1492 2524 1641 2575 horae
1676 2522 2046 2590 significantur
2071 2522 2129 2574 in
2158 2523 2299 2573 libro
2326 2524 2566 2587 Regum,

1490 2594 1586 2645 ubi
1629 2594 1828 2645 dicitur
1868 2594 2014 2660 quod
2062 2609 2195 2659 puer
2243 2593 2311 2643 ab
2359 2591 2566 2642 Elizaeo

1492 2665 1839 2716 resuscitatus
1871 2665 2116 2718 oscitavit
2145 2665 2358 2729 septies,
2387 2672 2442 2713 et
2467 2679 2567 2713 re—

1485 2737 1594 2787 diit
1621 2735 1904 2786 'advitam
1957 2751 1975 2786 ε
2023 2735 2153 2801 quia
2197 2734 2318 2785 istis
2351 2742 2565 2799 septem

1489 2806 1788 2873 resurgitur
1807 2821 1840 2856 a
1864 2805 2034 2872 portis
2054 2805 2247 2856 mortis
2266 2805 2340 2855 ad
2371 2804 2561 2855 vitam.

1495 2878 1600 2929 Ubi
1660 2876 1986 2943 Theophilus
2039 2894 2058 2927 .-
2114 2895 2142 2924 α
2185 2877 2424 2942 Regulus
2481 2884 2569 2927 est

1489 2950 1671 3001 omnis
1702 2948 1890 3009 bomo,
1924 2963 2035 2999 non
2065 2947 2244 2999 solum
2267 2947 2397 3013 quia
2427 2946 2567 3012 Regi

1494 3023 1871 3074 universorum
1898 3021 2237 3088 mopinquus
2263 3022 2569 3071 secundum

1487 3094 1733 3145 animam
1747 3094 1965 3157 ·existit;
1994 3094 2087 3143 sed
2106 3091 2237 3158 quia
2255 3092 2376 3158 ipse
2401 3106 2571 3157 supa

1488 3166 1677 3217 omnia
1717 3166 2080 3232 principatum
2119 3165 2375 3230 sumpsit,
2409 3164 2570 3229 cujus

1494 3236 1658 3300 filius,
1689 3236 1747 3286 id
1775 3246 1864 3287 est
1901 3251 2073 3297 mens,
2105 3235 2373 3286 febricitat
2401 3235 2568 3285 voln—

1493 3305 1735 3373 ptatibus
1772 3306 1954 3373 pravis
1984 3316 2040 3357 et
2069 3304 2375 3356 desideriis.
2402 3307 2571 3355 Acce-

1498 3377 1580 3428 dit
1620 3386 1801 3427 mitem
1829 3378 1900 3428 nd
1938 3377 2126 3428 Jesum
2157 3385 2215 3427 et
2251 3375 2569 3441 deprecatu·

1491 3454 1559 3498 eut
1586 3448 1886 3510 descendat,
1914 3447 1979 3498 eid
2011 3456 2093 3498 est
2113 3455 2172 3497 ut
2197 3447 2570 3496 condescensu

1495 3520 1881 3572 misemcowdiae
1896 3530 2104 3580 utatur,
2128 3529 2182 3569 et
2201 3518 2433 3584 peccatis
2447 3532 2573 3583 ερατ·

1493 3592 1929 3659 catpriusquam
1969 3607 2005 3641 a
2031 3592 2371 3656 voluptatum
2404 3587 2572 3639 insu-*-

1486 3663 1684 3715 -mioeoe
1724 3661 2091 3714 mortificem.
2139 3662 2241 3712 Sed
2294 3659 2573 3711 Dominus

1487 3735 1684 3786 dicit:
1726 3736 1890 3800 Vade,
1920 3735 1980 3785 id
2007 3744 2090 3786 est
2116 3734 2417 3799 profectum
2443 3747 2574 3781 con·-

1498 3804 1713 3856 tinuum
1758 3806 1897 3856 circa
1940 3805 2150 3856 bonum
2209 3802 2476 3861 ostenda,
2507 3805 2571 3847 et

1493 3884 1630 3929 mac
1669 3876 1832 3943 filius
1880 3883 2004 3930 tum
2053 3876 2217 3931 met.
2261 3874 2328 3926 Si
2383 3877 2565 3922 mitem
