2757 4413
809 291 906 343 DE
935 289 1248 342 MULIERE
1277 291 1753 343 SAMARITANA.
2295 295 2395 349 563

193 419 294 470 etc„
321 409 448 476 quia
488 408 743 459 officiales
783 407 876 474 qui
926 416 1055 458 sunt
1096 406 1233 458 circa
1336 414 1547 473 partem
1604 408 1784 474 elegit,
1837 409 2038 461 scilicet
2098 411 2403 465 claustrales

191 483 484 549 temporalia
501 482 765 548 occupati,
795 482 991 531 debent
1009 482 1074 531 de
1096 482 1232 531 clau·
1342 480 1437 546 qui
1502 490 1688 535 vacant
1744 483 2228 548 contemplationi;
2282 499 2405 550 quoe

189 555 425 607 stralibus
457 554 552 620 qui
577 564 762 604 vacant
795 551 1229 619 contemplationi
1342 567 1445 602 non
1485 552 1779 619 {auferetur
1819 554 1888 603 ab
1926 567 2007 615 ea,
2047 554 2175 619 quia
2221 556 2406 607 nullus

187 623 458 691 conqueri,
520 639 706 689 pacem
764 621 1234 688 contemplationis
1341 623 1508 674 hodie
1554 624 1783 689 appellat
1811 635 2001 676 ‘contra
2041 626 2404 687 claustralem,

185 698 469 764 appetendo
495 736 510 759 ,
584 706 638 746 et
696 697 989 746 tumultum
1065 709 1233 760 nego·
1341 694 1435 760 qui
1479 695 1596 744 vult
1636 694 1693 744 in
1738 696 1969 746 claustro
2008 695 2266 758 residere,
2314 698 2408 748 sed

186 770 366 819 tiorum
393 768 797 817 mundanorum
819 765 1094 832 fugiende.
1126 765 1235 816 Un·
1342 767 1478 817 bene
1541 767 1838 833 appellatur
1896 777 2078 818 contra
2133 783 2256 818 eum
2312 768 2408 835 qui

184 842 240 893 de
289 841 610 892 Bernardus
640 858 658 890 .-
687 858 715 887 a
754 838 905 889 Felix
948 839 1141 888 domus
1182 846 1234 887 et
1340 838 1456 889 vult
1485 838 1649 888 abbas
1689 836 1830 903 fieri;
1869 839 1971 898 vel,
2016 853 2138 904 quae
2167 854 2269 889 non
2300 855 2406 890 au-

1331 909 1549 975 feretur
1575 908 1644 957 ab
1671 919 1762 971 ea,
1804 908 1931 974 quia
1953 908 2062 959 vita
2092 908 2258 960 activa
2282 925 2405 960 cum

1341 981 1451 1031 vita
1478 980 1722 1046 praesenti
1752 979 1955 1044 deficit;
1986 981 2094 1032 vita
2118 996 2243 1032 vero
2269 996 2406 1033 con-

1341 1050 1647 1173 genssplativa
1692 1060 1812 1116 post
1868 1051 2003 1103 hanc
2052 1050 2219 1103 vitam
2275 1068 2405 1119 pro-

1383 1139 1429 1173 ει
1459 1159 1472 1174 .
1496 1141 1525 1170 n

184 912 316 962 beata
348 907 714 977 ‘congregatim
744 909 836 960 ubi
868 908 1075 958 Martha
1101 923 1233 957 con-

183 983 413 1050 queritur
486 982 555 1032 de
608 980 816 1032 Maria!
871 979 1005 1029 Nam
1067 977 1233 1028 Maria

182 1054 435 1106 Mar-tham
494 1053 737 1104 aemulari
803 1050 1085 1116 indignum
1154 1059 1234 1100 est

183 1140 384 1193 prorsus
415 1140 434 1190 ;
481 1124 675 1176 Maria
735 1122 935 1190 quippe
981 1122 1233 1187 optimam

1151 1290 1425 1344 ORATIO

236 1434 465 1485 Domine
494 1434 623 1485 Jesu
656 1434 888 1494 Christe,
918 1433 1013 1500 qui
1044 1448 1142 1499 pro
1177 1431 1337 1482 nobis
1364 1430 1561 1482 venisti
1593 1430 1652 1481 in
1682 1444 1917 1494 carnem,
1949 1446 2043 1497 per
2073 1430 2273 1482 divinae
2305 1448 2407 1485 na·

184 1514 297 1556 turae
326 1516 378 1556 et
408 1506 664 1556 humanae
696 1504 950 1555 unionem
968 1542 983 1564 ,
1009 1512 1321 1554 moveantur
1357 1516 1520 1568 super
1556 1517 1660 1561 me,
1696 1499 1981 1567 indignum
2012 1517 2226 1552 servum
2250 1511 2407 1554 tuum

183 1586 494 1641 peccatorem
524 1585 579 1626 et
606 1590 757 1625 reum
777 1613 791 1635 ,
815 1573 1014 1625 viscera
1044 1572 1425 1624 misericordiae
1454 1582 1560 1623 tuae
1591 1581 1646 1622 et
1672 1571 1820 1622 illius
1851 1573 2089 1634 Marthae,
2119 1589 2239 1639 quae
2268 1583 2318 1624 te
2348 1574 2407 1625 in

181 1647 416 1713 virginali
446 1656 604 1697 utero
628 1645 859 1711 suscepit
887 1644 1145 1711 hospitio,
1175 1653 1227 1695 et
1253 1644 1405 1694 illius
1434 1643 1631 1703 Mariae,
1660 1657 1782 1709 quae
1812 1644 1971 1694 verba
2000 1653 2092 1694 tua
2121 1659 2408 1696 conserva-

181 1717 250 1767 vit
296 1717 578 1768 conferens
603 1716 662 1766 in
697 1717 853 1766 corde
895 1731 1026 1775 su0,
1067 1714 1266 1766 scilicet
1311 1714 1460 1764 illius
1499 1712 1930 1764 clementissimae
1973 1714 2261 1765 Genitricis
2299 1724 2409 1767 tuae

179 1787 293 1850 fide,
322 1788 531 1840 meritis
558 1798 610 1839 et
639 1788 904 1855 precibus,
929 1787 1053 1839 veni
1079 1796 1132 1839 et
1167 1787 1225 1838 in
1256 1796 1495 1837 mentem
1524 1801 1697 1838 meam
1724 1800 1818 1852 per
1844 1786 2026 1852 gratiae
2055 1786 2408 1849 infusionem,

179 1871 232 1913 ut
253 1861 328 1912 nil
357 1871 549 1927 praeter
574 1870 628 1911 te
653 1860 896 1926 diligam,
927 1860 1005 1910 nil
1034 1874 1289 1927 quaeram,
1313 1859 1390 1909 nil
1420 1859 1581 1910 etiam
1611 1856 1842 1924 cogitare
1867 1858 2280 1925 concupiscam;
2313 1859 2408 1909 sed

177 1942 233 1984 tu
256 1934 404 1983 solus
443 1931 582 1982 mihi
613 1931 691 1982 sis
726 1947 848 1997 spes
876 1940 926 1982 et
954 1947 1114 1982 omne
1141 1946 1297 1997 opuS.
1327 1930 1460 1991 Or0,
1486 1940 1548 1982 ut
1572 1940 1625 1982 et
1652 1929 1742 1980 hic
1767 1930 2043 1995 praelibare
2062 1930 2406 1998 aliquatenus

180 2004 373 2057 valeam
403 2002 796 2054 consolationis
824 2012 928 2054 tuae
955 2002 1315 2054 dulcedinem.
1343 2002 1540 2055 Amen.

902 2278 906 2283 ’
992 2303 1327 2374 CAPUT
1374 2302 1578 2371 [ΧΠ

809 2503 915 2573 De
949 2498 1240 2571 muliere
1274 2494 1754 2567 Samaritana.

1068 2694 1103 2757 J
1110 2713 1254 2758 oan.
1288 2713 1423 2778 cap.
1452 2713 1515 2775 4.
1589 2725 1593 2730 ·

249 2986 268 3022 ι
300 2972 454 3023 Jsssus
484 2988 609 3023 rran
636 2987 792 3023 mcrr
816 2986 918 3023 mm
947 2971 1240 3034 Sannum,

184 3056 327 3094 cums
345 3059 480 3093 Loca
497 3058 725 3101 Quaemu
737 3056 1164 3093 mnus-ramma:
1179 3067 1240 3079 —

182 3114 255 3165 Et
285 3116 420 3166 abiit
461 3116 650 3167 iterum
681 3116 833 3166 Jesus
860 3114 917 3164 in
955 3113 1240 3164 Galilaeam

181 3184 243 3234 de
280 3201 385 3252 qua
431 3195 648 3237 venerat
684 3186 743 3235 in
779 3186 1035 3237 Judaeam.
1067 3185 1240 3234 Ante-

182 3269 336 3321 quam
378 3266 560 3307 autem
602 3256 806 3307 veniret
843 3256 902 3306 in
941 3254 1237 3314 Galilaeam,

179 3327 449 3391 oportebat
481 3341 597 3377 eum
642 3326 878 3376 transire
904 3339 1007 3390 per
1036 3325 1238 3375 Sama-

177 3396 309 3448 riam
336 3398 646 3464 regionem,
685 3413 794 3448 non
830 3412 897 3448 ex
938 3395 1239 3447 intentione

176 3466 475 3518 declinandi
511 3468 575 3519 ad
608 3467 1003 3530 samaritanos,
1045 3481 1115 3516 ne
1148 3466 1239 3516 do-

173 3539 356 3590 ctrinae
387 3554 501 3590 suae
524 3540 793 3592 videretur
810 3537 1122 3601 contrarius,
1142 3538 1237 3605 qui

174 3607 304 3660 dixit
331 3609 621 3677 discipulis
658 3609 813 3662 suis:
843 3610 908 3661 In
937 3609 1079 3660 viam
1104 3608 1240 3660 Gen-

178 3679 297 3730 tium
325 3694 394 3731 ne
417 3680 699 3746 abieritis,
747 3679 882 3747 quia
917 3679 1237 3731 Samaritani

175 3750 365 3815 partim
397 3762 549 3803 erant
585 3752 854 3814 Gentiles;
895 3751 988 3802 sed
1006 3765 1088 3812 ¹ex
1136 3752 1239 3802 viae

176 3818 529 3887 dispositione
593 3832 647 3875 et
700 3821 1013 3873 necessitate
1032 3859 1049 3882 ,
1113 3821 1241 3888 quia

176 3889 409 3943 Samaria
453 3893 630 3945 media
679 3902 762 3945 est
808 3892 950 3944 inter
998 3892 1239 3946 Judaeam

296 3998 432 4051 VrrA
461 3999 586 4053 ,ἵκευ
617 3998 858 4064 Cnnxsrx,
879 4014 1053 4053 renus
1080 3999 1143 4055 11.

1346 2975 1399 3018 et
1422 2966 1720 3017 Galilaeam.
1752 2963 1904 3014 Venit
1931 2976 2066 3029 ergo
2091 2961 2145 3012 in
2173 2960 2409 3025 Sichem,

1345 3040 1613 3092 civitatem
1660 3035 1898 3103 regionis
1944 3035 2245 3099 Samariae',
2292 3046 2413 3100 quae

1346 3123 1594 3182 corrupte
1646 3111 1844 3163 Sichar
1888 3108 2202 3170 dicebatur,
2265 3123 2412 3159 nunc

1344 3199 1472 3235 vero
1505 3181 1757 3247 Neapolis
1784 3181 2010 3242 dicitur-,-
2049 3188 2240 3246 quarto
2278 3178 2413 3228 mil-

1344 3253 1500 3305 liario
1537 3267 1568 3303 a
1597 3249 1808 3302 civitate
1837 3263 1959 3316 quoe
1988 3247 2229 3299 Samaria
2260 3246 2412 3297 dice-

1345 3328 1533 3386 batur,
1577 3339 1722 3375 nunc
1762 3338 1890 3374 vero
1934 3322 2153 3373 Sebaste
2179 3320 2410 3380 dicitur,

1344 3413 1377 3448 a
1421 3411 1529 3463 qua
1562 3404 1742 3445 tamen
1781 3393 1957 3444 adhuc
1987 3391 2138 3458 regio
2175 3389 2413 3441 Samaria

1345 3465 1745 3518 denominatur.
1800 3463 1973 3515 Distat
2019 3476 2148 3514 vero
2195 3460 2412 3511 Sichem

1347 3539 1415 3588 de
1437 3535 1732 3587 Jerusalem
1758 3549 1854 3585 1111
1887 3532 2054 3583 leucis
2089 3531 2157 3581 ad
2181 3527 2413 3596 Aquilo-

1346 3623 1491 3659 nem.
1522 3606 1594 3658 Ut
1620 3615 1800 3657 autem
1836 3603 1893 3653 in
1935 3600 2131 3654 Genesi
2167 3598 2368 3649 dicitur
2396 3612 2415 3647 ς

1343 3681 1507 3732 Jacob
1532 3678 1756 3730 veniens
1784 3677 1851 3727 de
1877 3671 2261 3740 Mesopotamia
2281 3668 2416 3720 emit

1345 3766 1537 3817 agrum
1578 3749 1646 3801 ab
1693 3749 1859 3799 Emor
1903 3743 2144 3811 principe
2187 3738 2421 3790 civitatis

1348 3822 1588 3883 Sichem,
1618 3827 1672 3870 et
1697 3817 1776 3868 ibi
1806 3815 1871 3866 ad
1902 3824 2115 3879 tempus
2153 3808 2420 3862 habitavit

1345 3893 1495 3960 juxta
1541 3890 1764 3953 urbem;
1810 3885 1905 3940 sed
1949 3891 2167 3951 propter
2206 3890 2420 3950 raptum

2196 3988 2231 4040 8
2280 4034 2283 4036 Α
