<?xml version="1.0" encoding="UTF-8"?>
<!DOCTYPE html PUBLIC "-//W3C//DTD XHTML 1.0 Transitional//EN"
    "http://www.w3.org/TR/xhtml1/DTD/xhtml1-transitional.dtd">
<html xmlns="http://www.w3.org/1999/xhtml" xml:lang="en" lang="en">
 <head>
  <title>
</title>
<meta http-equiv="Content-Type" content="text/html;charset=utf-8" />
  <meta name='ocr-system' content='tesseract 3.04.00' />
  <meta name='ocr-capabilities' content='ocr_page ocr_carea ocr_par ocr_line ocrx_word'/>
</head>
<body>
  <div class='ocr_page' id='page_1' title='image "./vitajesuchristi01sachgoog_0080.png"; bbox 0 0 2757 4413; ppageno 0'>
   <div class='ocr_carea' id='block_1_1' title="bbox 321 333 422 386">
    <p class='ocr_par' dir='ltr' id='par_1_1' title="bbox 321 333 422 386">
     <span class='ocr_line' id='line_1_1' title="bbox 321 333 422 386; baseline -0.02 0"><span class='ocrx_word' id='word_1_1' title='bbox 321 333 422 386; x_wconf 81' lang='lat'>522</span> 
     </span>
    </p>
   </div>
   <div class='ocr_carea' id='block_1_2' title="bbox 317 450 1406 4021">
    <p class='ocr_par' dir='ltr' id='par_1_2' title="bbox 317 450 1398 2712">
     <span class='ocr_line' id='line_1_2' title="bbox 320 450 1386 518; baseline -0.001 -16"><span class='ocrx_word' id='word_1_2' title='bbox 320 450 625 514; x_wconf 82' lang='lat' dir='ltr'>troducere3</span> <span class='ocrx_word' id='word_1_3' title='bbox 662 466 719 502; x_wconf 92' lang='lat' dir='ltr'>ac</span> <span class='ocrx_word' id='word_1_4' title='bbox 753 450 798 502; x_wconf 95' lang='lat' dir='ltr'>si</span> <span class='ocrx_word' id='word_1_5' title='bbox 835 467 960 503; x_wconf 85' lang='lat' dir='ltr'>cum</span> <span class='ocrx_word' id='word_1_6' title='bbox 992 452 1261 518; x_wconf 86' lang='lat' dir='ltr'>Propheta</span> <span class='ocrx_word' id='word_1_7' title='bbox 1296 452 1386 502; x_wconf 90' lang='lat' dir='ltr'>di-</span> 
     </span>
     <span class='ocr_line' id='line_1_3' title="bbox 317 522 1386 590; baseline 0.001 -17"><span class='ocrx_word' id='word_1_8' title='bbox 317 531 458 573; x_wconf 89' lang='lat' dir='ltr'>ceret</span> <span class='ocrx_word' id='word_1_9' title='bbox 495 538 509 572; x_wconf 71' lang='grc' dir='ltr'>ε</span> <span class='ocrx_word' id='word_1_10' title='bbox 565 523 710 584; x_wconf 84' lang='lat' dir='ltr'><strong><em>Quid</em></strong></span> <span class='ocrx_word' id='word_1_11' title='bbox 760 522 915 574; x_wconf 85' lang='lat' dir='ltr'>debui</span> <span class='ocrx_word' id='word_1_12' title='bbox 962 524 1156 590; x_wconf 82' lang='lat' dir='ltr'>facere</span> <span class='ocrx_word' id='word_1_13' title='bbox 1215 523 1386 574; x_wconf 82' lang='lat' dir='ltr'>vineae</span> 
     </span>
     <span class='ocr_line' id='line_1_4' title="bbox 320 592 1385 658; baseline 0.001 -16"><span class='ocrx_word' id='word_1_14' title='bbox 320 605 472 656; x_wconf 83' lang='lat' dir='ltr'>meae,</span> <span class='ocrx_word' id='word_1_15' title='bbox 524 597 575 641; x_wconf 87' lang='lat' dir='ltr'>et</span> <span class='ocrx_word' id='word_1_16' title='bbox 618 607 718 642; x_wconf 90' lang='lat' dir='ltr'>non</span> <span class='ocrx_word' id='word_1_17' title='bbox 760 592 935 658; x_wconf 67' lang='lat' dir='ltr'>feci?</span> <span class='ocrx_word' id='word_1_18' title='bbox 970 594 1035 644; x_wconf 92' lang='lat' dir='ltr'>Et</span> <span class='ocrx_word' id='word_1_19' title='bbox 1087 593 1385 644; x_wconf 89' lang='lat' dir='ltr'>secundum</span> 
     </span>
     <span class='ocr_line' id='line_1_5' title="bbox 324 662 1388 730; baseline -0.001 -16"><span class='ocrx_word' id='word_1_20' title='bbox 324 662 784 730; x_wconf 75' lang='lat' dir='ltr'>Chryso-smmum,</span> <span class='ocrx_word' id='word_1_21' title='bbox 821 662 950 714; x_wconf 89' lang='lat' dir='ltr'>fecit</span> <span class='ocrx_word' id='word_1_22' title='bbox 999 662 1137 714; x_wconf 89' lang='lat' dir='ltr'>sicut</span> <span class='ocrx_word' id='word_1_23' title='bbox 1180 662 1388 714; x_wconf 89' lang='lat' dir='ltr'>faciunt</span> 
     </span>
     <span class='ocr_line' id='line_1_6' title="bbox 320 732 1385 799; baseline -0.001 -15"><span class='ocrx_word' id='word_1_24' title='bbox 320 742 618 792; x_wconf 79' lang='lat' dir='ltr'>venatoreS,</span> <span class='ocrx_word' id='word_1_25' title='bbox 649 732 740 799; x_wconf 91' lang='lat' dir='ltr'>qui</span> <span class='ocrx_word' id='word_1_26' title='bbox 770 748 864 799; x_wconf 92' lang='lat' dir='ltr'>per</span> <span class='ocrx_word' id='word_1_27' title='bbox 884 733 1018 784; x_wconf 89' lang='lat' dir='ltr'>duas</span> <span class='ocrx_word' id='word_1_28' title='bbox 1041 732 1156 784; x_wconf 86' lang='lat' dir='ltr'>vias</span> <span class='ocrx_word' id='word_1_29' title='bbox 1183 743 1385 784; x_wconf 90' lang='lat' dir='ltr'>contra-</span> 
     </span>
     <span class='ocr_line' id='line_1_7' title="bbox 323 802 1387 865; baseline -0.001 -11"><span class='ocrx_word' id='word_1_30' title='bbox 323 802 431 854; x_wconf 88' lang='lat' dir='ltr'>rias</span> <span class='ocrx_word' id='word_1_31' title='bbox 483 803 641 853; x_wconf 91' lang='lat' dir='ltr'>alicui</span> <span class='ocrx_word' id='word_1_32' title='bbox 686 803 1013 854; x_wconf 87' lang='lat' dir='ltr'>insidiantur</span> <span class='ocrx_word' id='word_1_33' title='bbox 1054 803 1296 865; x_wconf 88' lang='lat' dir='ltr'>animali,</span> <span class='ocrx_word' id='word_1_34' title='bbox 1325 812 1387 854; x_wconf 90' lang='lat' dir='ltr'>ut</span> 
     </span>
     <span class='ocr_line' id='line_1_8' title="bbox 324 874 1387 941; baseline -0.001 -16"><span class='ocrx_word' id='word_1_35' title='bbox 324 875 382 926; x_wconf 89' lang='lat' dir='ltr'>in</span> <span class='ocrx_word' id='word_1_36' title='bbox 408 876 626 925; x_wconf 90' lang='lat' dir='ltr'>alteram</span> <span class='ocrx_word' id='word_1_37' title='bbox 655 875 853 925; x_wconf 88' lang='lat' dir='ltr'>incidat</span> <span class='ocrx_word' id='word_1_38' title='bbox 882 886 934 926; x_wconf 93' lang='lat' dir='ltr'>et</span> <span class='ocrx_word' id='word_1_39' title='bbox 952 876 1207 941; x_wconf 86' lang='lat' dir='ltr'><strong>capiatur.</strong></span> <span class='ocrx_word' id='word_1_40' title='bbox 1237 874 1387 926; x_wconf 89' lang='lat' dir='ltr'>Misit</span> 
     </span>
     <span class='ocr_line' id='line_1_9' title="bbox 324 947 1385 1009; baseline -0.001 -9"><span class='ocrx_word' id='word_1_41' title='bbox 324 947 474 1000; x_wconf 87' lang='lat' dir='ltr'>enim</span> <span class='ocrx_word' id='word_1_42' title='bbox 502 948 763 998; x_wconf 85' lang='lat' dir='ltr'>Joannem</span> <span class='ocrx_word' id='word_1_43' title='bbox 824 964 946 999; x_wconf 89' lang='lat' dir='ltr'>cum</span> <span class='ocrx_word' id='word_1_44' title='bbox 992 947 1103 999; x_wconf 85' lang='lat' dir='ltr'>vita</span> <span class='ocrx_word' id='word_1_45' title='bbox 1147 958 1385 1009; x_wconf 88' lang='lat' dir='ltr'>austera,</span> 
     </span>
     <span class='ocr_line' id='line_1_10' title="bbox 321 1020 1387 1086; baseline -0.002 -14"><span class='ocrx_word' id='word_1_46' title='bbox 321 1021 474 1072; x_wconf 79' lang='lat' dir='ltr'>venit</span> <span class='ocrx_word' id='word_1_47' title='bbox 497 1021 611 1086; x_wconf 90' lang='lat' dir='ltr'>ipse</span> <span class='ocrx_word' id='word_1_48' title='bbox 659 1036 783 1070; x_wconf 90' lang='lat' dir='ltr'>cum</span> <span class='ocrx_word' id='word_1_49' title='bbox 812 1020 1088 1071; x_wconf 89' lang='lat' dir='ltr'>communi</span> <span class='ocrx_word' id='word_1_50' title='bbox 1119 1020 1258 1085; x_wconf 83' lang='lat' dir='ltr'>vita;</span> <span class='ocrx_word' id='word_1_51' title='bbox 1290 1020 1387 1071; x_wconf 90' lang='lat' dir='ltr'>sed</span> 
     </span>
     <span class='ocr_line' id='line_1_11' title="bbox 324 1090 1387 1158; baseline -0.002 -16"><span class='ocrx_word' id='word_1_52' title='bbox 324 1090 430 1158; x_wconf 89' lang='lat' dir='ltr'>ipsi</span> <span class='ocrx_word' id='word_1_53' title='bbox 469 1101 759 1142; x_wconf 90' lang='lat' dir='ltr'>renuerunt</span> <span class='ocrx_word' id='word_1_54' title='bbox 802 1101 853 1142; x_wconf 90' lang='lat' dir='ltr'>et</span> <span class='ocrx_word' id='word_1_55' title='bbox 915 1102 1200 1158; x_wconf 89' lang='lat' dir='ltr'>utramque</span> <span class='ocrx_word' id='word_1_56' title='bbox 1243 1091 1387 1142; x_wconf 84' lang='lat' dir='ltr'>viam</span> 
     </span>
     <span class='ocr_line' id='line_1_12' title="bbox 324 1161 1387 1230; baseline -0.001 -17"><span class='ocrx_word' id='word_1_57' title='bbox 324 1161 515 1213; x_wconf 89' lang='lat' dir='ltr'>salutis</span> <span class='ocrx_word' id='word_1_58' title='bbox 567 1172 903 1228; x_wconf 87' lang='lat' dir='ltr'>respuerunt,</span> <span class='ocrx_word' id='word_1_59' title='bbox 948 1162 1078 1230; x_wconf 88' lang='lat' dir='ltr'>quia</span> <span class='ocrx_word' id='word_1_60' title='bbox 1127 1178 1225 1213; x_wconf 91' lang='lat' dir='ltr'>nec</span> <span class='ocrx_word' id='word_1_61' title='bbox 1261 1178 1387 1213; x_wconf 90' lang='lat' dir='ltr'>cum</span> 
     </span>
     <span class='ocr_line' id='line_1_13' title="bbox 323 1233 1388 1300; baseline -0.001 -16"><span class='ocrx_word' id='word_1_62' title='bbox 323 1234 529 1284; x_wconf 87' lang='lat' dir='ltr'>Joanne</span> <span class='ocrx_word' id='word_1_63' title='bbox 584 1233 818 1299; x_wconf 87' lang='lat' dir='ltr'>Baptista</span> <span class='ocrx_word' id='word_1_64' title='bbox 865 1235 1064 1300; x_wconf 87' lang='lat' dir='ltr'>lugere,</span> <span class='ocrx_word' id='word_1_65' title='bbox 1117 1249 1215 1285; x_wconf 88' lang='lat' dir='ltr'>nec</span> <span class='ocrx_word' id='word_1_66' title='bbox 1263 1249 1388 1283; x_wconf 91' lang='lat' dir='ltr'>cum</span> 
     </span>
     <span class='ocr_line' id='line_1_14' title="bbox 325 1303 1391 1370; baseline -0.001 -15"><span class='ocrx_word' id='word_1_67' title='bbox 325 1304 545 1356; x_wconf 85' lang='lat' dir='ltr'>Christo</span> <span class='ocrx_word' id='word_1_68' title='bbox 613 1305 841 1370; x_wconf 88' lang='lat' dir='ltr'>gaudere</span> <span class='ocrx_word' id='word_1_69' title='bbox 897 1306 1201 1357; x_wconf 86' lang='lat' dir='ltr'>voluerunt.</span> <span class='ocrx_word' id='word_1_70' title='bbox 1267 1303 1391 1355; x_wconf 90' lang='lat' dir='ltr'>Istis</span> 
     </span>
     <span class='ocr_line' id='line_1_15' title="bbox 325 1373 1389 1441; baseline -0.002 -15"><span class='ocrx_word' id='word_1_71' title='bbox 325 1374 523 1426; x_wconf 87' lang='lat' dir='ltr'>Judaeis</span> <span class='ocrx_word' id='word_1_72' title='bbox 563 1373 768 1424; x_wconf 89' lang='lat' dir='ltr'>similes</span> <span class='ocrx_word' id='word_1_73' title='bbox 809 1386 936 1426; x_wconf 90' lang='lat' dir='ltr'>sunt</span> <span class='ocrx_word' id='word_1_74' title='bbox 965 1375 1140 1435; x_wconf 88' lang='lat' dir='ltr'>multi,</span> <span class='ocrx_word' id='word_1_75' title='bbox 1169 1373 1264 1441; x_wconf 89' lang='lat' dir='ltr'>qui</span> <span class='ocrx_word' id='word_1_76' title='bbox 1293 1389 1389 1424; x_wconf 89' lang='lat' dir='ltr'>nec</span> 
     </span>
     <span class='ocr_line' id='line_1_16' title="bbox 326 1443 1392 1510; baseline -0.001 -15"><span class='ocrx_word' id='word_1_77' title='bbox 326 1443 570 1510; x_wconf 86' lang='lat' dir='ltr'>flagellis,</span> <span class='ocrx_word' id='word_1_78' title='bbox 617 1460 712 1494; x_wconf 91' lang='lat' dir='ltr'>nec</span> <span class='ocrx_word' id='word_1_79' title='bbox 754 1444 1047 1509; x_wconf 79' lang='lat' dir='ltr'>beneficiiS,</span> <span class='ocrx_word' id='word_1_80' title='bbox 1075 1460 1106 1496; x_wconf 89' lang='lat' dir='ltr'>a</span> <span class='ocrx_word' id='word_1_81' title='bbox 1132 1445 1274 1495; x_wconf 90' lang='lat' dir='ltr'>malo</span> <span class='ocrx_word' id='word_1_82' title='bbox 1303 1459 1392 1494; x_wconf 90' lang='lat' dir='ltr'>re·-</span> 
     </span>
     <span class='ocr_line' id='line_1_17' title="bbox 327 1515 1390 1584; baseline -0.004 -16"><span class='ocrx_word' id='word_1_83' title='bbox 327 1516 533 1575; x_wconf 85' lang='lat' dir='ltr'>vocari,</span> <span class='ocrx_word' id='word_1_84' title='bbox 588 1517 673 1566; x_wconf 83' lang='lat' dir='ltr'>vel</span> <span class='ocrx_word' id='word_1_85' title='bbox 719 1517 785 1566; x_wconf 91' lang='lat' dir='ltr'>ad</span> <span class='ocrx_word' id='word_1_86' title='bbox 855 1517 1058 1567; x_wconf 90' lang='lat' dir='ltr'>bonum</span> <span class='ocrx_word' id='word_1_87' title='bbox 1114 1515 1390 1584; x_wconf 86' lang='lat' dir='ltr'>provocari</span> 
     </span>
     <span class='ocr_line' id='line_1_18' title="bbox 328 1586 1392 1656; baseline -0.004 -16"><span class='ocrx_word' id='word_1_88' title='bbox 328 1598 576 1656; x_wconf 87' lang='lat' dir='ltr'>possunt,</span> <span class='ocrx_word' id='word_1_89' title='bbox 617 1597 669 1638; x_wconf 91' lang='lat' dir='ltr'>et</span> <span class='ocrx_word' id='word_1_90' title='bbox 728 1588 848 1639; x_wconf 91' lang='lat' dir='ltr'>ideo</span> <span class='ocrx_word' id='word_1_91' title='bbox 891 1604 1015 1638; x_wconf 90' lang='lat' dir='ltr'>cum</span> <span class='ocrx_word' id='word_1_92' title='bbox 1062 1586 1310 1654; x_wconf 91' lang='lat' dir='ltr'>superbis</span> <span class='ocrx_word' id='word_1_93' title='bbox 1338 1597 1392 1637; x_wconf 90' lang='lat' dir='ltr'>et</span> 
     </span>
     <span class='ocr_line' id='line_1_19' title="bbox 331 1659 1392 1729; baseline -0.004 -17"><span class='ocrx_word' id='word_1_94' title='bbox 331 1661 593 1729; x_wconf 87' lang='lat' dir='ltr'>perversis</span> <span class='ocrx_word' id='word_1_95' title='bbox 616 1661 641 1711; x_wconf 87' lang='lat' dir='ltr'>J</span> <span class='ocrx_word' id='word_1_96' title='bbox 650 1660 834 1720; x_wconf 87' lang='lat' dir='ltr'>udaeis,</span> <span class='ocrx_word' id='word_1_97' title='bbox 858 1660 912 1710; x_wconf 95' lang='lat' dir='ltr'>in</span> <span class='ocrx_word' id='word_1_98' title='bbox 934 1659 1201 1712; x_wconf 87' lang='lat' dir='ltr'>fasciculis</span> <span class='ocrx_word' id='word_1_99' title='bbox 1226 1659 1392 1710; x_wconf 89' lang='lat' dir='ltr'>simul</span> 
     </span>
     <span class='ocr_line' id='line_1_20' title="bbox 331 1730 1392 1797; baseline -0.003 -14"><span class='ocrx_word' id='word_1_100' title='bbox 331 1730 582 1797; x_wconf 88' lang='lat' dir='ltr'>colligati,</span> <span class='ocrx_word' id='word_1_101' title='bbox 611 1744 797 1796; x_wconf 85' lang='lat' dir='ltr'>poenas</span> <span class='ocrx_word' id='word_1_102' title='bbox 818 1730 1010 1781; x_wconf 89' lang='lat' dir='ltr'>merito</span> <span class='ocrx_word' id='word_1_103' title='bbox 1028 1730 1392 1781; x_wconf 89' lang='lat' dir='ltr'>sustinebunt.</span> 
     </span>
     <span class='ocr_line' id='line_1_21' title="bbox 328 1800 1395 1867; baseline -0.004 -12"><span class='ocrx_word' id='word_1_104' title='bbox 328 1803 410 1855; x_wconf 82' lang='lat' dir='ltr'>Et</span> <span class='ocrx_word' id='word_1_105' title='bbox 455 1803 578 1853; x_wconf 93' lang='lat' dir='ltr'>licet</span> <span class='ocrx_word' id='word_1_106' title='bbox 612 1800 884 1861; x_wconf 87' lang='lat' dir='ltr'>Christus,</span> <span class='ocrx_word' id='word_1_107' title='bbox 918 1801 1012 1867; x_wconf 91' lang='lat' dir='ltr'>qui</span> <span class='ocrx_word' id='word_1_108' title='bbox 1052 1811 1132 1852; x_wconf 89' lang='lat' dir='ltr'>est</span> <span class='ocrx_word' id='word_1_109' title='bbox 1162 1801 1395 1866; x_wconf 81' lang='lat' dir='ltr'>Sapien-</span> 
     </span>
     <span class='ocr_line' id='line_1_22' title="bbox 334 1872 1394 1940; baseline -0.003 -15"><span class='ocrx_word' id='word_1_110' title='bbox 334 1874 411 1926; x_wconf 83' lang='lat' dir='ltr'>tia</span> <span class='ocrx_word' id='word_1_111' title='bbox 457 1873 553 1925; x_wconf 88' lang='lat' dir='ltr'>Dei</span> <span class='ocrx_word' id='word_1_112' title='bbox 593 1872 787 1932; x_wconf 88' lang='lat' dir='ltr'>Patris,</span> <span class='ocrx_word' id='word_1_113' title='bbox 837 1874 908 1924; x_wconf 92' lang='lat' dir='ltr'>sit</span> <span class='ocrx_word' id='word_1_114' title='bbox 945 1873 1197 1940; x_wconf 86' lang='lat' dir='ltr'>praedicto</span> <span class='ocrx_word' id='word_1_115' title='bbox 1232 1873 1394 1923; x_wconf 90' lang='lat' dir='ltr'>modo</span> 
     </span>
     <span class='ocr_line' id='line_1_23' title="bbox 333 1945 1396 2014; baseline -0.004 -15"><span class='ocrx_word' id='word_1_116' title='bbox 333 1947 650 2014; x_wconf 90' lang='lat' dir='ltr'>reprobatus</span> <span class='ocrx_word' id='word_1_117' title='bbox 692 1960 723 1995; x_wconf 92' lang='lat' dir='ltr'>a</span> <span class='ocrx_word' id='word_1_118' title='bbox 753 1945 1005 1997; x_wconf 87' lang='lat' dir='ltr'>Phrisaeis</span> <span class='ocrx_word' id='word_1_119' title='bbox 1035 1956 1087 1996; x_wconf 92' lang='lat' dir='ltr'>et</span> <span class='ocrx_word' id='word_1_120' title='bbox 1114 1945 1396 2012; x_wconf 89' lang='lat' dir='ltr'>legisperi-</span> 
     </span>
     <span class='ocr_line' id='line_1_24' title="bbox 329 2016 1396 2084; baseline -0.002 -15"><span class='ocrx_word' id='word_1_121' title='bbox 329 2017 422 2079; x_wconf 82' lang='lat' dir='ltr'>tis,</span> <span class='ocrx_word' id='word_1_122' title='bbox 463 2017 557 2084; x_wconf 91' lang='lat' dir='ltr'>qui</span> <span class='ocrx_word' id='word_1_123' title='bbox 598 2016 695 2067; x_wconf 92' lang='lat' dir='ltr'>Dei</span> <span class='ocrx_word' id='word_1_124' title='bbox 741 2018 1031 2068; x_wconf 90' lang='lat' dir='ltr'>consilium</span> <span class='ocrx_word' id='word_1_125' title='bbox 1058 2027 1110 2068; x_wconf 94' lang='lat' dir='ltr'>et</span> <span class='ocrx_word' id='word_1_126' title='bbox 1140 2017 1264 2068; x_wconf 83' lang='lat' dir='ltr'>vitae</span> <span class='ocrx_word' id='word_1_127' title='bbox 1291 2017 1396 2067; x_wconf 92' lang='lat' dir='ltr'>do-</span> 
     </span>
     <span class='ocr_line' id='line_1_25' title="bbox 332 2090 1396 2157; baseline 0 -17"><span class='ocrx_word' id='word_1_128' title='bbox 332 2098 647 2140; x_wconf 88' lang='lat' dir='ltr'>cumentum</span> <span class='ocrx_word' id='word_1_129' title='bbox 697 2099 1028 2156; x_wconf 86' lang='lat' dir='ltr'>spreverunt,</span> <span class='ocrx_word' id='word_1_130' title='bbox 1070 2098 1252 2139; x_wconf 88' lang='lat' dir='ltr'>tamen</span> <span class='ocrx_word' id='word_1_131' title='bbox 1291 2090 1396 2157; x_wconf 83' lang='lat' dir='ltr'><em>ju·-</em></span> 
     </span>
     <span class='ocr_line' id='line_1_26' title="bbox 329 2160 1398 2229; baseline 0 -15"><span class='ocrx_word' id='word_1_132' title='bbox 329 2162 596 2229; x_wconf 80' lang='lat' dir='ltr'>stificatus</span> <span class='ocrx_word' id='word_1_133' title='bbox 652 2169 749 2228; x_wconf 89' lang='lat' dir='ltr'>est,</span> <span class='ocrx_word' id='word_1_134' title='bbox 813 2162 867 2212; x_wconf 91' lang='lat' dir='ltr'>id</span> <span class='ocrx_word' id='word_1_135' title='bbox 914 2171 994 2213; x_wconf 89' lang='lat' dir='ltr'>est</span> <span class='ocrx_word' id='word_1_136' title='bbox 1049 2160 1296 2229; x_wconf 86' lang='lat' dir='ltr'>cognitus</span> <span class='ocrx_word' id='word_1_137' title='bbox 1345 2172 1398 2214; x_wconf 90' lang='lat' dir='ltr'>et</span> 
     </span>
     <span class='ocr_line' id='line_1_27' title="bbox 328 2233 1398 2300; baseline -0.002 -15"><span class='ocrx_word' id='word_1_138' title='bbox 328 2235 708 2300; x_wconf 89' lang='lat' dir='ltr'>comprobatus</span> <span class='ocrx_word' id='word_1_139' title='bbox 737 2235 911 2300; x_wconf 90' lang='lat' dir='ltr'>justus</span> <span class='ocrx_word' id='word_1_140' title='bbox 959 2248 994 2284; x_wconf 85' lang='lat' dir='ltr'><strong><em>a</em></strong></span> <span class='ocrx_word' id='word_1_141' title='bbox 1009 2233 1153 2300; x_wconf 85' lang='lat' dir='ltr'>filiis</span> <span class='ocrx_word' id='word_1_142' title='bbox 1179 2234 1311 2299; x_wconf 74' lang='lat' dir='ltr'>suiS,</span> <span class='ocrx_word' id='word_1_143' title='bbox 1343 2234 1398 2283; x_wconf 91' lang='lat' dir='ltr'>id</span> 
     </span>
     <span class='ocr_line' id='line_1_28' title="bbox 329 2306 1396 2373; baseline -0.003 -14"><span class='ocrx_word' id='word_1_144' title='bbox 329 2317 412 2359; x_wconf 88' lang='lat' dir='ltr'>est</span> <span class='ocrx_word' id='word_1_145' title='bbox 435 2306 733 2373; x_wconf 79' lang='lat' dir='ltr'>discipuliS,</span> <span class='ocrx_word' id='word_1_146' title='bbox 763 2317 816 2358; x_wconf 90' lang='lat' dir='ltr'>et</span> <span class='ocrx_word' id='word_1_147' title='bbox 844 2307 911 2357; x_wconf 90' lang='lat' dir='ltr'>ab</span> <span class='ocrx_word' id='word_1_148' title='bbox 939 2306 1018 2357; x_wconf 92' lang='lat' dir='ltr'>eis</span> <span class='ocrx_word' id='word_1_149' title='bbox 1046 2306 1140 2373; x_wconf 90' lang='lat' dir='ltr'>qui</span> <span class='ocrx_word' id='word_1_150' title='bbox 1169 2321 1396 2373; x_wconf 86' lang='lat' dir='ltr'>regnum</span> 
     </span>
     <span class='ocr_line' id='line_1_29' title="bbox 328 2376 1397 2443; baseline -0.004 -13"><span class='ocrx_word' id='word_1_151' title='bbox 328 2379 586 2430; x_wconf 88' lang='lat' dir='ltr'>coelorum</span> <span class='ocrx_word' id='word_1_152' title='bbox 643 2378 766 2428; x_wconf 86' lang='lat' dir='ltr'>fidei</span> <span class='ocrx_word' id='word_1_153' title='bbox 826 2376 1198 2443; x_wconf 84' lang='lat' dir='ltr'>justificatione</span> <span class='ocrx_word' id='word_1_154' title='bbox 1257 2376 1397 2427; x_wconf 90' lang='lat' dir='ltr'>diri-</span> 
     </span>
     <span class='ocr_line' id='line_1_30' title="bbox 326 2447 1398 2517; baseline -0.003 -17"><span class='ocrx_word' id='word_1_155' title='bbox 326 2449 505 2515; x_wconf 88' lang='lat' dir='ltr'>piunt,</span> <span class='ocrx_word' id='word_1_156' title='bbox 547 2449 640 2517; x_wconf 89' lang='lat' dir='ltr'>qui</span> <span class='ocrx_word' id='word_1_157' title='bbox 708 2459 834 2500; x_wconf 91' lang='lat' dir='ltr'>sunt</span> <span class='ocrx_word' id='word_1_158' title='bbox 881 2448 980 2499; x_wconf 90' lang='lat' dir='ltr'>filii</span> <span class='ocrx_word' id='word_1_159' title='bbox 1046 2447 1251 2500; x_wconf 85' lang='lat' dir='ltr'>Christi</span> <span class='ocrx_word' id='word_1_160' title='bbox 1304 2463 1398 2513; x_wconf 90' lang='lat' dir='ltr'>per</span> 
     </span>
     <span class='ocr_line' id='line_1_31' title="bbox 327 2518 1397 2587; baseline -0.003 -17"><span class='ocrx_word' id='word_1_161' title='bbox 327 2519 693 2587; x_wconf 86' lang='lat' dir='ltr'>adoptionem,</span> <span class='ocrx_word' id='word_1_162' title='bbox 731 2518 1046 2570; x_wconf 84' lang='lat' dir='ltr'>confitentes</span> <span class='ocrx_word' id='word_1_163' title='bbox 1079 2520 1282 2584; x_wconf 84' lang='lat' dir='ltr'>justum</span> <span class='ocrx_word' id='word_1_164' title='bbox 1307 2534 1397 2568; x_wconf 92' lang='lat' dir='ltr'>sa-</span> 
     </span>
     <span class='ocr_line' id='line_1_32' title="bbox 328 2588 1396 2658; baseline -0.003 -19"><span class='ocrx_word' id='word_1_165' title='bbox 328 2590 546 2655; x_wconf 87' lang='lat' dir='ltr'>pientiae</span> <span class='ocrx_word' id='word_1_166' title='bbox 573 2607 729 2658; x_wconf 90' lang='lat' dir='ltr'>opus,</span> <span class='ocrx_word' id='word_1_167' title='bbox 759 2605 819 2642; x_wconf 90' lang='lat' dir='ltr'>ac</span> <span class='ocrx_word' id='word_1_168' title='bbox 853 2590 951 2641; x_wconf 92' lang='lat' dir='ltr'>Dei</span> <span class='ocrx_word' id='word_1_169' title='bbox 979 2588 1396 2654; x_wconf 88' lang='lat' dir='ltr'>dispositionem</span> 
     </span>
     <span class='ocr_line' id='line_1_33' title="bbox 326 2661 730 2712; baseline 0.005 -2"><span class='ocrx_word' id='word_1_170' title='bbox 326 2669 381 2710; x_wconf 87' lang='lat' dir='ltr'>et</span> <span class='ocrx_word' id='word_1_171' title='bbox 407 2661 730 2712; x_wconf 88' lang='lat' dir='ltr'>doctrinam.</span> 
     </span>
    </p>

    <p class='ocr_par' dir='ltr' id='par_1_3' title="bbox 327 2738 1406 4021">
     <span class='ocr_line' id='line_1_34' title="bbox 396 2738 1398 2792; baseline -0.004 -2"><span class='ocrx_word' id='word_1_172' title='bbox 396 2739 424 2789; x_wconf 88' lang='lat'><strong>5</strong></span> <span class='ocrx_word' id='word_1_173' title='bbox 455 2740 757 2791; x_wconf 72' lang='lat' dir='ltr'>varnrun</span> <span class='ocrx_word' id='word_1_174' title='bbox 783 2741 1060 2792; x_wconf 57' lang='lat' dir='ltr'>Conozam</span> <span class='ocrx_word' id='word_1_175' title='bbox 1081 2738 1398 2788; x_wconf 62' lang='lat' dir='ltr'>Barnsatnae:</span> 
     </span>
     <span class='ocr_line' id='line_1_35' title="bbox 329 2811 1396 2862; baseline -0.003 -1"><span class='ocrx_word' id='word_1_176' title='bbox 329 2825 398 2861; x_wconf 71' lang='grc' dir='ltr'>ετ</span> <span class='ocrx_word' id='word_1_177' title='bbox 478 2811 843 2862; x_wconf 67' lang='lat' dir='ltr'>CAPHARNAUM</span> <span class='ocrx_word' id='word_1_178' title='bbox 928 2824 1259 2859; x_wconf 66' lang='lat' dir='ltr'>menarum.</span> <span class='ocrx_word' id='word_1_179' title='bbox 1334 2837 1396 2846; x_wconf 95' lang='lat'>—</span> 
     </span>
     <span class='ocr_line' id='line_1_36' title="bbox 328 2879 1394 2945; baseline -0.001 -15"><span class='ocrx_word' id='word_1_180' title='bbox 328 2880 535 2931; x_wconf 85' lang='lat' dir='ltr'>Deinde</span> <span class='ocrx_word' id='word_1_181' title='bbox 564 2893 685 2945; x_wconf 82' lang='lat' dir='ltr'>post</span> <span class='ocrx_word' id='word_1_182' title='bbox 712 2895 1057 2932; x_wconf 89' lang='lat' dir='ltr'>communem</span> <span class='ocrx_word' id='word_1_183' title='bbox 1084 2879 1394 2930; x_wconf 85' lang='lat' dir='ltr'>Judaeorum</span> 
     </span>
     <span class='ocr_line' id='line_1_37' title="bbox 330 2952 1399 3019; baseline 0 -17"><span class='ocrx_word' id='word_1_184' title='bbox 330 2952 764 3018; x_wconf 87' lang='lat' dir='ltr'>increpationem,</span> <span class='ocrx_word' id='word_1_185' title='bbox 786 2954 940 3019; x_wconf 89' lang='lat' dir='ltr'>quasi</span> <span class='ocrx_word' id='word_1_186' title='bbox 964 2952 1288 3003; x_wconf 90' lang='lat' dir='ltr'>nominatim</span> <span class='ocrx_word' id='word_1_187' title='bbox 1320 2953 1399 3002; x_wconf 91' lang='lat' dir='ltr'>in-</span> 
     </span>
     <span class='ocr_line' id='line_1_38' title="bbox 331 3021 1398 3088; baseline 0 -16"><span class='ocrx_word' id='word_1_188' title='bbox 331 3032 510 3088; x_wconf 80' lang='lat' dir='ltr'>crepat</span> <span class='ocrx_word' id='word_1_189' title='bbox 550 3034 658 3073; x_wconf 90' lang='lat' dir='ltr'>tres</span> <span class='ocrx_word' id='word_1_190' title='bbox 697 3023 936 3073; x_wconf 87' lang='lat' dir='ltr'>civitates</span> <span class='ocrx_word' id='word_1_191' title='bbox 967 3022 1218 3085; x_wconf 86' lang='lat' dir='ltr'>Galilaeae,</span> <span class='ocrx_word' id='word_1_192' title='bbox 1267 3021 1398 3073; x_wconf 88' lang='lat' dir='ltr'>sitas</span> 
     </span>
     <span class='ocr_line' id='line_1_39' title="bbox 330 3091 1398 3158; baseline -0.002 -14"><span class='ocrx_word' id='word_1_193' title='bbox 330 3091 390 3145; x_wconf 88' lang='lat' dir='ltr'>in</span> <span class='ocrx_word' id='word_1_194' title='bbox 430 3093 610 3143; x_wconf 90' lang='lat' dir='ltr'>littore</span> <span class='ocrx_word' id='word_1_195' title='bbox 640 3094 784 3143; x_wconf 84' lang='lat' dir='ltr'>lacus</span> <span class='ocrx_word' id='word_1_196' title='bbox 812 3093 1158 3153; x_wconf 87' lang='lat' dir='ltr'>Genezareth‚</span> <span class='ocrx_word' id='word_1_197' title='bbox 1195 3092 1398 3158; x_wconf 89' lang='lat' dir='ltr'>quibus</span> 
     </span>
     <span class='ocr_line' id='line_1_40' title="bbox 327 3164 1400 3233; baseline -0.004 -15"><span class='ocrx_word' id='word_1_198' title='bbox 327 3166 629 3233; x_wconf 85' lang='lat' dir='ltr'>specialiter</span> <span class='ocrx_word' id='word_1_199' title='bbox 669 3166 1039 3232; x_wconf 70' lang='lat' dir='ltr'>praedicaverat</span> <span class='ocrx_word' id='word_1_200' title='bbox 1063 3174 1116 3217; x_wconf 90' lang='lat' dir='ltr'>et</span> <span class='ocrx_word' id='word_1_201' title='bbox 1163 3165 1258 3215; x_wconf 90' lang='lat' dir='ltr'>ubi</span> <span class='ocrx_word' id='word_1_202' title='bbox 1287 3164 1400 3214; x_wconf 89' lang='lat' dir='ltr'>mi-</span> 
     </span>
     <span class='ocr_line' id='line_1_41' title="bbox 329 3236 1397 3298; baseline -0.002 -9"><span class='ocrx_word' id='word_1_203' title='bbox 329 3240 508 3289; x_wconf 89' lang='lat' dir='ltr'>racula</span> <span class='ocrx_word' id='word_1_204' title='bbox 547 3238 758 3298; x_wconf 84' lang='lat' dir='ltr'>fecerat,</span> <span class='ocrx_word' id='word_1_205' title='bbox 801 3254 897 3288; x_wconf 90' lang='lat' dir='ltr'>nec</span> <span class='ocrx_word' id='word_1_206' title='bbox 942 3247 1121 3288; x_wconf 90' lang='lat' dir='ltr'>tamen</span> <span class='ocrx_word' id='word_1_207' title='bbox 1160 3236 1397 3288; x_wconf 84' lang='lat' dir='ltr'>converti</span> 
     </span>
     <span class='ocr_line' id='line_1_42' title="bbox 329 3308 1398 3375; baseline -0.001 -16"><span class='ocrx_word' id='word_1_208' title='bbox 329 3310 599 3360; x_wconf 83' lang='lat' dir='ltr'>volebant.</span> <span class='ocrx_word' id='word_1_209' title='bbox 636 3309 788 3359; x_wconf 86' lang='lat' dir='ltr'>Tunc</span> <span class='ocrx_word' id='word_1_210' title='bbox 812 3308 977 3368; x_wconf 87' lang='lat' dir='ltr'>enim,</span> <span class='ocrx_word' id='word_1_211' title='bbox 1008 3308 1213 3358; x_wconf 90' lang='lat' dir='ltr'>scilicet</span> <span class='ocrx_word' id='word_1_212' title='bbox 1240 3318 1398 3375; x_wconf 89' lang='lat' dir='ltr'>post-</span> 
     </span>
     <span class='ocr_line' id='line_1_43' title="bbox 329 3378 1397 3446; baseline -0.001 -17"><span class='ocrx_word' id='word_1_213' title='bbox 329 3394 495 3446; x_wconf 91' lang='lat' dir='ltr'>quam</span> <span class='ocrx_word' id='word_1_214' title='bbox 543 3378 838 3445; x_wconf 88' lang='lat' dir='ltr'>increpavit</span> <span class='ocrx_word' id='word_1_215' title='bbox 879 3379 1090 3429; x_wconf 87' lang='lat' dir='ltr'>Judaeos</span> <span class='ocrx_word' id='word_1_216' title='bbox 1137 3378 1194 3429; x_wconf 91' lang='lat' dir='ltr'>in</span> <span class='ocrx_word' id='word_1_217' title='bbox 1241 3394 1397 3429; x_wconf 90' lang='lat' dir='ltr'>corn-</span> 
     </span>
     <span class='ocr_line' id='line_1_44' title="bbox 329 3449 1399 3516; baseline -0.001 -16"><span class='ocrx_word' id='word_1_218' title='bbox 329 3450 503 3511; x_wconf 88' lang='lat' dir='ltr'>muni,</span> <span class='ocrx_word' id='word_1_219' title='bbox 534 3461 585 3500; x_wconf 87' lang='lat' dir='ltr'>et</span> <span class='ocrx_word' id='word_1_220' title='bbox 616 3450 751 3500; x_wconf 88' lang='lat' dir='ltr'>vidit</span> <span class='ocrx_word' id='word_1_221' title='bbox 776 3464 872 3499; x_wconf 88' lang='lat' dir='ltr'>eos</span> <span class='ocrx_word' id='word_1_222' title='bbox 889 3449 1208 3510; x_wconf 89' lang='lat' dir='ltr'>obstinatos,</span> <span class='ocrx_word' id='word_1_223' title='bbox 1238 3450 1399 3516; x_wconf 82' lang='lat' dir='ltr'>coepit</span> 
     </span>
     <span class='ocr_line' id='line_1_45' title="bbox 331 3521 1396 3588; baseline -0.002 -14"><span class='ocrx_word' id='word_1_224' title='bbox 331 3522 389 3574; x_wconf 85' lang='lat' dir='ltr'>in</span> <span class='ocrx_word' id='word_1_225' title='bbox 437 3522 649 3588; x_wconf 89' lang='lat' dir='ltr'>speciali</span> <span class='ocrx_word' id='word_1_226' title='bbox 694 3521 1050 3587; x_wconf 81' lang='lat' dir='ltr'>exprobrare,</span> <span class='ocrx_word' id='word_1_227' title='bbox 1099 3521 1154 3571; x_wconf 88' lang='lat' dir='ltr'>id</span> <span class='ocrx_word' id='word_1_228' title='bbox 1198 3530 1280 3572; x_wconf 87' lang='lat' dir='ltr'>est</span> <span class='ocrx_word' id='word_1_229' title='bbox 1327 3521 1396 3572; x_wconf 91' lang='lat' dir='ltr'>ad</span> 
     </span>
     <span class='ocr_line' id='line_1_46' title="bbox 330 3593 1400 3659; baseline -0.004 -12"><span class='ocrx_word' id='word_1_230' title='bbox 330 3595 556 3647; x_wconf 82' lang='lat' dir='ltr'>modum</span> <span class='ocrx_word' id='word_1_231' title='bbox 604 3593 977 3659; x_wconf 83' lang='lat' dir='ltr'>exprobrantis</span> <span class='ocrx_word' id='word_1_232' title='bbox 1025 3593 1165 3643; x_wconf 91' lang='lat' dir='ltr'>mala</span> <span class='ocrx_word' id='word_1_233' title='bbox 1222 3593 1400 3644; x_wconf 88' lang='lat' dir='ltr'>futura</span> 
     </span>
     <span class='ocr_line' id='line_1_47' title="bbox 330 3664 1400 3732; baseline -0.003 -15"><span class='ocrx_word' id='word_1_234' title='bbox 330 3666 614 3732; x_wconf 84' lang='lat' dir='ltr'>praedicere</span> <span class='ocrx_word' id='word_1_235' title='bbox 640 3664 962 3728; x_wconf 81' lang='lat' dir='ltr'>civitatibus,</span> <span class='ocrx_word' id='word_1_236' title='bbox 990 3665 1045 3715; x_wconf 83' lang='lat' dir='ltr'>in</span> <span class='ocrx_word' id='word_1_237' title='bbox 1073 3666 1265 3731; x_wconf 82' lang='lat' dir='ltr'>quibus</span> <span class='ocrx_word' id='word_1_238' title='bbox 1291 3664 1400 3730; x_wconf 85' lang='lat' dir='ltr'><strong><em>sa·-</em></strong></span> 
     </span>
     <span class='ocr_line' id='line_1_48' title="bbox 329 3736 1401 3805; baseline -0.003 -15"><span class='ocrx_word' id='word_1_239' title='bbox 329 3745 435 3790; x_wconf 83' lang='lat' dir='ltr'>ctae</span> <span class='ocrx_word' id='word_1_240' title='bbox 466 3746 588 3790; x_wconf 84' lang='lat' dir='ltr'>sunt</span> <span class='ocrx_word' id='word_1_241' title='bbox 621 3738 877 3805; x_wconf 82' lang='lat' dir='ltr'>plurimae</span> <span class='ocrx_word' id='word_1_242' title='bbox 913 3737 1139 3788; x_wconf 78' lang='lat' dir='ltr'>virtutes</span> <span class='ocrx_word' id='word_1_243' title='bbox 1169 3736 1304 3804; x_wconf 83' lang='lat' dir='ltr'>ejus,</span> <span class='ocrx_word' id='word_1_244' title='bbox 1338 3747 1401 3787; x_wconf 88' lang='lat' dir='ltr'>ut</span> 
     </span>
     <span class='ocr_line' id='line_1_49' title="bbox 329 3809 1402 3878; baseline -0.004 -15"><span class='ocrx_word' id='word_1_245' title='bbox 329 3811 519 3863; x_wconf 87' lang='lat' dir='ltr'>saltem</span> <span class='ocrx_word' id='word_1_246' title='bbox 548 3828 775 3878; x_wconf 92' lang='lat' dir='ltr'>operum</span> <span class='ocrx_word' id='word_1_247' title='bbox 806 3809 1165 3876; x_wconf 85' lang='lat' dir='ltr'>magnitudini</span> <span class='ocrx_word' id='word_1_248' title='bbox 1189 3819 1242 3862; x_wconf 88' lang='lat' dir='ltr'>et</span> <span class='ocrx_word' id='word_1_249' title='bbox 1265 3810 1402 3860; x_wconf 89' lang='lat' dir='ltr'>mul-</span> 
     </span>
     <span class='ocr_line' id='line_1_50' title="bbox 330 3880 1403 3947; baseline -0.002 -14"><span class='ocrx_word' id='word_1_250' title='bbox 330 3881 553 3933; x_wconf 89' lang='lat' dir='ltr'>titudini</span> <span class='ocrx_word' id='word_1_251' title='bbox 608 3884 912 3946; x_wconf 86' lang='lat' dir='ltr'>crederent;</span> <span class='ocrx_word' id='word_1_252' title='bbox 941 3881 1068 3947; x_wconf 80' lang='lat' dir='ltr'>quia</span> <span class='ocrx_word' id='word_1_253' title='bbox 1097 3896 1200 3932; x_wconf 90' lang='lat' dir='ltr'>non</span> <span class='ocrx_word' id='word_1_254' title='bbox 1244 3880 1403 3947; x_wconf 79' lang='lat' dir='ltr'>egis-</span> 
     </span>
     <span class='ocr_line' id='line_1_51' title="bbox 331 3953 1406 4021; baseline -0.003 -14"><span class='ocrx_word' id='word_1_255' title='bbox 331 3961 451 4007; x_wconf 84' lang='lat' dir='ltr'>sent</span> <span class='ocrx_word' id='word_1_256' title='bbox 489 3955 873 4021; x_wconf 68' lang='lat' dir='ltr'>poenitentiam.</span> <span class='ocrx_word' id='word_1_257' title='bbox 919 3953 1089 4016; x_wconf 83' lang='lat' dir='ltr'>Quasi</span> <span class='ocrx_word' id='word_1_258' title='bbox 1123 3954 1262 4007; x_wconf 85' lang='lat' dir='ltr'>dicat</span> <span class='ocrx_word' id='word_1_259' title='bbox 1290 3971 1305 4004; x_wconf 76' lang='lat' dir='ltr'><strong><em>z</em></strong></span> <span class='ocrx_word' id='word_1_260' title='bbox 1332 3953 1406 4005; x_wconf 86' lang='lat' dir='ltr'>Et</span> 
     </span>
    </p>
   </div>
   <div class='ocr_carea' id='block_1_3' title="bbox 921 314 1903 391">
    <p class='ocr_par' dir='ltr' id='par_1_4' title="bbox 921 314 1903 391">
     <span class='ocr_line' id='line_1_52' title="bbox 921 314 1903 391; baseline 0.006 -6"><span class='ocrx_word' id='word_1_261' title='bbox 921 336 1160 387; x_wconf 77' lang='lat' dir='ltr'>PmMAE</span> <span class='ocrx_word' id='word_1_262' title='bbox 1195 337 1443 389; x_wconf 79' lang='lat' dir='ltr'>PARTIS</span> <span class='ocrx_word' id='word_1_263' title='bbox 1474 314 1712 390; x_wconf 70' lang='lat' dir='ltr'>cAPUT</span> <span class='ocrx_word' id='word_1_264' title='bbox 1744 339 1903 391; x_wconf 80' lang='lat' dir='ltr'>Lvn.</span> 
     </span>
    </p>
   </div>
   <div class='ocr_carea' id='block_1_4' title="bbox 1487 461 2591 4012">
    <p class='ocr_par' dir='ltr' id='par_1_5' title="bbox 1487 461 2591 4012">
     <span class='ocr_line' id='line_1_53' title="bbox 1488 461 2566 517; baseline 0.005 -5"><span class='ocrx_word' id='word_1_265' title='bbox 1488 461 1785 513; x_wconf 87' lang='lat' dir='ltr'>doctrinam</span> <span class='ocrx_word' id='word_1_266' title='bbox 1837 465 2123 516; x_wconf 89' lang='lat' dir='ltr'>audierunt</span> <span class='ocrx_word' id='word_1_267' title='bbox 2196 474 2270 515; x_wconf 87' lang='lat' dir='ltr'>et·</span> <span class='ocrx_word' id='word_1_268' title='bbox 2297 467 2566 517; x_wconf 87' lang='lat' dir='ltr'>miracula</span> 
     </span>
     <span class='ocr_line' id='line_1_54' title="bbox 1487 532 2570 594; baseline 0.005 -11"><span class='ocrx_word' id='word_1_269' title='bbox 1487 532 1752 594; x_wconf 78' lang='lat' dir='ltr'>viderunt,</span> <span class='ocrx_word' id='word_1_270' title='bbox 1788 545 1841 585; x_wconf 89' lang='lat' dir='ltr'>et</span> <span class='ocrx_word' id='word_1_271' title='bbox 1885 544 2065 586; x_wconf 90' lang='lat' dir='ltr'>tamen</span> <span class='ocrx_word' id='word_1_272' title='bbox 2110 537 2322 587; x_wconf 89' lang='lat' dir='ltr'>credere</span> <span class='ocrx_word' id='word_1_273' title='bbox 2375 538 2570 587; x_wconf 87' lang='lat' dir='ltr'>nolue-</span> 
     </span>
     <span class='ocr_line' id='line_1_55' title="bbox 1491 606 2567 672; baseline 0.001 -17"><span class='ocrx_word' id='word_1_274' title='bbox 1491 614 1637 665; x_wconf 88' lang='lat' dir='ltr'>runt,</span> <span class='ocrx_word' id='word_1_275' title='bbox 1691 606 1784 656; x_wconf 89' lang='lat' dir='ltr'>sed</span> <span class='ocrx_word' id='word_1_276' title='bbox 1825 607 2032 672; x_wconf 85' lang='lat' dir='ltr'>pejores</span> <span class='ocrx_word' id='word_1_277' title='bbox 2055 606 2307 672; x_wconf 86' lang='lat' dir='ltr'>gentibus</span> <span class='ocrx_word' id='word_1_278' title='bbox 2336 622 2567 657; x_wconf 88' lang='lat' dir='ltr'>reman-</span> 
     </span>
     <span class='ocr_line' id='line_1_56' title="bbox 1490 677 2568 743; baseline 0.003 -18"><span class='ocrx_word' id='word_1_279' title='bbox 1490 685 1695 727; x_wconf 90' lang='lat' dir='ltr'>serunt.</span> <span class='ocrx_word' id='word_1_280' title='bbox 1739 677 2035 743; x_wconf 89' lang='lat' dir='ltr'>Exprobrat</span> <span class='ocrx_word' id='word_1_281' title='bbox 2061 677 2139 728; x_wconf 90' lang='lat' dir='ltr'>eis</span> <span class='ocrx_word' id='word_1_282' title='bbox 2178 678 2449 728; x_wconf 88' lang='lat' dir='ltr'>Dominus</span> <span class='ocrx_word' id='word_1_283' title='bbox 2491 677 2568 728; x_wconf 93' lang='lat' dir='ltr'>ad</span> 
     </span>
     <span class='ocr_line' id='line_1_57' title="bbox 1490 747 2575 799; baseline 0.002 -2"><span class='ocrx_word' id='word_1_284' title='bbox 1490 747 1877 798; x_wconf 89' lang='lat' dir='ltr'>correctionem</span> <span class='ocrx_word' id='word_1_285' title='bbox 1940 756 1991 798; x_wconf 89' lang='lat' dir='ltr'>et</span> <span class='ocrx_word' id='word_1_286' title='bbox 2059 748 2420 799; x_wconf 90' lang='lat' dir='ltr'>comminatur</span> <span class='ocrx_word' id='word_1_287' title='bbox 2478 748 2575 799; x_wconf 84' lang='lat' dir='ltr'>eis</span> 
     </span>
     <span class='ocr_line' id='line_1_58' title="bbox 1490 817 2572 882; baseline 0.003 -15"><span class='ocrx_word' id='word_1_288' title='bbox 1490 831 1589 880; x_wconf 66' lang='grc' dir='ltr'>νοτ,</span> <span class='ocrx_word' id='word_1_289' title='bbox 1629 817 1683 867; x_wconf 92' lang='lat' dir='ltr'>id</span> <span class='ocrx_word' id='word_1_290' title='bbox 1716 827 1797 868; x_wconf 90' lang='lat' dir='ltr'>est</span> <span class='ocrx_word' id='word_1_291' title='bbox 1837 828 2086 869; x_wconf 88' lang='lat' dir='ltr'>aeternam</span> <span class='ocrx_word' id='word_1_292' title='bbox 2129 818 2572 882; x_wconf 87' lang='lat' dir='ltr'>damnationem,</span> 
     </span>
     <span class='ocr_line' id='line_1_59' title="bbox 1491 887 2575 956; baseline 0.004 -20"><span class='ocrx_word' id='word_1_293' title='bbox 1491 887 1827 954; x_wconf 87' lang='lat' dir='ltr'>praedicendo</span> <span class='ocrx_word' id='word_1_294' title='bbox 1866 897 2109 949; x_wconf 83' lang='lat' dir='ltr'>ventura,</span> <span class='ocrx_word' id='word_1_295' title='bbox 2166 905 2275 940; x_wconf 89' lang='lat' dir='ltr'>non</span> <span class='ocrx_word' id='word_1_296' title='bbox 2320 890 2575 956; x_wconf 88' lang='lat' dir='ltr'>optando</span> 
     </span>
     <span class='ocr_line' id='line_1_60' title="bbox 1492 957 2575 1021; baseline 0.002 -14"><span class='ocrx_word' id='word_1_297' title='bbox 1492 958 1657 1021; x_wconf 78' lang='lat' dir='ltr'>mala3</span> <span class='ocrx_word' id='word_1_298' title='bbox 1689 957 1828 1008; x_wconf 90' lang='lat' dir='ltr'>sicut</span> <span class='ocrx_word' id='word_1_299' title='bbox 1861 967 1915 1008; x_wconf 92' lang='lat' dir='ltr'>et</span> <span class='ocrx_word' id='word_1_300' title='bbox 1949 974 2075 1008; x_wconf 91' lang='lat' dir='ltr'>cum</span> <span class='ocrx_word' id='word_1_301' title='bbox 2119 959 2314 1009; x_wconf 89' lang='lat' dir='ltr'>dicitur</span> <span class='ocrx_word' id='word_1_302' title='bbox 2340 976 2355 1009; x_wconf 73' lang='grc' dir='ltr'>ε</span> <span class='ocrx_word' id='word_1_303' title='bbox 2385 959 2575 1009; x_wconf 82' lang='lat' dir='ltr'>Male-</span> 
     </span>
     <span class='ocr_line' id='line_1_61' title="bbox 1490 1028 2573 1095; baseline 0.002 -17"><span class='ocrx_word' id='word_1_304' title='bbox 1490 1028 1665 1078; x_wconf 90' lang='lat' dir='ltr'>dicam</span> <span class='ocrx_word' id='word_1_305' title='bbox 1696 1028 1823 1089; x_wconf 91' lang='lat' dir='ltr'>illis,</span> <span class='ocrx_word' id='word_1_306' title='bbox 1866 1028 1960 1095; x_wconf 90' lang='lat' dir='ltr'>qui</span> <span class='ocrx_word' id='word_1_307' title='bbox 2004 1029 2323 1080; x_wconf 90' lang='lat' dir='ltr'>maledicent</span> <span class='ocrx_word' id='word_1_308' title='bbox 2351 1028 2474 1089; x_wconf 87' lang='lat' dir='ltr'>tibi,</span> <span class='ocrx_word' id='word_1_309' title='bbox 2509 1028 2573 1079; x_wconf 90' lang='lat' dir='ltr'>id</span> 
     </span>
     <span class='ocr_line' id='line_1_62' title="bbox 1491 1099 2575 1166; baseline 0.002 -17"><span class='ocrx_word' id='word_1_310' title='bbox 1491 1109 1571 1150; x_wconf 91' lang='lat' dir='ltr'>est</span> <span class='ocrx_word' id='word_1_311' title='bbox 1617 1099 1712 1166; x_wconf 91' lang='lat' dir='ltr'>qui</span> <span class='ocrx_word' id='word_1_312' title='bbox 1758 1100 1896 1151; x_wconf 90' lang='lat' dir='ltr'>male</span> <span class='ocrx_word' id='word_1_313' title='bbox 1944 1099 2156 1160; x_wconf 81' lang='lat' dir='ltr'>facient,</span> <span class='ocrx_word' id='word_1_314' title='bbox 2203 1100 2445 1166; x_wconf 88' lang='lat' dir='ltr'>infligam</span> <span class='ocrx_word' id='word_1_315' title='bbox 2483 1099 2575 1151; x_wconf 85' lang='lat' dir='ltr'>eis</span> 
     </span>
     <span class='ocr_line' id='line_1_63' title="bbox 1492 1169 2576 1237; baseline 0.002 -18"><span class='ocrx_word' id='word_1_316' title='bbox 1492 1185 1721 1237; x_wconf 86' lang='lat' dir='ltr'>poenam.</span> <span class='ocrx_word' id='word_1_317' title='bbox 1771 1170 2072 1221; x_wconf 89' lang='lat' dir='ltr'>Maledictio</span> <span class='ocrx_word' id='word_1_318' title='bbox 2114 1169 2263 1222; x_wconf 91' lang='lat' dir='ltr'>enim</span> <span class='ocrx_word' id='word_1_319' title='bbox 2315 1171 2373 1221; x_wconf 89' lang='lat' dir='ltr'>in</span> <span class='ocrx_word' id='word_1_320' title='bbox 2407 1171 2576 1221; x_wconf 89' lang='lat' dir='ltr'>Scri-</span> 
     </span>
     <span class='ocr_line' id='line_1_64' title="bbox 1492 1243 2577 1310; baseline 0.001 -17"><span class='ocrx_word' id='word_1_321' title='bbox 1492 1253 1647 1310; x_wconf 89' lang='lat' dir='ltr'>ptura</span> <span class='ocrx_word' id='word_1_322' title='bbox 1694 1257 1840 1294; x_wconf 89' lang='lat' dir='ltr'>sacra</span> <span class='ocrx_word' id='word_1_323' title='bbox 1885 1259 2166 1310; x_wconf 89' lang='lat' dir='ltr'>nunquam</span> <span class='ocrx_word' id='word_1_324' title='bbox 2226 1252 2307 1294; x_wconf 91' lang='lat' dir='ltr'>est</span> <span class='ocrx_word' id='word_1_325' title='bbox 2355 1243 2577 1309; x_wconf 85' lang='lat' dir='ltr'>impre-</span> 
     </span>
     <span class='ocr_line' id='line_1_65' title="bbox 1492 1311 2581 1379; baseline -0.002 -15"><span class='ocrx_word' id='word_1_326' title='bbox 1492 1312 1689 1373; x_wconf 88' lang='lat' dir='ltr'>cativa‚</span> <span class='ocrx_word' id='word_1_327' title='bbox 1762 1313 1854 1363; x_wconf 92' lang='lat' dir='ltr'>sed</span> <span class='ocrx_word' id='word_1_328' title='bbox 1932 1314 2260 1379; x_wconf 87' lang='lat' dir='ltr'>prophetica.</span> <span class='ocrx_word' id='word_1_329' title='bbox 2323 1313 2431 1364; x_wconf 91' lang='lat' dir='ltr'>Ubi</span> <span class='ocrx_word' id='word_1_330' title='bbox 2493 1311 2581 1364; x_wconf 88' lang='lat' dir='ltr'>ait</span> 
     </span>
     <span class='ocr_line' id='line_1_66' title="bbox 1495 1383 2578 1452; baseline -0.003 -17"><span class='ocrx_word' id='word_1_331' title='bbox 1495 1383 1918 1452; x_wconf 75' lang='lat' dir='ltr'>chrysostomus</span> <span class='ocrx_word' id='word_1_332' title='bbox 1955 1401 1973 1434; x_wconf 90' lang='lat'>.·</span> <span class='ocrx_word' id='word_1_333' title='bbox 2010 1403 2034 1430; x_wconf 72' lang='grc' dir='ltr'>ι</span> <span class='ocrx_word' id='word_1_334' title='bbox 2086 1384 2339 1449; x_wconf 84' lang='lat' dir='ltr'>Deplorat</span> <span class='ocrx_word' id='word_1_335' title='bbox 2380 1391 2578 1433; x_wconf 87' lang='lat' dir='ltr'>autem</span> 
     </span>
     <span class='ocr_line' id='line_1_67' title="bbox 1495 1453 2577 1520; baseline -0.003 -14"><span class='ocrx_word' id='word_1_336' title='bbox 1495 1453 1780 1515; x_wconf 89' lang='lat' dir='ltr'>Dominus,</span> <span class='ocrx_word' id='word_1_337' title='bbox 1827 1454 1893 1503; x_wconf 89' lang='lat' dir='ltr'>ad</span> <span class='ocrx_word' id='word_1_338' title='bbox 1939 1464 2186 1505; x_wconf 90' lang='lat' dir='ltr'>nostrum</span> <span class='ocrx_word' id='word_1_339' title='bbox 2232 1455 2577 1520; x_wconf 87' lang='lat' dir='ltr'>exemplum,</span> 
     </span>
     <span class='ocr_line' id='line_1_68' title="bbox 1495 1523 2582 1591; baseline -0.003 -15"><span class='ocrx_word' id='word_1_340' title='bbox 1495 1540 1558 1576; x_wconf 89' lang='lat' dir='ltr'>eo</span> <span class='ocrx_word' id='word_1_341' title='bbox 1608 1524 1755 1591; x_wconf 90' lang='lat' dir='ltr'>quod</span> <span class='ocrx_word' id='word_1_342' title='bbox 1809 1523 2000 1574; x_wconf 88' lang='lat' dir='ltr'>effusio</span> <span class='ocrx_word' id='word_1_343' title='bbox 2078 1526 2439 1590; x_wconf 86' lang='lat' dir='ltr'>lacrymarum</span> <span class='ocrx_word' id='word_1_344' title='bbox 2518 1532 2582 1573; x_wconf 85' lang='lat' dir='ltr'>et</span> 
     </span>
     <span class='ocr_line' id='line_1_69' title="bbox 1494 1594 2579 1663; baseline -0.003 -16"><span class='ocrx_word' id='word_1_345' title='bbox 1494 1596 1726 1663; x_wconf 88' lang='lat' dir='ltr'>gemitus</span> <span class='ocrx_word' id='word_1_346' title='bbox 1797 1609 2012 1645; x_wconf 91' lang='lat' dir='ltr'>amarus</span> <span class='ocrx_word' id='word_1_347' title='bbox 2068 1610 2230 1660; x_wconf 89' lang='lat' dir='ltr'>super</span> <span class='ocrx_word' id='word_1_348' title='bbox 2287 1594 2579 1661; x_wconf 74' lang='lat' dir='ltr'>patienteS,</span> 
     </span>
     <span class='ocr_line' id='line_1_70' title="bbox 1495 1666 2585 1727; baseline -0.002 -9"><span class='ocrx_word' id='word_1_349' title='bbox 1495 1667 1957 1719; x_wconf 90' lang='lat' dir='ltr'>insensibilitatem</span> <span class='ocrx_word' id='word_1_350' title='bbox 1995 1667 2217 1727; x_wconf 90' lang='lat' dir='ltr'>doloris,</span> <span class='ocrx_word' id='word_1_351' title='bbox 2249 1682 2360 1717; x_wconf 91' lang='lat' dir='ltr'>non</span> <span class='ocrx_word' id='word_1_352' title='bbox 2389 1666 2585 1716; x_wconf 90' lang='lat' dir='ltr'>modi-</span> 
     </span>
     <span class='ocr_line' id='line_1_71' title="bbox 1497 1738 2582 1792; baseline -0.003 -1"><span class='ocrx_word' id='word_1_353' title='bbox 1497 1757 1623 1792; x_wconf 91' lang='lat' dir='ltr'>cum</span> <span class='ocrx_word' id='word_1_354' title='bbox 1665 1740 1968 1790; x_wconf 86' lang='lat' dir='ltr'>antidotum</span> <span class='ocrx_word' id='word_1_355' title='bbox 1997 1749 2077 1791; x_wconf 89' lang='lat' dir='ltr'>est</span> <span class='ocrx_word' id='word_1_356' title='bbox 2104 1750 2157 1790; x_wconf 91' lang='lat' dir='ltr'>et</span> <span class='ocrx_word' id='word_1_357' title='bbox 2184 1740 2250 1790; x_wconf 92' lang='lat' dir='ltr'>ad</span> <span class='ocrx_word' id='word_1_358' title='bbox 2275 1738 2582 1791; x_wconf 87' lang='lat' dir='ltr'>correctio-</span> 
     </span>
     <span class='ocr_line' id='line_1_72' title="bbox 1499 1811 2579 1877; baseline -0.002 -14"><span class='ocrx_word' id='word_1_359' title='bbox 1499 1828 1623 1863; x_wconf 90' lang='lat' dir='ltr'>nem</span> <span class='ocrx_word' id='word_1_360' title='bbox 1670 1811 1992 1877; x_wconf 90' lang='lat' dir='ltr'>patientium</span> <span class='ocrx_word' id='word_1_361' title='bbox 2038 1822 2090 1863; x_wconf 90' lang='lat' dir='ltr'>et</span> <span class='ocrx_word' id='word_1_362' title='bbox 2135 1812 2202 1863; x_wconf 90' lang='lat' dir='ltr'>ad</span> <span class='ocrx_word' id='word_1_363' title='bbox 2266 1811 2579 1862; x_wconf 88' lang='lat' dir='ltr'>remedium</span> 
     </span>
     <span class='ocr_line' id='line_1_73' title="bbox 1498 1880 2582 1950; baseline -0.003 -16"><span class='ocrx_word' id='word_1_364' title='bbox 1498 1882 1970 1950; x_wconf 86' lang='lat' dir='ltr'>ingemiscentium</span> <span class='ocrx_word' id='word_1_365' title='bbox 2020 1897 2183 1948; x_wconf 91' lang='lat' dir='ltr'>super</span> <span class='ocrx_word' id='word_1_366' title='bbox 2222 1897 2314 1932; x_wconf 89' lang='lat' dir='ltr'>eos</span> <span class='ocrx_word' id='word_1_367' title='bbox 2340 1898 2355 1932; x_wconf 71' lang='grc' dir='ltr'>ε</span> <span class='ocrx_word' id='word_1_368' title='bbox 2385 1900 2413 1929; x_wconf 69' lang='lat'>2»</span> <span class='ocrx_word' id='word_1_369' title='bbox 2453 1880 2582 1931; x_wconf 83' lang='lat' dir='ltr'>haec</span> 
     </span>
     <span class='ocr_line' id='line_1_74' title="bbox 1501 1954 2578 2024; baseline -0.003 -18"><span class='ocrx_word' id='word_1_370' title='bbox 1501 1956 1942 2024; x_wconf 81' lang='lat' dir='ltr'>Chrysostomus.</span> <span class='ocrx_word' id='word_1_371' title='bbox 1995 1956 2142 2006; x_wconf 88' lang='lat' dir='ltr'>Dicit</span> <span class='ocrx_word' id='word_1_372' title='bbox 2205 1970 2333 2021; x_wconf 87' lang='lat' dir='ltr'>ergo</span> <span class='ocrx_word' id='word_1_373' title='bbox 2372 1971 2387 2004; x_wconf 71' lang='grc' dir='ltr'>ε</span> <span class='ocrx_word' id='word_1_374' title='bbox 2448 1954 2578 2016; x_wconf 83' lang='lat' dir='ltr'>Vae,</span> 
     </span>
     <span class='ocr_line' id='line_1_75' title="bbox 1500 2023 2583 2076; baseline -0.004 0"><span class='ocrx_word' id='word_1_375' title='bbox 1500 2026 1701 2076; x_wconf 91' lang='lat' dir='ltr'>scilicet</span> <span class='ocrx_word' id='word_1_376' title='bbox 1728 2025 2092 2076; x_wconf 88' lang='lat' dir='ltr'>damnationis</span> <span class='ocrx_word' id='word_1_377' title='bbox 2134 2034 2341 2076; x_wconf 88' lang='lat' dir='ltr'>aeternae</span> <span class='ocrx_word' id='word_1_378' title='bbox 2377 2023 2583 2074; x_wconf 89' lang='lat' dir='ltr'>immi-</span> 
     </span>
     <span class='ocr_line' id='line_1_76' title="bbox 1504 2098 2582 2166; baseline -0.003 -16"><span class='ocrx_word' id='word_1_379' title='bbox 1504 2110 1594 2150; x_wconf 88' lang='lat' dir='ltr'>net</span> <span class='ocrx_word' id='word_1_380' title='bbox 1648 2099 1768 2162; x_wconf 77' lang='lat' dir='ltr'>tibi,</span> <span class='ocrx_word' id='word_1_381' title='bbox 1806 2098 2128 2166; x_wconf 66' lang='lat' dir='ltr'>Corozaim‚</span> <span class='ocrx_word' id='word_1_382' title='bbox 2190 2113 2357 2164; x_wconf 89' lang='lat' dir='ltr'>prope</span> <span class='ocrx_word' id='word_1_383' title='bbox 2406 2112 2582 2164; x_wconf 89' lang='lat' dir='ltr'>quam</span> 
     </span>
     <span class='ocr_line' id='line_1_77' title="bbox 1501 2169 2583 2237; baseline -0.004 -13"><span class='ocrx_word' id='word_1_384' title='bbox 1501 2172 1773 2224; x_wconf 88' lang='lat' dir='ltr'>civitatem</span> <span class='ocrx_word' id='word_1_385' title='bbox 1823 2170 2073 2222; x_wconf 90' lang='lat' dir='ltr'>Jordanis</span> <span class='ocrx_word' id='word_1_386' title='bbox 2100 2169 2398 2237; x_wconf 88' lang='lat' dir='ltr'>ingreditur</span> <span class='ocrx_word' id='word_1_387' title='bbox 2424 2184 2583 2221; x_wconf 87' lang='lat' dir='ltr'>mare</span> 
     </span>
     <span class='ocr_line' id='line_1_78' title="bbox 1503 2242 2584 2310; baseline -0.004 -14"><span class='ocrx_word' id='word_1_388' title='bbox 1503 2245 1753 2305; x_wconf 79' lang='lat' dir='ltr'>Galilaeae,</span> <span class='ocrx_word' id='word_1_389' title='bbox 1797 2253 1850 2295; x_wconf 88' lang='lat' dir='ltr'>et</span> <span class='ocrx_word' id='word_1_390' title='bbox 1885 2244 1944 2294; x_wconf 88' lang='lat' dir='ltr'>in</span> <span class='ocrx_word' id='word_1_391' title='bbox 1981 2259 2090 2310; x_wconf 87' lang='lat' dir='ltr'>qua</span> <span class='ocrx_word' id='word_1_392' title='bbox 2120 2242 2388 2294; x_wconf 90' lang='lat' dir='ltr'>nutrietur</span> <span class='ocrx_word' id='word_1_393' title='bbox 2411 2242 2584 2293; x_wconf 88' lang='lat' dir='ltr'>Anti-</span> 
     </span>
     <span class='ocr_line' id='line_1_79' title="bbox 1501 2312 2587 2378; baseline -0.001 -13"><span class='ocrx_word' id='word_1_394' title='bbox 1501 2316 1765 2378; x_wconf 83' lang='lat' dir='ltr'>christus3</span> <span class='ocrx_word' id='word_1_395' title='bbox 1826 2329 1911 2365; x_wconf 59' lang='grc' dir='ltr'>ναξ</span> <span class='ocrx_word' id='word_1_396' title='bbox 1974 2314 2094 2377; x_wconf 81' lang='lat' dir='ltr'>tibi,</span> <span class='ocrx_word' id='word_1_397' title='bbox 2151 2312 2449 2364; x_wconf 82' lang='lat' dir='ltr'>Bethsaida</span> <span class='ocrx_word' id='word_1_398' title='bbox 2511 2312 2587 2364; x_wconf 84' lang='lat' dir='ltr'>de</span> 
     </span>
     <span class='ocr_line' id='line_1_80' title="bbox 1501 2384 2587 2452; baseline -0.003 -16"><span class='ocrx_word' id='word_1_399' title='bbox 1501 2402 1610 2452; x_wconf 90' lang='lat' dir='ltr'>qua</span> <span class='ocrx_word' id='word_1_400' title='bbox 1647 2385 1859 2436; x_wconf 85' lang='lat' dir='ltr'>civitate</span> <span class='ocrx_word' id='word_1_401' title='bbox 1904 2384 2124 2436; x_wconf 89' lang='lat' dir='ltr'>fuerunt</span> <span class='ocrx_word' id='word_1_402' title='bbox 2150 2385 2350 2449; x_wconf 15' lang='lat' dir='ltr'>*Petrus</span> <span class='ocrx_word' id='word_1_403' title='bbox 2377 2393 2430 2434; x_wconf 90' lang='lat' dir='ltr'>et</span> <span class='ocrx_word' id='word_1_404' title='bbox 2458 2384 2587 2434; x_wconf 89' lang='lat' dir='ltr'>An-</span> 
     </span>
     <span class='ocr_line' id='line_1_81' title="bbox 1501 2453 2591 2518; baseline -0.002 -11"><span class='ocrx_word' id='word_1_405' title='bbox 1501 2457 1671 2518; x_wconf 88' lang='lat' dir='ltr'>dreas,</span> <span class='ocrx_word' id='word_1_406' title='bbox 1720 2456 1948 2507; x_wconf 90' lang='lat' dir='ltr'>Jacobus</span> <span class='ocrx_word' id='word_1_407' title='bbox 1982 2465 2035 2507; x_wconf 90' lang='lat' dir='ltr'>et</span> <span class='ocrx_word' id='word_1_408' title='bbox 2060 2456 2310 2514; x_wconf 86' lang='lat' dir='ltr'>Joannes‚</span> <span class='ocrx_word' id='word_1_409' title='bbox 2340 2463 2393 2504; x_wconf 89' lang='lat' dir='ltr'>et</span> <span class='ocrx_word' id='word_1_410' title='bbox 2417 2453 2591 2505; x_wconf 86' lang='lat' dir='ltr'>distat</span> 
     </span>
     <span class='ocr_line' id='line_1_82' title="bbox 1499 2526 2586 2594; baseline -0.003 -15"><span class='ocrx_word' id='word_1_411' title='bbox 1499 2545 1531 2579; x_wconf 89' lang='lat' dir='ltr'>a</span> <span class='ocrx_word' id='word_1_412' title='bbox 1576 2529 1856 2581; x_wconf 89' lang='lat' dir='ltr'>Corozaim</span> <span class='ocrx_word' id='word_1_413' title='bbox 1900 2537 2094 2594; x_wconf 89' lang='lat' dir='ltr'>quarto</span> <span class='ocrx_word' id='word_1_414' title='bbox 2131 2526 2421 2577; x_wconf 82' lang='lat' dir='ltr'>milliario:</span> <span class='ocrx_word' id='word_1_415' title='bbox 2448 2526 2586 2592; x_wconf 82' lang='lat' dir='ltr'>quia</span> 
     </span>
     <span class='ocr_line' id='line_1_83' title="bbox 1501 2597 2588 2669; baseline -0.004 -17"><span class='ocrx_word' id='word_1_416' title='bbox 1501 2601 1551 2652; x_wconf 89' lang='lat' dir='ltr'>si</span> <span class='ocrx_word' id='word_1_417' title='bbox 1578 2600 1632 2650; x_wconf 88' lang='lat' dir='ltr'>in</span> <span class='ocrx_word' id='word_1_418' title='bbox 1663 2601 1821 2669; x_wconf 78' lang='lat' dir='ltr'>Tyro</span> <span class='ocrx_word' id='word_1_419' title='bbox 1850 2605 1902 2650; x_wconf 89' lang='lat' dir='ltr'>et</span> <span class='ocrx_word' id='word_1_420' title='bbox 1940 2600 2158 2661; x_wconf 84' lang='lat' dir='ltr'>Sidone,</span> <span class='ocrx_word' id='word_1_421' title='bbox 2191 2614 2314 2665; x_wconf 85' lang='lat' dir='ltr'>quae</span> <span class='ocrx_word' id='word_1_422' title='bbox 2354 2597 2588 2649; x_wconf 85' lang='lat' dir='ltr'>fuerunt</span> 
     </span>
     <span class='ocr_line' id='line_1_84' title="bbox 1499 2669 2590 2730; baseline -0.002 -8"><span class='ocrx_word' id='word_1_423' title='bbox 1499 2672 1662 2722; x_wconf 91' lang='lat' dir='ltr'>urbes</span> <span class='ocrx_word' id='word_1_424' title='bbox 1690 2670 2008 2730; x_wconf 89' lang='lat' dir='ltr'>Gentilium,</span> <span class='ocrx_word' id='word_1_425' title='bbox 2025 2669 2339 2721; x_wconf 88' lang='lat' dir='ltr'>idololatriae</span> <span class='ocrx_word' id='word_1_426' title='bbox 2353 2679 2406 2720; x_wconf 89' lang='lat' dir='ltr'>et</span> <span class='ocrx_word' id='word_1_427' title='bbox 2430 2669 2590 2720; x_wconf 81' lang='lat' dir='ltr'>vitiis</span> 
     </span>
     <span class='ocr_line' id='line_1_85' title="bbox 1500 2740 2590 2806; baseline -0.002 -15"><span class='ocrx_word' id='word_1_428' title='bbox 1500 2740 1712 2800; x_wconf 82' lang='lat' dir='ltr'>deditae,</span> <span class='ocrx_word' id='word_1_429' title='bbox 1742 2756 1863 2806; x_wconf 86' lang='lat' dir='ltr'>quae</span> <span class='ocrx_word' id='word_1_430' title='bbox 1901 2750 2114 2791; x_wconf 91' lang='lat' dir='ltr'>tantum</span> <span class='ocrx_word' id='word_1_431' title='bbox 2159 2742 2331 2806; x_wconf 85' lang='lat' dir='ltr'>legem</span> <span class='ocrx_word' id='word_1_432' title='bbox 2362 2749 2590 2790; x_wconf 88' lang='lat' dir='ltr'>natura-</span> 
     </span>
     <span class='ocr_line' id='line_1_86' title="bbox 1502 2809 2587 2876; baseline -0.002 -15"><span class='ocrx_word' id='word_1_433' title='bbox 1502 2811 1607 2862; x_wconf 90' lang='lat' dir='ltr'>lem</span> <span class='ocrx_word' id='word_1_434' title='bbox 1638 2811 1926 2873; x_wconf 89' lang='lat' dir='ltr'>habebant,</span> <span class='ocrx_word' id='word_1_435' title='bbox 1963 2810 2141 2876; x_wconf 85' lang='lat' dir='ltr'>sactae</span> <span class='ocrx_word' id='word_1_436' title='bbox 2175 2816 2355 2861; x_wconf 82' lang='lat' dir='ltr'>essent</span> <span class='ocrx_word' id='word_1_437' title='bbox 2404 2809 2587 2860; x_wconf 78' lang='lat' dir='ltr'>virtu-</span> 
     </span>
     <span class='ocr_line' id='line_1_87' title="bbox 1502 2880 2587 2948; baseline -0.004 -13"><span class='ocrx_word' id='word_1_438' title='bbox 1502 2890 1598 2946; x_wconf 83' lang='lat' dir='ltr'>tes,</span> <span class='ocrx_word' id='word_1_439' title='bbox 1629 2884 1684 2934; x_wconf 90' lang='lat' dir='ltr'>id</span> <span class='ocrx_word' id='word_1_440' title='bbox 1710 2894 1790 2934; x_wconf 90' lang='lat' dir='ltr'>est</span> <span class='ocrx_word' id='word_1_441' title='bbox 1816 2883 1999 2934; x_wconf 90' lang='lat' dir='ltr'>divina</span> <span class='ocrx_word' id='word_1_442' title='bbox 2026 2882 2275 2948; x_wconf 87' lang='lat' dir='ltr'>prodigia</span> <span class='ocrx_word' id='word_1_443' title='bbox 2316 2892 2369 2933; x_wconf 92' lang='lat' dir='ltr'>et</span> <span class='ocrx_word' id='word_1_444' title='bbox 2406 2880 2587 2931; x_wconf 89' lang='lat' dir='ltr'>mira-</span> 
     </span>
     <span class='ocr_line' id='line_1_88' title="bbox 1503 2952 2591 3021; baseline -0.005 -15"><span class='ocrx_word' id='word_1_445' title='bbox 1503 2956 1653 3016; x_wconf 88' lang='lat' dir='ltr'>cula,</span> <span class='ocrx_word' id='word_1_446' title='bbox 1701 2969 1821 3021; x_wconf 83' lang='lat' dir='ltr'>quae</span> <span class='ocrx_word' id='word_1_447' title='bbox 1867 2954 2049 3020; x_wconf 83' lang='lat' dir='ltr'>factoe</span> <span class='ocrx_word' id='word_1_448' title='bbox 2114 2958 2241 3004; x_wconf 86' lang='lat' dir='ltr'>sunt</span> <span class='ocrx_word' id='word_1_449' title='bbox 2308 2952 2362 3003; x_wconf 78' lang='lat' dir='ltr'>in</span> <span class='ocrx_word' id='word_1_450' title='bbox 2430 2952 2591 3002; x_wconf 78' lang='lat' dir='ltr'>vobis</span> 
     </span>
     <span class='ocr_line' id='line_1_89' title="bbox 1503 3022 2589 3092; baseline -0.003 -17"><span class='ocrx_word' id='word_1_451' title='bbox 1503 3024 1837 3092; x_wconf 80' lang='lat' dir='ltr'>frequenter3</span> <span class='ocrx_word' id='word_1_452' title='bbox 1869 3035 1921 3075; x_wconf 89' lang='lat' dir='ltr'>et</span> <span class='ocrx_word' id='word_1_453' title='bbox 1957 3024 2307 3090; x_wconf 84' lang='lat' dir='ltr'>praedicatum</span> <span class='ocrx_word' id='word_1_454' title='bbox 2336 3024 2413 3074; x_wconf 89' lang='lat' dir='ltr'>eis</span> <span class='ocrx_word' id='word_1_455' title='bbox 2436 3022 2589 3073; x_wconf 89' lang='lat' dir='ltr'>fuis-</span> 
     </span>
     <span class='ocr_line' id='line_1_90' title="bbox 1503 3094 2589 3161; baseline -0.003 -15"><span class='ocrx_word' id='word_1_456' title='bbox 1503 3106 1584 3146; x_wconf 91' lang='lat' dir='ltr'>set</span> <span class='ocrx_word' id='word_1_457' title='bbox 1622 3097 1763 3148; x_wconf 88' lang='lat' dir='ltr'>sicut</span> <span class='ocrx_word' id='word_1_458' title='bbox 1802 3094 1986 3154; x_wconf 78' lang='lat' dir='ltr'>vobis,</span> <span class='ocrx_word' id='word_1_459' title='bbox 2034 3095 2162 3146; x_wconf 86' lang='lat' dir='ltr'>olim</span> <span class='ocrx_word' id='word_1_460' title='bbox 2210 3094 2589 3161; x_wconf 70' lang='lat' dir='ltr'>paenitentiam</span> 
     </span>
     <span class='ocr_line' id='line_1_91' title="bbox 1501 3167 2584 3234; baseline -0.003 -15"><span class='ocrx_word' id='word_1_461' title='bbox 1501 3184 1667 3234; x_wconf 89' lang='lat' dir='ltr'>quam</span> <span class='ocrx_word' id='word_1_462' title='bbox 1693 3184 1791 3219; x_wconf 86' lang='lat' dir='ltr'>vos</span> <span class='ocrx_word' id='word_1_463' title='bbox 1816 3183 1923 3218; x_wconf 90' lang='lat' dir='ltr'>non</span> <span class='ocrx_word' id='word_1_464' title='bbox 1950 3167 2168 3228; x_wconf 83' lang='lat' dir='ltr'>fecistis,</span> <span class='ocrx_word' id='word_1_465' title='bbox 2195 3167 2298 3232; x_wconf 91' lang='lat' dir='ltr'>ipsi</span> <span class='ocrx_word' id='word_1_466' title='bbox 2318 3168 2584 3233; x_wconf 77' lang='lat' dir='ltr'>egissent,</span> 
     </span>
     <span class='ocr_line' id='line_1_92' title="bbox 1502 3236 2587 3304; baseline 0 -17"><span class='ocrx_word' id='word_1_467' title='bbox 1502 3238 1746 3289; x_wconf 90' lang='lat' dir='ltr'>dolentes</span> <span class='ocrx_word' id='word_1_468' title='bbox 1794 3238 1863 3288; x_wconf 89' lang='lat' dir='ltr'>de</span> <span class='ocrx_word' id='word_1_469' title='bbox 1906 3237 2138 3304; x_wconf 88' lang='lat' dir='ltr'>peccatis</span> <span class='ocrx_word' id='word_1_470' title='bbox 2183 3237 2237 3287; x_wconf 84' lang='lat' dir='ltr'>in</span> <span class='ocrx_word' id='word_1_471' title='bbox 2286 3236 2465 3288; x_wconf 87' lang='lat' dir='ltr'>cinere</span> <span class='ocrx_word' id='word_1_472' title='bbox 2516 3251 2587 3287; x_wconf 80' lang='lat' dir='ltr'>ex</span> 
     </span>
     <span class='ocr_line' id='line_1_93' title="bbox 1503 3309 2589 3371; baseline -0.002 -10"><span class='ocrx_word' id='word_1_473' title='bbox 1503 3310 1937 3361; x_wconf 89' lang='lat' dir='ltr'>consideratione</span> <span class='ocrx_word' id='word_1_474' title='bbox 1971 3309 2184 3371; x_wconf 89' lang='lat' dir='ltr'>mortis,</span> <span class='ocrx_word' id='word_1_475' title='bbox 2211 3315 2262 3360; x_wconf 92' lang='lat' dir='ltr'>et</span> <span class='ocrx_word' id='word_1_476' title='bbox 2292 3310 2469 3360; x_wconf 81' lang='lat' dir='ltr'>cilicio</span> <span class='ocrx_word' id='word_1_477' title='bbox 2518 3324 2589 3360; x_wconf 79' lang='lat' dir='ltr'>ex</span> 
     </span>
     <span class='ocr_line' id='line_1_94' title="bbox 1503 3378 2585 3448; baseline -0.005 -15"><span class='ocrx_word' id='word_1_478' title='bbox 1503 3380 1935 3448; x_wconf 33' lang='lat' dir='ltr'>considera-tione</span> <span class='ocrx_word' id='word_1_479' title='bbox 1993 3379 2191 3445; x_wconf 87' lang='lat' dir='ltr'>peccati</span> <span class='ocrx_word' id='word_1_480' title='bbox 2254 3378 2585 3445; x_wconf 81' lang='lat' dir='ltr'>pungentis3</span> 
     </span>
     <span class='ocr_line' id='line_1_95' title="bbox 1504 3451 2591 3517; baseline -0.005 -11"><span class='ocrx_word' id='word_1_481' title='bbox 1504 3455 1763 3514; x_wconf 80' lang='lat' dir='ltr'>sedentes,</span> <span class='ocrx_word' id='word_1_482' title='bbox 1791 3452 1865 3503; x_wconf 90' lang='lat' dir='ltr'>ait</span> <span class='ocrx_word' id='word_1_483' title='bbox 1907 3452 2094 3517; x_wconf 87' lang='lat' dir='ltr'>Lucas,</span> <span class='ocrx_word' id='word_1_484' title='bbox 2149 3451 2205 3501; x_wconf 90' lang='lat' dir='ltr'>id</span> <span class='ocrx_word' id='word_1_485' title='bbox 2250 3460 2331 3502; x_wconf 86' lang='lat' dir='ltr'>est</span> <span class='ocrx_word' id='word_1_486' title='bbox 2371 3451 2429 3501; x_wconf 91' lang='lat' dir='ltr'>in</span> <span class='ocrx_word' id='word_1_487' title='bbox 2456 3466 2591 3501; x_wconf 90' lang='lat' dir='ltr'>con-</span> 
     </span>
     <span class='ocr_line' id='line_1_96' title="bbox 1504 3522 2584 3579; baseline -0.005 -2"><span class='ocrx_word' id='word_1_488' title='bbox 1504 3524 1744 3577; x_wconf 88' lang='lat' dir='ltr'>scientiis</span> <span class='ocrx_word' id='word_1_489' title='bbox 1769 3538 1827 3573; x_wconf 91' lang='lat' dir='ltr'>se</span> <span class='ocrx_word' id='word_1_490' title='bbox 1858 3522 2225 3579; x_wconf 76' lang='lat' dir='ltr'>humiliantes,</span> <span class='ocrx_word' id='word_1_491' title='bbox 2276 3522 2375 3573; x_wconf 90' lang='lat' dir='ltr'>Vel</span> <span class='ocrx_word' id='word_1_492' title='bbox 2407 3522 2463 3572; x_wconf 80' lang='lat' dir='ltr'>in</span> <span class='ocrx_word' id='word_1_493' title='bbox 2493 3522 2584 3572; x_wconf 86' lang='lat' dir='ltr'>ci-</span> 
     </span>
     <span class='ocr_line' id='line_1_97' title="bbox 1504 3591 2581 3659; baseline -0.004 -11"><span class='ocrx_word' id='word_1_494' title='bbox 1504 3611 1646 3659; x_wconf 89' lang='lat' dir='ltr'>nere,</span> <span class='ocrx_word' id='word_1_495' title='bbox 1674 3592 1981 3646; x_wconf 86' lang='lat' dir='ltr'>humiliatio</span> <span class='ocrx_word' id='word_1_496' title='bbox 2020 3593 2258 3654; x_wconf 89' lang='lat' dir='ltr'>interior,</span> <span class='ocrx_word' id='word_1_497' title='bbox 2307 3592 2362 3643; x_wconf 85' lang='lat' dir='ltr'>in</span> <span class='ocrx_word' id='word_1_498' title='bbox 2392 3591 2581 3644; x_wconf 82' lang='lat' dir='ltr'>cilicio</span> 
     </span>
     <span class='ocr_line' id='line_1_98' title="bbox 1507 3661 2582 3729; baseline -0.006 -11"><span class='ocrx_word' id='word_1_499' title='bbox 1507 3666 1738 3718; x_wconf 88' lang='lat' dir='ltr'>exterior</span> <span class='ocrx_word' id='word_1_500' title='bbox 1801 3663 2131 3729; x_wconf 86' lang='lat' dir='ltr'>designatur.</span> <span class='ocrx_word' id='word_1_501' title='bbox 2210 3663 2335 3714; x_wconf 87' lang='lat' dir='ltr'>Haec</span> <span class='ocrx_word' id='word_1_502' title='bbox 2393 3661 2548 3713; x_wconf 91' lang='lat' dir='ltr'>addit</span> <span class='ocrx_word' id='word_1_503' title='bbox 2567 3699 2582 3720; x_wconf 84' lang='lat'>,</span> 
     </span>
     <span class='ocr_line' id='line_1_99' title="bbox 1507 3733 2588 3805; baseline -0.006 -17"><span class='ocrx_word' id='word_1_504' title='bbox 1507 3737 1637 3805; x_wconf 89' lang='lat' dir='ltr'>quia</span> <span class='ocrx_word' id='word_1_505' title='bbox 1674 3734 1976 3802; x_wconf 89' lang='lat' dir='ltr'>antiquitus</span> <span class='ocrx_word' id='word_1_506' title='bbox 2002 3744 2114 3784; x_wconf 90' lang='lat' dir='ltr'>erat</span> <span class='ocrx_word' id='word_1_507' title='bbox 2150 3748 2270 3783; x_wconf 91' lang='lat' dir='ltr'>mos</span> <span class='ocrx_word' id='word_1_508' title='bbox 2314 3733 2392 3782; x_wconf 88' lang='lat' dir='ltr'>sic</span> <span class='ocrx_word' id='word_1_509' title='bbox 2426 3746 2588 3797; x_wconf 86' lang='lat' dir='ltr'>agere</span> 
     </span>
     <span class='ocr_line' id='line_1_100' title="bbox 1509 3801 2587 3874; baseline -0.006 -16"><span class='ocrx_word' id='word_1_510' title='bbox 1509 3805 1896 3874; x_wconf 83' lang='lat' dir='ltr'>poenitentiam.</span> <span class='ocrx_word' id='word_1_511' title='bbox 1939 3806 2308 3855; x_wconf 83' lang='lat' dir='ltr'>Verumtamen</span> <span class='ocrx_word' id='word_1_512' title='bbox 2338 3801 2458 3853; x_wconf 87' lang='lat' dir='ltr'>dico</span> <span class='ocrx_word' id='word_1_513' title='bbox 2481 3816 2587 3852; x_wconf 79' lang='lat' dir='ltr'>vo-</span> 
     </span>
     <span class='ocr_line' id='line_1_101' title="bbox 1510 3873 2588 3947; baseline -0.006 -17"><span class='ocrx_word' id='word_1_514' title='bbox 1510 3880 1592 3930; x_wconf 83' lang='lat' dir='ltr'>bis</span> <span class='ocrx_word' id='word_1_515' title='bbox 1618 3878 1857 3930; x_wconf 81' lang='lat' dir='ltr'>Judaeis:</span> <span class='ocrx_word' id='word_1_516' title='bbox 1897 3877 2057 3947; x_wconf 77' lang='lat' dir='ltr'>Tyro</span> <span class='ocrx_word' id='word_1_517' title='bbox 2099 3882 2150 3927; x_wconf 87' lang='lat' dir='ltr'>et</span> <span class='ocrx_word' id='word_1_518' title='bbox 2186 3874 2398 3935; x_wconf 87' lang='lat' dir='ltr'>Sidoni,</span> <span class='ocrx_word' id='word_1_519' title='bbox 2453 3873 2588 3925; x_wconf 90' lang='lat' dir='ltr'>licet</span> 
     </span>
     <span class='ocr_line' id='line_1_102' title="bbox 1512 3945 2589 4012; baseline -0.006 -10"><span class='ocrx_word' id='word_1_520' title='bbox 1512 3966 1621 4002; x_wconf 89' lang='lat' dir='ltr'>non</span> <span class='ocrx_word' id='word_1_521' title='bbox 1667 3959 1795 4001; x_wconf 84' lang='lat' dir='ltr'>sunt</span> <span class='ocrx_word' id='word_1_522' title='bbox 1834 3948 2098 4012; x_wconf 79' lang='lat' dir='ltr'>conversi,</span> <span class='ocrx_word' id='word_1_523' title='bbox 2144 3946 2427 3998; x_wconf 77' lang='lat' dir='ltr'>remissius</span> <span class='ocrx_word' id='word_1_524' title='bbox 2476 3945 2589 3996; x_wconf 81' lang='lat' dir='ltr'>erit</span> 
     </span>
    </p>
   </div>
  </div>
 </body>
</html>
