2757 4413
290 257 392 309 588

288 377 411 440 fide,
444 387 494 427 et
524 376 687 427 crevit
714 377 772 426 in
805 391 987 443 opere,
1030 376 1154 427 dum
1182 378 1351 428 nescit

288 450 396 512 ille,
425 450 527 499 hoc
558 459 639 500 est
669 450 878 500 nescire
904 465 1003 500 nos
1017 449 1163 511 facit,
1185 465 1349 516 quem

289 523 492 574 scilicet
517 523 748 573 fructum
776 539 948 590 usque
995 523 1052 572 in
1080 522 1244 573 finem
1267 522 1351 573 af-

288 593 437 644 ferat.
489 594 570 644 Et
630 600 777 644 terra
828 593 971 644 ultro
1008 593 1347 659 fructificat,

289 665 419 733 quia
458 664 731 714 voluntate
774 665 1072 726 adducitur,
1129 674 1191 714 ut
1225 665 1346 715 fru-

291 748 438 788 ctum
475 737 648 798 faciat,
667 739 848 804 primo
888 739 1120 802 herbam,
1161 739 1354 789 deinde

289 810 509 876 spicam,
530 816 583 860 et
607 811 816 860 tandem
837 810 1054 875 plenum
1080 811 1350 877 fructum.

295 881 373 930 Ex
395 882 600 931 semine
635 882 783 931 enim
804 882 908 932 isto
937 892 1145 949 recepto
1174 883 1230 933 in
1252 883 1353 933 ali-

293 969 403 1019 quo
439 954 678 1014 homine,
726 955 903 1020 primo
943 956 1246 1022 concipitur
1281 956 1355 1006 ti-

293 1039 415 1074 mor
453 1024 764 1075 divinorum
803 1026 1146 1091 judiciorum,
1195 1036 1248 1077 et
1275 1026 1357 1076 si-

293 1095 576 1162 gnificatur
635 1112 731 1162 per
778 1098 1001 1148 herbam
1025 1136 1040 1160 ,
1106 1114 1226 1164 quae
1277 1107 1357 1148 est

294 1169 426 1234 quid
476 1168 875 1235 imperfectum3
936 1180 988 1221 et
1028 1171 1158 1237 quia
1192 1186 1256 1221 ex
1284 1170 1358 1222 ti-

295 1256 447 1290 more
473 1251 640 1292 cessat
661 1242 826 1292 homo
845 1258 875 1293 a
894 1242 1072 1304 malis,
1092 1253 1144 1293 et
1167 1242 1361 1308 incipit

296 1326 354 1362 se
376 1326 616 1362 exercere
649 1312 705 1362 in
749 1312 926 1374 bonis,
974 1313 1097 1363 ideo
1124 1312 1360 1363 secundo

295 1382 600 1447 concipitur
637 1397 761 1448 spes
812 1383 1125 1434 divinorum
1156 1382 1361 1433 benefi-

295 1453 522 1514 ciorum,
562 1469 686 1519 quae
730 1453 1063 1520 significatur
1104 1469 1200 1520 per
1246 1454 1364 1520 spi-

298 1539 434 1585 cam,
466 1525 524 1574 in
546 1541 653 1591 qua
685 1536 767 1576 est
793 1527 901 1591 jam
930 1542 1053 1592 spes
1082 1527 1233 1594 grani
1273 1526 1365 1576 fu-

298 1595 437 1658 turi;
463 1596 623 1646 tertio
655 1612 720 1646 ex
747 1596 851 1646 hoc
877 1597 1036 1646 datur
1058 1597 1366 1649 caritativus

300 1681 468 1726 amor,
495 1667 588 1733 qui
622 1667 784 1716 habet
810 1683 947 1733 opus
977 1667 1289 1733 perfectum,
1315 1677 1367 1718 et

302 1736 423 1788 ideo
463 1737 794 1803 significatur
839 1755 933 1804 per
979 1740 1197 1805 plenum
1240 1755 1365 1805 gra-

305 1823 455 1867 num,
484 1808 630 1873 quia,
659 1818 718 1859 ut
740 1810 872 1860 dicit
898 1811 1189 1875 Apostolus
1213 1826 1228 1859 t
1249 1810 1368 1860 Ple-

302 1879 487 1929 nitudo
514 1880 685 1946 Legis
706 1887 788 1931 est
821 1881 1051 1932 dilectiO.
1081 1881 1198 1943 Vel,
1219 1889 1368 1933 terra

290 1950 603 2018 fructificat
636 1953 820 2018 primo
863 1953 1082 2007 herbam
1100 1991 1117 2016 ,
1179 1952 1370 2004 deinde

305 2022 505 2089 spicam
526 2062 542 2086 ,
589 2024 780 2074 deinde
826 2024 1046 2092 plenum
1095 2025 1328 2083 fructum
1351 2043 1368 2076 .·

303 2095 408 2145 hoc
458 2106 536 2145 est
581 2096 853 2158 timorem,
906 2098 1274 2164 poenitentiam
1318 2108 1370 2148 et

303 2167 596 2219 caritatem.
642 2169 724 2220 Illi
773 2169 867 2237 qui
923 2181 1183 2237 generant
1242 2171 1371 2221 her-

306 2239 451 2301 bam,
494 2240 548 2290 id
605 2253 686 2292 est
729 2241 1002 2309 timorem,
1051 2252 1180 2293 sunt
1226 2243 1369 2293 inci-

307 2310 515 2376 pientes
544 2351 557 2373 ,
620 2313 716 2379 qui
780 2314 976 2365 debent
1049 2315 1285 2381 incipere
1341 2330 1370 2363 a

305 2371 534 2449 timore&
611 2387 755 2438 sicut
824 2387 973 2438 enim
1044 2388 1214 2439 herba
1289 2397 1371 2439 est

306 2457 635 2523 principium
656 2460 834 2526 spicae,
866 2461 942 2511 sic
964 2459 1129 2516 timor.
1151 2461 1372 2512 Domini

307 2537 390 2577 est
416 2529 746 2595 principium
772 2531 916 2593 vitae,
957 2541 1009 2581 et
1037 2531 1244 2581 initium
1274 2545 1370 2580 sa-

299 2600 539 2662 pientiae.
596 2602 677 2651 Illi
710 2601 805 2668 qui
847 2611 1096 2668 generant
1148 2600 1369 2666 spicam,

308 2668 363 2717 id
412 2680 492 2720 est
542 2672 912 2736 poenitentiam
962 2672 1152 2722 duram
1172 2709 1185 2731 ,
1245 2681 1372 2720 sunt

308 2740 670 2806 proficientes3
702 2743 798 2809 qui
820 2744 958 2794 sicut
976 2742 1220 2794 delectati
1244 2752 1372 2792 sunt

308 2809 367 2859 in
401 2813 655 2874 peccatis,
686 2814 764 2864 sic
808 2815 1006 2865 debent
1049 2830 1108 2864 se
1136 2813 1373 2879 affligere

310 2879 368 2929 in
396 2882 709 2945 poenitentia
751 2895 805 2934 et
848 2884 1112 2935 lamentis,
1163 2884 1245 2934 llli
1274 2883 1369 2949 qui

310 2954 616 3019 producunt
642 2958 863 3021 plenum
887 2956 1122 3007 fructum
1145 2996 1159 3018 ‚
1207 2956 1262 3006 id
1292 2966 1372 3006 est

308 3023 580 3073 caritatem
618 3036 670 3075 et
704 3027 975 3077 bonorum
1002 3043 1226 3093 operum
1254 3028 1372 3091 ple-

309 3094 634 3159 nitudinem,
677 3107 805 3147 sunt
851 3098 1089 3164 perfecti,
1128 3098 1223 3165 qui
1270 3098 1371 3148 ha-

311 3165 441 3215 bent
463 3166 736 3217 caritatem
762 3168 860 3218 Dei
888 3179 939 3219 et
962 3169 1222 3235 proximi3
1246 3168 1373 3235 quia

302 3235 582 3303 plenitudo
598 3239 770 3305 Legis
786 3246 868 3289 est
889 3239 1101 3291 dilectio
1121 3241 1234 3290 sive
1247 3239 1375 3289 cari-

310 3321 410 3368 taS,
437 3318 490 3357 et
515 3319 645 3360 tunc
668 3320 750 3360 est
774 3311 942 3361 homo
974 3312 1292 3377 dispositus,
1313 3320 1374 3360 ut

312 3376 378 3428 de
405 3388 548 3428 statu
580 3381 763 3445 gratiae
780 3390 1010 3432 transeat
1032 3382 1098 3432 ad
1127 3382 1371 3447 gloriam.

309 3447 382 3498 Et
401 3448 520 3499 ideo
534 3450 803 3503 Dominus
822 3462 951 3503 tunc
972 3452 1135 3503 mittit
1146 3452 1369 3518 falcem,

311 3520 367 3570 id
413 3532 494 3572 est
522 3533 773 3586 mortem,
818 3524 1179 3575 abscindendo
1208 3526 1376 3590 justos

312 3592 379 3641 de
419 3594 670 3659 praesenti
724 3596 851 3657 vita,
898 3605 960 3646 ut
984 3595 1269 3646 transferat
1309 3596 1373 3646 ad

313 3666 557 3730 gloriam,
586 3670 834 3735 quoniam
876 3670 1033 3719 adest
1063 3668 1270 3730 messiS,
1315 3669 1374 3717 id

314 3748 396 3788 est
445 3743 685 3793 collectio
741 3743 1007 3808 justorum
1069 3740 1125 3791 in
1189 3741 1374 3807 patria.

313 3811 620 3865 Secundum
654 3816 997 3884 Gregorium,
1028 3828 1203 3865 semen
1222 3813 1377 3864 homo

293 3886 447 3956 Jacit
470 3888 522 3937 in
551 3896 768 3955 terram,
804 3906 927 3941 cum
959 3886 1105 3940 cordi
1143 3902 1242 3938 suo
1271 3886 1374 3937 bo-

934 260 1175 311 PRIMAE
1210 259 1460 311 PARTIS
1491 261 1728 315 CAPUT
1758 265 1946 318 LXIV.

1458 394 1584 429 nam
1613 380 1971 434 intentionem
2004 384 2211 435 inserit.
2266 385 2332 436 Et
2366 396 2526 451 post-

1457 467 1621 518 quam
1672 469 1856 505 semen
1912 456 2181 520 jactaverit
2203 494 2216 516 ,
2282 457 2521 519 dormit,

1458 523 1585 588 quia
1607 524 1734 589 iam·
1763 525 1819 575 in
1849 542 1942 592 spe
1981 527 2108 577 boni
2144 528 2321 593 operis
2357 529 2523 595 quie-

1458 594 1574 646 scit.
1622 596 1799 648 Nocte
1840 613 1965 649 vero
2012 599 2274 667 exsurgit
2309 615 2377 651 ac
2413 601 2524 663 die,

1458 666 1586 732 quia
1653 667 1795 719 inter
1858 669 2077 720 adversa
2142 680 2196 720 et
2271 686 2532 738 prospera

1428 737 1687 802 proficit.
1716 741 1796 791 Et
1828 756 2003 792 semen
2036 742 2320 808 germinat,
2356 749 2409 793 et
2437 743 2529 793 in-

1459 809 1651 858 crescit
1680 808 1803 862 dum
1830 812 1922 864 ille
1950 813 2133 875 nescit,
2164 812 2293 879 quia
2319 823 2371 863 et
2402 828 2533 864 cum

1459 881 1633 932 adhuc
1681 883 1858 934 metiri
1896 885 2221 935 incrementa
2277 899 2376 934 sua
2415 900 2534 934 non

1461 953 1617 1012 valet,
1647 955 1813 1005 semel
1837 965 2085 1021 concepta
2111 955 2283 1006 virtus
2310 954 2378 1004 ad
2396 970 2536 1020 pro-

1463 1023 1663 1075 fectum
1685 1026 1918 1077 ducitur.
1945 1028 2011 1077 Et
2035 1026 2178 1077 ultro
2210 1033 2357 1077 terra
2388 1026 2537 1092 fru-

1464 1095 1681 1165 ctificat,
1715 1098 1843 1163 quia
1872 1097 2229 1163 praeveniente
2254 1112 2313 1146 se
2339 1096 2536 1162 gratia,

1464 1184 1620 1219 mens
1642 1164 1885 1219 hominis
1903 1178 2200 1234 spontanea
2213 1168 2278 1217 ad
2294 1167 2539 1217 fructum

1467 1240 1593 1290 boni
1624 1239 1803 1306 operis
1825 1239 2076 1306 assurgit.
2108 1239 2247 1290 Cum
2284 1254 2415 1304 ergo
2438 1239 2543 1288 de-

1467 1310 1661 1361 sideria
1689 1312 1831 1363 bona
1859 1310 2215 1375 concipimus,
2256 1325 2441 1360 semen
2482 1309 2543 1359 in

1468 1391 1609 1432 terra
1637 1381 1938 1445 mittimus;
1977 1396 2106 1430 cum
2152 1395 2280 1430 vero
2320 1378 2538 1446 operari

1469 1462 1608 1503 recta
1633 1452 1946 1519 incipimuS,
1972 1453 2138 1504 herba
2168 1467 2387 1515 sumus3
2411 1467 2544 1501 cum

1470 1533 1649 1574 autem
1678 1523 1744 1574 ad
1769 1522 2066 1591 profectum
2092 1539 2229 1589 opus
2248 1522 2543 1583 trahimus,

1467 1599 1537 1648 ad
1565 1599 1770 1664 spicam
1794 1598 2137 1665 pervenimus
2159 1615 2174 1662 ;
2220 1611 2459 1662 cumque
2486 1596 2546 1646 in

1470 1669 1710 1734 ejusdem
1739 1670 1917 1735 operis
1959 1665 2282 1736 perfectione
2331 1666 2549 1716 solida-

1472 1755 1613 1801 mur,
1666 1741 1775 1805 jam
1825 1741 2047 1806 plenum
2092 1739 2428 1789 frumentum
2482 1737 2548 1787 in

1472 1812 1620 1877 spica
1647 1812 1990 1876 proferimus
2035 1810 2400 1876 Omnipotens
2437 1823 2550 1860 au-

1473 1894 1583 1933 tem
1626 1884 1771 1934 Deus
1824 1883 1880 1933 in
1933 1882 2257 1948 productum
2303 1880 2550 1942 fructum

1463 1955 1669 2020 falcem
1694 1954 1878 2017 mittit,
1914 1964 1967 2004 et
1992 1969 2226 2003 messem
2264 1967 2419 2002 suam
2442 1950 2552 2001 de-

1476 2035 1639 2089 secat3
1668 2025 1797 2090 quia
1825 2041 1950 2076 cum
1994 2038 2447 2090 unumquemque
2476 2023 2551 2072 ad

1474 2114 1633 2164 opera
1656 2097 1884 2164 perfecta
1906 2097 2231 2163 perduxerit,
2264 2097 2379 2160 ejus
2406 2103 2552 2144 tem-

1476 2170 1714 2236 poralem
1752 2169 1918 2221 vitam
1947 2184 2043 2236 per
2076 2168 2383 2219 immissam
2409 2180 2552 2217 sen-

1476 2242 1697 2292 tentiam
1716 2241 1926 2302 incidit,
1952 2250 2013 2291 ut
2034 2255 2263 2306 granum
2288 2254 2449 2289 suurn
2477 2238 2553 2288 ad

1476 2314 1708 2365 coelestia
1730 2314 1926 2364 horrea
1954 2312 2222 2378 perducat.
2247 2310 2387 2360 Vide
2414 2325 2552 2377 ergo

1477 2402 1545 2437 ne
1567 2387 1643 2437 sis
1666 2395 1877 2436 tantum
1905 2384 1962 2435 in
1985 2383 2151 2433 herba
2181 2382 2264 2433 vel
2297 2381 2460 2447 spica,
2495 2390 2557 2431 et

1476 2456 1838 2507 maturitatem
1866 2464 2137 2522 exspectes
2158 2453 2216 2503 in
2245 2451 2555 2519 purgatorii

1476 2546 1658 2596 poena3
1689 2545 1802 2580 non
1835 2529 1982 2579 enim
2016 2527 2253 2578 fructum
2278 2525 2554 2575 immatu-

1476 2620 1598 2654 rum
1646 2612 1935 2668 congregat
1983 2602 2132 2652 Deus
2177 2600 2236 2650 in
2283 2600 2554 2649 horreum

1476 2690 1656 2725 suum.
1685 2674 1878 2724 Nullus
1904 2683 2084 2723 tamen
2112 2670 2208 2738 qui
2237 2671 2302 2721 ad
2334 2670 2553 2720 bonum

1478 2745 1815 2813 propositum
1844 2745 2019 2795 adhuc
2047 2743 2106 2793 in
2123 2741 2324 2792 mentis
2351 2741 2553 2791 teneri-

1477 2819 1663 2870 tudine
1705 2833 1821 2869 esse
1876 2816 2223 2883 conspicitur,
2276 2814 2555 2879 despicia-

1478 2902 1566 2942 tur
1591 2891 1758 2958 :quia
1787 2890 2123 2941 frumentum
2153 2888 2252 2938 Dei
2282 2887 2351 2938 ab
2375 2887 2555 2938 herba

1478 2963 1666 3029 incipit
1693 2973 1754 3013 ut
1772 2978 1997 3029 granum
2025 2961 2136 3012 fiat.

1546 3051 1609 3085 10
1637 3034 1925 3084 PARABoLA
1951 3050 2018 3083 nr.
2051 3048 2225 3083 GRANo
2246 3047 2467 3095 smum,
2493 3047 2555 3083 m

1477 3122 1583 3164 QuA
1632 3119 1979 3156 maselum-rua
2018 3119 2218 3155 surus
2275 3104 2557 3154 Echsssm

1477 3191 1609 3227 rosr
1663 3190 1949 3225 HAERESEON
2005 3187 2430 3223 suan-senonim.
2488 3201 2556 3211 —

1478 3248 1538 3296 In
1566 3244 1722 3295 tertia
1752 3244 2018 3309 parabola,
2046 3259 2165 3310 quae
2185 3252 2265 3293 est
2294 3243 2361 3293 de
2380 3257 2558 3308 grano

1478 3314 1702 3381 sinapis,
1736 3314 2057 3364 describitur
2087 3312 2333 3363 Ecclesiae
2378 3322 2557 3364 status

1479 3403 1711 3456 sequens
1761 3387 2072 3438 immediate
2095 3396 2219 3453 post
2250 3386 2556 3438 surrectio-

1481 3476 1607 3510 nem
1629 3460 1925 3518 haereseon,
1952 3458 2080 3525 quia
2101 3467 2283 3507 contra
2310 3457 2555 3508 haereses

1481 3532 1820 3597 insurgentes
1867 3528 2143 3579 suscitavit
2179 3528 2454 3578 Dominus
2489 3528 2552 3579 in

1483 3602 1717 3659 Ecclesia
1740 3602 1985 3652 doctores
2013 3610 2225 3651 sanctos
2264 3600 2553 3661 litteratoS,

1481 3684 1542 3724 ut
1559 3689 1652 3739 per
1669 3672 1932 3723 rationem
1961 3681 2012 3722 et
2037 3672 2368 3737 Scripturam
2417 3688 2554 3722 con-

1482 3743 1716 3793 futarent
1756 3740 2055 3806 haereticos3
2102 3751 2154 3791 et
2197 3741 2325 3791 licet
2369 3742 2553 3807 primo

1482 3813 1684 3864 fuerint
1726 3811 1963 3862 humiles
2012 3822 2065 3862 et
2109 3810 2314 3875 abjecti,
2365 3824 2552 3862 tamen

1483 3885 1666 3937 divina
1701 3883 2056 3950 dispositione
2102 3882 2322 3934 fuerunt
2364 3893 2552 3950 postea
2587 3914 2593 3920 -
