2757 4413
582 253 675 304 DE
717 251 1097 303 PATIENTIA
1137 249 1207 300 IN
1253 249 1592 300 ADVERSIS
1634 249 1987 300 HABENDA.

179 371 325 424 Unde
377 370 804 437 Chrysostomus
843 385 862 417 .·
903 385 932 414 α
965 366 1032 416 Et
1075 364 1229 432 quasi

172 441 468 492 dicentibus
500 440 599 499 eis,
648 449 700 489 et
741 438 981 505 quandiu
1032 452 1230 503 possu-

173 529 291 563 mus
309 511 779 578 fugere?·Gravior
806 519 888 560 est
914 508 1064 560 enim
1104 508 1232 573 fuga

167 585 339 649 longa,
373 598 541 648 quam
569 582 725 632 velox
759 596 906 630 mors
952 581 1231 630 consolans

165 671 280 718 eos;
322 664 603 720 propterea
640 652 911 703 Dominus
952 653 1030 702 ait
1060 669 1075 702 z
1103 652 1230 702 Non

162 726 595 778 consummabitis
630 726 875 776 civitates
905 725 1098 786 Israel,
1130 724 1229 774 do-

160 813 252 849 nec
297 797 478 848 veniat
522 797 704 847 Filius
763 796 1010 847 hominis,
1062 796 1115 846 Si
1163 796 1229 845 de

159 869 428 935 Apostolis
492 868 598 918 hoc
649 878 857 919 tantum
911 867 1231 934 intelligitur

158 942 352 992 dictum
375 980 388 1001 ,
435 957 551 991 non
610 940 848 1007 procedit
899 940 1225 1000 intellectuS,

158 1029 276 1063 cum
309 1014 489 1062 multo
512 1022 637 1062 ante
662 1010 902 1061 defuncti
937 1011 1048 1060 sint
1074 1010 1226 1076 Apo-

156 1084 291 1147 stoli,
333 1099 502 1150 quam
548 1083 795 1134 Christus
836 1081 1097 1132 adveniat.
1123 1081 1226 1130 Sed

156 1157 337 1206 omnia
365 1171 491 1222 quae
532 1157 598 1205 ad
639 1154 928 1220 Apostolos
964 1152 1222 1219 loquitur,

155 1227 308 1277 etiam
362 1226 429 1277 ad
484 1225 607 1275 illos
656 1223 807 1289 loqui
853 1222 1082 1285 videtur,
1127 1222 1223 1288 qui

155 1300 503 1363 postmodum
549 1313 645 1364 per
698 1297 820 1347 illos
860 1295 1072 1346 fuerant
1119 1310 1225 1346 cre·

149 1370 311 1420 dituri
339 1409 354 1430 ‚
397 1385 576 1436 usque
617 1368 684 1418 ad
732 1367 937 1418 exitum
1008 1366 1220 1416 mundi.

150 1440 246 1504 Ipsi
309 1440 462 1490 enim
526 1438 811 1489 duodecim
862 1446 1011 1488 erant
1052 1437 1223 1502 capita

147 1511 311 1560 totius
369 1509 801 1560 Christianitatis
879 1508 1095 1558 futurae.
1157 1508 1223 1557 Et

146 1582 628 1648 quemadmodum,
674 1581 820 1646 quod
863 1579 918 1630 in
964 1595 1026 1630 os
1053 1579 1221 1629 mise-

143 1653 231 1713 τίς,
271 1668 373 1718 per
415 1662 527 1702 tota
555 1651 797 1717 corporis
840 1651 1083 1701 membra
1110 1650 1225 1700 dis-

141 1725 413 1791 pergitur3
451 1723 531 1774 sic
557 1734 610 1774 et
644 1722 918 1788 Apostolis
956 1722 1105 1789 quod
1138 1720 1224 1771 di·-

142 1797 391 1856 cebatur,
454 1796 523 1845 ad
584 1804 754 1845 totam
833 1793 1219 1861 plenitudinem

140 1866 442 1917 Christiani
471 1864 715 1932 corporis
747 1865 1064 1932 pertinebat.
1085 1865 1221 1915 Scie-

140 1937 229 1987 bat
285 1936 443 1986 enim
507 1936 780 1987 Dominus
847 1935 976 2001 quia
1029 1934 1220 1986 notitia

140 2008 252 2072 ejus
279 2016 365 2057 tot
392 2018 711 2073 occupatura
752 2006 925 2057 fuerat
959 2005 1215 2066 civitateS,

141 2079 211 2129 ita
237 2089 304 2130 ut
332 2095 471 2144 pene
500 2093 691 2129 omnes
732 2079 899 2129 totius
938 2079 1086 2129 orbis
1120 2089 1217 2129 ter-

140 2168 207 2203 rae
277 2151 529 2203 civitates
597 2151 897 2203 Israeliticae
971 2151 1218 2203 diceren-

140 2236 222 2276 tur
249 2242 271 2275 2
300 2244 331 2272 n
365 2225 481 2274 haec
510 2224 953 2292 ChrysostomuS.

193 2314 227 2365 9
256 2299 534 2349 Cnnrsrus
556 2299 873 2347 Arosronos
912 2313 981 2347 m
1015 2312 1214 2347 ‘ramu-

136 2386 393 2421 urrromzs
439 2386 507 2419 ετ
547 2386 999 2421 νιτυρειυιτιοκεε
1039 2386 1211 2421 ’ποιε-

136 2457 338 2491 nAans
394 2457 635 2491 murto
693 2457 948 2492 sunrsms
1003 2457 1211 2491 nonn-

136 2530 259 2564 τοι.
335 2542 398 2552 -
477 2513 686 2565 Deinde
752 2523 874 2578 post
937 2523 1210 2564 ostensam

135 2583 568 2649 magnitudinem
616 2582 977 2634 tribulationis
1021 2582 1213 2633 immi-

135 2655 330 2716 nentis,
385 2654 632 2704 hortatur
678 2653 974 2718 discipulos
1000 2654 1066 2703 ad
1095 2654 1209 2719 ejus

137 2727 496 2787 tolerantiam,
524 2736 577 2777 et
616 2727 926 2776 consolatur
972 2741 1066 2776 eos
1107 2741 1209 2780 suo

136 2799 399 2862 exemplO,
431 2807 482 2847 et
527 2797 771 2862 procedit
805 2811 836 2847 a
881 2796 1078 2848 minori
1109 2798 1206 2859 sic,

135 2868 187 2918 Si
237 2868 300 2918 in
330 2866 611 2932 Magistm,
640 2867 697 2916 in
725 2867 981 2927 Domin0,
1020 2867 1077 2918 in
1124 2884 1209 2935 pa-

134 2938 450 2989 trefamilias
492 2938 855 3004 blasphemias
896 2939 1205 3004 iniecerunt,

133 3019 181 3059 et
222 3008 457 3073 injurias
500 3010 698 3060 multas
727 3009 843 3060 sine
883 3024 1040 3060 causa
1065 3009 1208 3061 fece-

133 3091 277 3142 runt,
329 3091 384 3132 et
430 3081 543 3147 ipse
572 3083 832 3147 patienter
866 3092 920 3134 et
941 3082 1207 3149 intrepide

134 3153 428 3217 sustinuit3
471 3155 643 3204 multo
693 3155 815 3220 plus
842 3154 934 3205 fiet
974 3155 1029 3204 in
1075 3155 1208 3221 ipsis

132 3224 223 3288 qui
267 3233 401 3273 sunt
432 3232 495 3274 ut
528 3224 809 3289 discipuli,
834 3225 977 3276 servi
1025 3236 1079 3277 et
1124 3225 1207 3277 fa-

131 3294 265 3344 muli
278 3309 297 3357 ;
342 3303 398 3343 et
449 3292 552 3359 ipsi
594 3294 847 3346 similiter
874 3296 1075 3347 debent
1107 3312 1206 3362 pa·

130 3365 326 3416 tienter
365 3364 650 3416 sustinere.
695 3366 850 3418 Unde
877 3366 1007 3418 dicit
1034 3385 1048 3419 ε
1078 3370 1205 3420 Non

130 3442 208 3485 est
231 3435 539 3500 discipulus
569 3450 730 3504 super
753 3438 1094 3504 magistrum,
1123 3454 1206 3490 ne·

130 3524 223 3574 que
255 3522 455 3558 servus
488 3523 659 3575 supra
703 3510 971 3563 amitinum
1029 3526 1201 3575 sunm,

129 3577 544 3646 intelligendum
587 3591 668 3632 est
691 3582 859 3633 donec
882 3593 935 3634 et
959 3584 1203 3650 quandiu

127 3650 289 3703 fuerit
356 3651 657 3718 discipulus
711 3664 767 3705 et
819 3670 1025 3706 servus.
1073 3657 1201 3708 Non

126 3730 220 3785 ert,
282 3722 529 3789 inquam,
571 3737 741 3789 super
778 3727 1104 3792 mag-istrum
1147 3734 1202 3779 et

126 3793 412 3858 ciminum,
439 3796 741 3848 secundum
783 3797 1010 3849 honoris
1033 3809 1198 3851 natu·-

127 3881 233 3918 ram
247 3884 266 3933 ;
296 3868 383 3919 vel
428 3881 533 3921 non
569 3874 655 3921 est
690 3869 1001 3938 discipulam
1032 3872 1088 3924 id
1115 3882 1196 3925 est

2305 253 2405 315 481

1339 380 1452 415 non
1486 363 1644 414 debet
1686 380 1804 415 esse
1832 379 2003 430 supra
2056 366 2410 432 magistr-um5

1337 450 1432 487 nec
1457 450 1648 485 servus
1673 436 1834 487 debet
1868 438 2005 487 velle
2031 451 2199 504 supra
2233 440 2410 489 domi-

1336 522 1462 556 num
1499 520 1669 569 sumn,
1717 509 1980 558 contraria
2031 519 2085 558 et
2125 510 2278 574 quasi
2306 526 2410 577 po·

1336 577 1568 627 tentiora
1624 577 1881 644 magistro
1929 589 1982 629 et
2032 580 2255 631 domino
2308 597 2409 632 suo

1336 648 1628 713 operando.
1684 648 1856 709 Quasi
1909 649 1987 700 eis
2035 651 2179 701 dicat
2226 669 2240 702 ε
2285 653 2408 703 Non

1335 722 1705 787 dedignemini
1747 724 1972 773 tolerare
2014 740 2129 784 vos,
2175 725 2314 775 servi
2357 736 2411 777 et

1337 794 1611 860 discipuli,
1635 795 1781 860 quod
1823 810 1922 861 ego
1962 796 2135 846 tolero
2159 797 2244 847 vel
2268 797 2408 848 tole-

1336 865 1484 929 tabe,
1520 866 1790 916 Dominus
1848 878 1900 917 et
1956 868 2233 933 Magister3
2279 869 2409 935 quia

1333 936 1603 988 Dominus
1643 954 1785 999 sum,
1819 938 2018 991 faciens
2074 941 2220 1006 quod
2263 942 2406 1003 volu,

1333 1018 1387 1058 et
1423 1010 1676 1075 Magister
1703 1026 1843 1071 sum,
1868 1012 2066 1061 docens
2089 1014 2237 1079 quod
2273 1013 2408 1064 utile

1332 1081 1462 1131 scio,
1509 1082 1626 1132 Mea
1651 1084 1895 1148 exempla
1922 1099 2018 1133 vos
2056 1083 2308 1149 doceant3
2339 1086 2406 1135 ad

1332 1168 1421 1203 me
1457 1153 1730 1219 respicite3
1764 1155 1895 1220 quid
1947 1155 2003 1204 in
2036 1172 2126 1207 me
2170 1156 2285 1207 fieri
2317 1158 2407 1207 vi·-

1329 1223 1468 1274 detis
1491 1224 1671 1273 hocin
1691 1225 1850 1274 vobis
1864 1240 1931 1274 ne
1949 1224 2271 1278 formidetis.
2293 1228 2403 1288 Qui

1331 1310 1419 1344 me
1442 1294 1710 1346 offendere
1728 1306 1781 1344 et
1799 1296 2046 1360 persequi
2065 1313 2172 1347 non
2188 1298 2402 1357 timent,

1326 1381 1425 1415 vos
1480 1381 1699 1432 quoque
1737 1366 2004 1417 offendere
2049 1378 2103 1417 et
2154 1369 2402 1435 persequi

1329 1453 1437 1486 non
1458 1436 1745 1486 timebunt.
1762 1437 1917 1487 Unde
1947 1436 2371 1501 Chr-rsonomus
2385 1457 2404 1491 .·

1328 1528 1356 1556 α
1388 1510 1543 1559 Nunc
1576 1508 1764 1575 incipit
1794 1524 1887 1559 eos
1918 1509 2185 1560 consolari
2204 1510 2262 1560 in
2291 1527 2408 1577 pase,

1327 1581 1577 1633 sionibus
1618 1598 1805 1633 eorum
1848 1582 2046 1633 futuris
2083 1598 2184 1633 suo
2229 1600 2404 1634 exem.

1325 1653 1435 1718 plo.
1479 1652 1751 1703 Naturalis
1776 1663 1858 1704 est
1884 1668 1992 1717 res,
2045 1653 2093 1703 si
2142 1670 2239 1720 pro
2290 1656 2405 1706 Deo

1328 1723 1582 1789 injuriam
1620 1724 1857 1789 patimur
1889 1725 1956 1774 ab
2001 1725 2274 1791 aliquibus
2325 1727 2406 1777 in·

1324 1796 1528 1862 dignis,
1578 1797 1862 1848 irascimur
1911 1808 1963 1848 et
2022 1799 2290 1852 dolemus.
2342 1799 2399 1850 Si

1324 1883 1451 1918 vero
1514 1868 1848 1920 audierimus
1898 1868 2138 1935 aliquam
2192 1872 2401 1935 praecla·

1324 1953 1440 1989 ram
1470 1954 1753 2005 personam
1799 1955 1921 2006 quae
1968 1940 2219 1990 similiter
2247 1957 2401 2006 passa

1323 2020 1424 2070 est,
1468 2009 1860 2076 refrigeramur,
1891 2021 1947 2061 et
1991 2010 2196 2061 inflatio
2251 2012 2400 2062 indi-

1322 2081 1598 2147 gnationis
1632 2092 1831 2132 nostra
1875 2083 2097 2133 laxatur.
2148 2081 2396 2134 Dicimus

1322 2152 1472 2202 enim
1510 2151 1614 2203 :Si
1663 2151 1747 2201 vir
1791 2151 1881 2202 ille
1926 2152 2021 2219 qui
2078 2151 2273 2202 clarior
2315 2163 2395 2204 est

1320 2239 1487 2290 quam
1534 2238 1652 2290 ego,
1695 2239 1885 2290 passus
1922 2234 2004 2275 est
2039 2223 2183 2283 talia,
2239 2225 2397 2289 plane

1320 2311 1419 2361 ego
1447 2294 1657 2360 injuriae
1692 2310 1825 2345 meoe
1853 2310 1964 2344 non
1996 2295 2164 2344 debeo
2198 2295 2397 2346 sentire

1317 2367 1584 2417 dolorem.
1645 2367 1860 2426 Quanto
1932 2367 2105 2433 magis
2162 2368 2399 2417 consola·

1319 2438 1519 2487 buntur
1589 2436 1847 2502 discipuli
1922 2437 1980 2488 in
2047 2436 2391 2503 passionibus

1317 2507 1451 2568 suis,
1482 2523 1607 2558 cum
1652 2507 1908 2573 discipuli
1937 2518 2114 2558 essent
2151 2518 2202 2558 et
2232 2508 2390 2569 servi,

1317 2581 1663 2632 recordantes
1694 2580 1976 2631 Christum
2003 2580 2302 2630 Dominum
2336 2591 2392 2632 et

1316 2651 1635 2717 Magistrum
1687 2650 1817 2701 talia
1864 2662 1959 2701 aut
2021 2652 2221 2716 majora
2278 2667 2391 2717 per-

1315 2738 1533 2788 pessum
1572 2738 1589 2771 :
1621 2740 1650 2769 n
1675 2721 1790 2771 haec
1832 2722 2275 2790 Chrysostomus.
2320 2722 2392 2772 Et

1314 2798 1434 2847 ideo
1479 2797 1680 2846 debent
1715 2796 2014 2847 Dominum
2068 2813 2177 2847 non
2209 2797 2389 2847 solum

1313 2868 1593 2934 patienter,
1605 2869 1698 2919 sed
1717 2869 1879 2919 etiam
1901 2870 2193 2936 gaudenter
2213 2869 2386 2935 sequi,

1312 2939 1462 3007 quia,
1499 2949 1563 2991 ut
1598 2939 1731 2990 dicit
1759 2941 1965 2992 Seneca
1992 2958 2010 2991 .·
2037 2959 2066 2987 α
2085 2940 2259 2989 Malus
2291 2939 2390 2989 rni-

1312 3012 1391 3062 les
1444 3020 1543 3074 ατ,
1591 3009 1686 3076 qui
1741 3010 2119 3076 imperatorem
2166 3024 2387 3075 gemens

1313 3080 1577 3147 sequitur.
1602 3099 1630 3127 n
1655 3081 1722 3131 Et
1753 3081 2035 3147 subjungit
2061 3081 2333 3130 Dominus
2365 3096 2383 3129 ε

1312 3151 1528 3217 Sufficit
1562 3151 1849 3217 discipulo,
1898 3152 1954 3202 id
1999 3161 2082 3202 est
2143 3149 2386 3200 sufficere

1312 3222 1490 3282 debet,
1522 3228 1580 3272 ut
1611 3222 1687 3272 sit
1703 3223 1851 3273 sicut
1881 3223 2150 3288 magister
2181 3220 2314 3287 ἠως,
2334 3225 2387 3271 el

1312 3307 1500 3356 servo,
1527 3299 1586 3343 ut
1620 3294 1694 3344 sit
1739 3293 1883 3344 sicut
1923 3293 2171 3344 domninus
2224 3292 2382 3358 ejus:

1310 3364 1532 3430 injurias
1588 3367 1932 3433 suscipiens,
1991 3377 2046 3418 et
2091 3365 2383 3416 vindictam

1312 3456 1424 3490 non
1465 3456 1736 3507 quaerens3
1791 3443 1930 3493 mala
1981 3440 2247 3506 recipiens
2268 3478 2281 3500 ‚
2329 3448 2384 3489 et

1312 3511 1573 3562 beneficia
1611 3513 1896 3566 conferens
1917 3551 1934 3572 ,
1994 3513 2078 3563 vel
2136 3509 2383 3561 sufficere

1307 3582 1534 3633 debetei
1566 3582 1613 3633 si
1643 3599 1752 3633 non
1791 3585 1914 3650 plus
1948 3583 2289 3633 conculcetur
2325 3588 2383 3629 et

1308 3663 1700 3706 contemnatur.
1744 3655 2010 3706 Perfectus
2049 3663 2230 3704 autem
2277 3649 2380 3701 erit

1306 3724 1352 3775 si
1392 3725 1466 3776 sit
1506 3724 1648 3775 sicut
1707 3727 1963 3792 magister
2011 3734 2063 3775 et
2119 3720 2380 3771 dominus

1304 3799 1440 3864 ejus,
1470 3799 1649 3865 ipsum
1679 3798 1738 3849 in
1765 3800 1883 3850 suis
1910 3796 2177 3849 imitando
2203 3793 2385 3860 operi-

1304 3873 1426 3936 bus,
1466 3872 1596 3940 quia
1647 3872 1902 3940 perfectio
1938 3880 2024 3923 est
2055 3868 2378 3922 assimilatio
