2757 4413
393 326 487 376 DE
524 326 1050 377 INCREPATIONE
1083 326 1607 378 PHARISAEORUM
1641 327 1734 378 ET
1766 327 2205 379 LEGISPERIT.

221 443 367 495 Unde
418 443 716 510 Cyn-illus:
766 462 794 490 «
825 444 921 494 Per
971 460 1032 495 ea
1071 443 1269 510 quibus

218 515 337 565 illos
352 515 716 580 reprehendit,
733 531 831 565 nos
851 514 975 566 facit
989 515 1236 565 meliores
1250 531 1265 578 ;

217 589 326 638 vult
356 587 503 637 enim
533 587 825 638 ambitione
862 603 962 638 nos
991 603 1183 646 carere,
1217 598 1269 638 et

217 675 315 710 non
340 661 464 725 plus
488 659 664 709 venari
696 661 1077 726 apparentiam,
1104 676 1268 725 quam

216 749 385 784 veram
414 733 772 792 existentiam,
800 734 946 800 quod
976 744 1103 783 tunc
1137 734 1271 783 Pha-

215 803 346 853 risaei
372 803 616 868 agebant.
642 822 668 849 n
690 804 845 854 Unde
872 814 924 853 et
948 804 1270 870 chrysosto-

214 890 325 925 mus
353 893 369 925 .·
402 893 430 921 «
471 876 574 925 Sed
618 876 760 940 quod
811 876 943 926 tales
974 877 1269 926 exstiterint

219 945 466 996 Pharisaei
494 962 603 996 non
633 956 713 996 est
732 947 993 998 mirabile.
1016 947 1070 997 Si
1090 957 1267 998 autem

217 1032 309 1068 nos
339 1016 492 1081 digni
523 1017 746 1083 reputati
776 1017 890 1068 fieri
921 1020 1136 1084 templa,
1171 1017 1266 1068 fia-

215 1103 332 1138 mus
382 1097 598 1152 repente
643 1088 924 1154 sepulchra
959 1090 1135 1139 solum
1166 1087 1270 1139 foe-

215 1169 380 1210 torem
412 1160 756 1222 continentia,
780 1161 882 1211 hoc
906 1171 988 1211 est
1015 1172 1267 1212 extremae

218 1230 467 1283 miseriae.
499 1251 528 1280 ν)

269 1301 303 1352 6
321 1304 695 1353 ΑοοεΡτιοΝεκ
722 1317 1069 1353 PERsonARmt
1106 1317 1272 1353 ,τηετι-

208 1389 295 1424 rm
327 1389 661 1424 cononum-r.
710 1403 769 1412 —
817 1373 1048 1434 Quidam
1090 1380 1267 1425 autem

205 1445 579 1512 Legisperitus
620 1445 760 1496 dicta
810 1459 840 1495 a
882 1444 1101 1495 Christo
1132 1461 1265 1495 con-

206 1524 285 1566 tra
331 1515 632 1565 Pharisaeos
660 1514 715 1564 in
745 1515 1126 1565 contumeliam
1162 1516 1267 1566 Le-

208 1585 588 1652 gisperitorum
647 1594 937 1650 retorquet,
1004 1585 1187 1635 dicens
1233 1602 1266 1636 ⁷:

207 1656 504 1721 Magister,
532 1656 648 1707 hoec
676 1656 872 1717 dicem,
923 1671 1032 1706 non
1062 1664 1264 1705 tantum

207 1726 510 1789 PharisaeiS‚
540 1727 634 1776 sed
658 1727 815 1776 etiam
835 1725 1002 1788 nobiS‚
1027 1725 1270 1791 Legispe-

205 1796 338 1856 ritis,
370 1797 466 1863 qui
498 1798 722 1861 majores
751 1812 962 1866 sumus,
994 1803 1265 1848 contume-

206 1867 330 1917 liam
349 1867 525 1933 sacis.
560 1866 661 1916 Hic
708 1867 1070 1933 Legisperitus
1106 1869 1265 1934 igno-

200 1938 346 1989 rabat
364 1937 649 2002 imperitus
670 1938 861 2003 Legem
877 1937 1129 1999 veritatis,
1142 1938 1270 2004 quia

202 2010 503 2076 redargutio
550 2011 717 2075 culpae
755 2025 863 2064 non
889 2020 970 2060 est
1000 2021 1269 2061 contume-

204 2081 272 2131 lia
298 2097 545 2146 personae
567 2098 582 2144 3
608 2091 660 2132 et
688 2082 781 2148 qui
807 2083 1069 2132 erubescit
1098 2083 1267 2132 redar-

207 2153 314 2219 gui,
368 2163 536 2203 cesset
593 2168 622 2202 a
678 2154 860 2220 culpa;
894 2169 986 2204 nec
1033 2153 1265 2204 offendat

209 2240 330 2275 eum
364 2224 705 2290 corripientis
747 2226 961 2286 caritaS‚
1013 2227 1103 2276 sed
1138 2242 1264 2291 pro-

207 2295 318 2361 pria
346 2296 627 2362 iniquitas·
659 2297 764 2347 Ubi
798 2298 948 2347 Beda
980 2315 997 2347 .·
1023 2315 1048 2343 «
1088 2297 1263 2355 Quam

208 2367 403 2417 misera
426 2367 769 2427 conscientia,
804 2382 941 2432 quae,
963 2367 1143 2417 audito
1166 2366 1261 2417 Dei

198 2437 375 2497 verb0‚
399 2437 508 2487 sibi
540 2437 918 2487 contumeliam
944 2436 1057 2487 fieri
1083 2445 1257 2502 putat3

198 2518 263 2568 et,
281 2519 700 2559 commemorata
730 2524 887 2573 poena
916 2508 1260 2575 perfidorum,

197 2594 254 2630 se
279 2595 497 2646 semper
551 2579 951 2645 intelligitesse
993 2580 1259 2629 damnan-

198 2653 346 2703 dam!
379 2651 537 2702 Unde
560 2650 698 2700 mihi
725 2650 968 2716 meisque
987 2649 1260 2700 similibus

195 2737 367 2773 unum
399 2731 646 2786 superest
678 2720 996 2787 suffragium
1026 2720 1257 2770 Domino

196 2808 318 2844 cum
356 2793 623 2858 Propheta
652 2792 949 2858 supplicare
984 2807 997 2840 ε
1044 2792 1257 2841 Utinam

195 2865 515 2932 dirigantur
545 2865 648 2914 viae
680 2875 810 2913 meoe
837 2864 910 2912 ad
958 2862 1259 2913 custodien-

196 2936 298 2987 das
337 2935 765 3003 justificationes
796 2941 920 2985 tuas
931 2950 953 2996 ,·
993 2939 1114 2983 tunc
1155 2948 1257 2984 non

192 3008 516 3073 confundar,
542 3008 671 3056 dum
697 3006 975 3072 respiciam
1001 3005 1055 3054 in
1076 3004 1258 3055 omnia

191 3081 445 3129 mandata
468 3088 558 3129 tua
579 3095 592 3127 ε
616 3096 642 3123 n
665 3077 778 3126 haec
797 3077 967 3127 Beda.
994 3076 1256 3126 Commu-

186 3150 326 3200 niter
383 3150 583 3201 Scribae
637 3161 687 3200 et
746 3148 1061 3215 Legisperiti
1109 3159 1260 3199 erant

187 3220 439 3271 doctores
493 3220 653 3286 Legis
671 3258 685 3280 ,
735 3220 1058 3286 quaestiones
1102 3220 1259 3285 Legis

185 3294 486 3355 solvente53
553 3291 803 3342 Pharisaei
862 3307 1006 3352 ver0,
1056 3292 1259 3342 scilicet

185 3363 529 3414 sacerdotesJ
539 3362 833 3424 udaeorum,
855 3362 1013 3412 divisi
1033 3363 1097 3412 ab
1116 3362 1256 3422 aliis,

188 3433 345 3499 quasi
373 3432 613 3498 religiosi
634 3433 964 3484 videbantur.
992 3432 1259 3482 Dominus

184 3513 365 3553 autem
423 3503 734 3554 liberrimus
772 3503 1026 3557 vitiorum
1077 3518 1257 3553 corre-

186 3584 318 3637 ctor,
372 3591 471 3625 nec
524 3576 981 3643 Legisperitorum
1011 3574 1257 3626 altitudi-

186 3661 313 3696 nem
345 3647 665 3710 verebatur3
718 3650 810 3698 sed
847 3663 939 3697 eos
969 3645 1255 3711 redarguit,

185 3717 317 3782 quia
347 3727 561 3783 peccata
588 3734 775 3769 eorum
799 3718 1012 3784 publica
1058 3728 1110 3767 et
1140 3731 1256 3766 ma-

188 3790 386 3841 nifesta
415 3801 586 3852 erant,
640 3801 692 3842 et
744 3792 883 3852 ideo,
908 3790 1121 3857 publice
1165 3805 1255 3840 eos

189 3863 485 3927 arguendo,
514 3862 891 3913 contumeliam
920 3862 997 3913 eis
1035 3878 1143 3911 non
1173 3861 1256 3912 fa-

185 3930 365 3985 >ciebat
385 3971 401 3996 ,
443 3945 606 4000 prout
634 3934 733 3986 iste
756 3933 1115 4000 Legisperitus
1148 3931 1254 3984 sibi

2332 326 2435 395 695

1374 444 1702 510 imponebat.
1724 445 1826 495 Sed
1849 460 1957 494 non
1983 445 2059 494 sic
2080 444 2243 494 hodie
2268 443 2439 494 nostri

1374 519 1601 582 majores
1645 517 1862 577 faciunt,
1908 517 2002 584 qui
2034 517 2089 566 in
2117 516 2434 582 corrigendo

1375 592 1632 652 personas
1663 587 1947 653 accipiunt.
1978 587 2132 637 Unde
2159 586 2433 652 Augusti-

1373 671 1473 707 nus
1498 673 1513 706 .·
1545 675 1572 702 ι(
1600 657 1781 706 Nostri
1806 657 2074 722 principes
2097 673 2217 706 cum
2241 670 2434 722 paupe-

1372 746 1457 781 res
1480 731 1849 796 delinquentes
1877 731 2088 796 publice
2116 740 2340 796 arguant
2381 739 2433 780 et

1371 803 1714 865 confundant,
1765 804 2019 855 divitibus
2069 805 2266 869 majora
2306 818 2432 868 pec-

1372 876 1636 936 cantibus,
1667 892 1765 926 nec
1798 886 1991 926 nutum
2019 875 2238 926 faciunt.
2279 876 2428 936 Qua-

1372 959 1587 1015 propter
1604 951 1941 1014 Anaxagoras
1957 951 2097 1017 leges
2121 948 2429 1015 principum

1372 1022 1493 1071 telis
1539 1036 1855 1071 aranearum
1901 1022 2254 1086 comparabat,
2307 1033 2429 1086 quae

1373 1092 1582 1142 minora
1610 1091 1862 1142 animalia
1890 1092 2123 1158 capiunt,
2154 1093 2430 1156 et·majora

1369 1164 1760 1215 transmittunt.
1821 1182 1849 1211 n
1898 1165 2054 1215 Unde
2096 1164 2433 1231 Chrysosto—

1373 1249 1490 1284 mus
1525 1252 1541 1285 .·
1572 1251 1600 1280 ι(
1628 1233 1683 1284 Si
1716 1234 1974 1300 possibile
2001 1244 2138 1284 esset
2159 1234 2214 1283 in
2245 1234 2434 1285 divites

1372 1306 1660 1357 vindictam
1684 1307 1986 1372 procedere,
2018 1306 2226 1356 videres
2254 1322 2318 1356 ex
2354 1306 2435 1357 eis

1372 1377 1562 1443 repleri
1593 1393 1828 1427 carceres
1857 1377 2162 1438 univers053
2188 1377 2278 1426 sed
2308 1391 2433 1426 cum

1372 1450 1627 1500 omnibus
1666 1449 1780 1500 suis
1835 1450 1938 1499 hoc
1978 1448 2178 1498 malum
2231 1448 2434 1500 habent

1371 1521 1589 1582 divitiae,
1639 1522 1784 1586 quod
1830 1521 1883 1571 in
1919 1520 2249 1586 malignitate
2307 1535 2431 1585 pec-

1370 1604 1548 1644 cantes
1577 1595 1643 1644 ab
1673 1594 1968 1644 ultionibus
1987 1602 2197 1643 eruunt.
2226 1610 2254 1639 n
2281 1591 2432 1642 Unde

1371 1663 1532 1714 etiam
1586 1665 1832 1715 Valerius
1883 1664 2171 1715 Maximus
2228 1672 2426 1723 narrat,

1371 1738 1515 1804 quod
1543 1739 1784 1788 Socrates
1815 1737 2003 1788 videns
2026 1752 2198 1787 unum
2221 1735 2342 1786 duci
2362 1736 2430 1801 ad

1370 1809 1720 1874 suspendium
1775 1808 1910 1869 risit,
1969 1819 2021 1859 et
2072 1807 2429 1872 interrogatus

1369 1898 1464 1933 cur
1492 1882 1703 1946 rideret,
1730 1882 2006 1948 respondit
2048 1898 2061 1932 t
2107 1880 2280 1931 Video
2310 1896 2429 1931 ma·-

1369 1970 1505 2020 gnos
1546 1955 1774 2005 latrones
1804 1954 2058 2013 ducentes
2097 1967 2317 2018 parvum
2349 1952 2429 2002 la·

1368 2037 1578 2077 tronem
1650 2028 1714 2077 ad
1791 2025 2162 2092 suspendium.
2221 2024 2428 2074 Minuta

1368 2096 1641 2163 sacrilegia
1703 2097 2027 2162 puniuntur3
2076 2096 2164 2145 sed
2233 2109 2428 2159 magna

1367 2168 1662 2236 triumphis
1687 2168 2031 2219 extolluntur.
2063 2167 2217 2219 Unde
2246 2176 2297 2216 et
2321 2167 2428 2217 Au-

1366 2241 1621 2307 gustinus
1661 2255 1678 2290 .·
1726 2258 1753 2286 «
1806 2239 2028 2289 Remota
2049 2237 2268 2303 justitia,
2294 2235 2429 2303 quid

1366 2320 1493 2360 sunt
1546 2323 1725 2374 regna,
1753 2308 1857 2358 nisi
1895 2322 2087 2373 magna
2114 2306 2424 2357 latrocinia?

1366 2391 1417 2431 et
1445 2379 1738 2441 latrocinia,
1780 2378 1911 2444 quid
1953 2389 2106 2441 sunt,
2131 2377 2235 2427 nisi
2267 2392 2426 2442 parva

1368 2450 1554 2516 regna?
1598 2468 1624 2495 »
1650 2449 1774 2499 Ideo
1797 2450 2062 2515 eleganter
2093 2458 2145 2498 et
2171 2446 2425 2497 veraciter

1366 2520 1666 2572 Alexandro
1722 2521 1917 2586 Magno
1976 2517 2196 2584 quidam
2252 2517 2437 2582 pirata¹

1346 2591 1807 2657 ,comprehensus,
1838 2608 1962 2642 curn
2002 2590 2069 2640 ab
2097 2605 2160 2640 eo
2190 2590 2424 2639 interro-

1365 2674 1516 2729 gatus
1572 2662 1703 2729 quid
1752 2662 1854 2713 sibi
1890 2673 1949 2712 ut
1994 2676 2139 2711 mare
2168 2659 2420 2709 infestum

1364 2734 1618 2785 haberet?
1650 2734 1740 2783 Ille
1767 2734 1932 2783 libera
1955 2746 2084 2782 voce
2104 2730 2380 2795 respondit
2407 2747 2421 2780 :

1365 2807 1511 2868 Quid
1542 2805 1640 2856 tibi
1673 2815 1733 2855 ut
1759 2806 1944 2855 orbem
1981 2802 2272 2854 terrarum?
2314 2802 2421 2852 Sed

1364 2876 1494 2941 quia
1520 2891 1618 2941 ego
1651 2874 1843 2940 exiguo
1874 2873 2085 2940 navigio
2109 2872 2262 2936 facio,
2286 2873 2421 2922 latro

1362 2962 1556 3011 vocor3
1589 2946 1715 3012 quia
1742 2957 1802 2996 tu
1831 2962 2024 3011 magna
2043 2946 2223 3007 classe,
2245 2944 2422 3010 impe-

1364 3031 1522 3071 rator.
1555 3021 1620 3070 Et
1642 3034 1817 3069 revera
1841 3019 1933 3080 sic,
1963 3018 2098 3070 heu!
2131 3029 2210 3069 est
2230 3028 2281 3068 et
2313 3017 2421 3068 ho·-

1363 3090 1484 3152 die3
1521 3105 1644 3139 nam
1677 3089 1914 3140 minores
1942 3100 1994 3140 et
2041 3104 2298 3155 pauperes
2324 3103 2421 3154 pro

1363 3160 1466 3210 levi
1497 3160 1916 3226 transgressione
1943 3160 2172 3226 graviter
2195 3160 2422 3225 puniun-

1362 3240 1466 3291 tur,
1511 3231 1602 3281 sed
1646 3230 1871 3295 majores
1910 3242 1961 3281 et
1991 3242 2231 3298 potentes
2259 3230 2420 3283 etiam

1364 3318 1460 3368 pro
1488 3302 1802 3352 enormibus
1835 3303 1972 3353 nihil
2002 3303 2293 3369 patiuntur.
2317 3300 2421 3350 Sed

1364 3389 1473 3422 non
1506 3372 1821 3439 glorientur,
1844 3375 1970 3440 quia
1994 3375 2050 3424 in
2076 3371 2324 3439 praesenti
2342 3371 2418 3421 sic

1363 3442 1543 3493 intacti
1584 3453 1923 3508 permanent3
1978 3460 2100 3493 nam
2143 3443 2198 3492 in
2239 3440 2420 3491 futuro

1363 3528 1546 3579 poenas
1574 3512 1780 3563 debitas
1808 3530 1929 3564 cum
1957 3528 2118 3564 usura
2145 3511 2416 3577 recipient.

1361 3584 1516 3632 Tunc
1551 3582 1858 3647 potentibus
1892 3582 1984 3649 qui
2022 3581 2110 3632 hic
2138 3591 2188 3632 et
2227 3596 2420 3645 perpe-

1362 3667 1475 3702 ram
1492 3667 1748 3718 pauperes
1771 3652 2077 3703 innocentes
2094 3651 2416 3716 judicabant,

1360 3726 1570 3775 nullum
1624 3723 1723 3774 erit
1768 3722 2159 3782 consistorium,
2203 3722 2416 3771 nullum

1361 3794 1624 3857 tribunal;
1653 3796 1746 3845 sed
1776 3799 1953 3845 coram
1989 3793 2095 3843 illis
2120 3804 2246 3843 tunc
2269 3791 2416 3858 judi-

1359 3866 1443 3917 cio
1489 3868 1723 3926 stabunt,
1764 3882 1899 3932 quos
1928 3865 2015 3915 hic
2040 3880 2139 3914 suo
2167 3880 2416 3931 perverso

1357 3936 1559 4004 judicio
1595 3936 1795 3988 nedum
1842 3935 2165 4001 judicabant,
2214 3935 2310 3987 sed
2362 3944 2416 3988 et
