2757 4413
551 280 643 330 DE
675 278 1223 332 HAEMORRHOICA
1256 281 1348 333 ET
1375 283 1962 336 ARCHISYNAGOGI
1995 288 2195 339 FILIA.

286 409 440 452 sanata
484 397 611 459 fuit,
668 397 798 464 quia
838 395 1063 448 fundere
1103 399 1317 465 sangui-

286 489 389 525 nem
411 472 722 524 catholicum
742 470 967 534 destitit,
990 480 1042 522 et
1066 472 1133 522 ab
1152 472 1317 524 idolo·

282 546 453 606 latriae,
506 560 563 595 ac
607 543 783 595 carnis
826 544 1173 596 delectatione
1199 585 1214 606 ,
1262 556 1315 597 et

281 615 530 682 sanguinis
564 613 827 666 effusione
859 625 1043 665 sanata
1083 615 1203 676 fuit,
1254 632 1313 667 ac

279 688 334 737 ab
350 688 451 751 ejus
467 686 762 752 pollutione
789 686 1031 757 cessavit.
1059 687 1313 754 Pergente

277 768 430 808 autem
451 757 682 807 Domino
705 757 772 806 ad
796 756 965 807 filiam
992 758 1316 824 Archisyna-

275 829 398 896 gogi,
441 829 631 879 mulier
684 829 937 879 morbosa
984 840 1166 882 sanata
1210 841 1309 891 est,

273 902 384 968 quia
422 901 495 952 sic
537 901 846 967 dispensata
896 911 976 951 est
1012 903 1156 953 salus
1199 903 1309 953 hu-

273 973 422 1023 manis
450 973 676 1039 generiS,
724 982 786 1023 ut
827 971 1002 1039 primo
1039 972 1207 1040 aliqui
1248 989 1312 1025 ex

268 1045 423 1106 Israel,
476 1045 668 1096 deinde
721 1045 1000 1111 plenitudo
1050 1047 1309 1098 Gentium

268 1116 478 1177 intraret,
509 1127 561 1167 et
593 1116 670 1166 sic
708 1117 890 1167 omnis
928 1117 1085 1168 lsrael
1132 1119 1311 1170 salvus

266 1186 412 1238 fieret.
451 1187 854 1238 Haemorrhoica
888 1197 1069 1239 autem
1103 1200 1305 1254 sanata,

263 1261 665 1328 Archisynagogi
696 1259 808 1312 filia
837 1261 1117 1313 nuntiatur
1160 1279 1310 1314 mor-

264 1341 362 1396 tua,
385 1333 508 1399 quia
541 1333 672 1383 dum
718 1332 1002 1384 Gentilitas
1038 1334 1102 1383 ad
1134 1335 1308 1386 Deum

261 1404 589 1467 convertitur,
645 1418 917 1469 synagoga
966 1404 1202 1469 perfidiae
1257 1417 1309 1457 et

259 1471 456 1526 invidiae
515 1485 655 1525 recte
726 1486 939 1525 mortua
1010 1475 1307 1527 nuntiatur.

262 1544 366 1594 Hoc
395 1546 549 1596 etiam
598 1544 959 1612 significatum
991 1545 1095 1597 fuit
1127 1547 1181 1597 in
1210 1563 1309 1613 pa-

260 1615 427 1666 rabola
461 1617 548 1667 &de
591 1617 805 1666 duobus
858 1616 1023 1678 filiis,
1073 1634 1307 1684 quorum

255 1688 424 1738 senior
475 1689 542 1739 de
597 1688 948 1740 conversione
998 1691 1309 1742 tristabatur

254 1757 487 1823 iunioris.
508 1762 664 1812 Unde
688 1762 1008 1813 Ambrosius
1032 1781 1050 1814 .-
1075 1782 1102 1810 α
1132 1765 1306 1825 Quem

251 1842 420 1882 autem
472 1843 725 1898 putamus
780 1836 1063 1901 synagogae
1117 1836 1309 1902 princi·

255 1920 369 1971 pern
403 1921 536 1967 esse,
583 1906 688 1957 nisi
728 1907 947 1973 Legem,
991 1908 1140 1973 cujus
1186 1925 1308 1959 con·

251 1977 585 2042 templatione
648 1977 917 2029 Dominus
978 1995 1307 2047 synagogam

251 2063 354 2097 non
407 2049 622 2115 penitus
662 2048 987 2116 dereliquit?
1039 2052 1120 2101 Ad
1173 2052 1308 2103 hanc

249 2127 420 2169 autem
468 2119 730 2185 principis
773 2120 964 2181 filiam,
1002 2122 1132 2172 dum
1175 2138 1307 2189 pro-

247 2200 386 2255 perat
421 2190 516 2241 Dei
542 2191 803 2253 Verbum,
829 2202 890 2244 ut
912 2193 1089 2245 salvos
1117 2192 1308 2246 faceret

246 2259 382 2311 filios
404 2263 583 2323 Israel,
605 2275 788 2314 sancta
806 2263 1040 2316 Ecclesia
1063 2276 1145 2316 est
1171 2267 1307 2317 Gen·

245 2331 386 2381 tibus
430 2343 767 2398 congregata,
818 2350 939 2401 quae
988 2334 1305 2387 inferiorum

242 2403 391 2470 lapsu
424 2405 716 2456 criminum
756 2407 1076 2472 deperiebat,
1118 2419 1170 2460 et
1212 2425 1308 2476 pa-

241 2489 407 2529 ratam
426 2479 551 2530 aliis
572 2479 677 2531 fide
711 2481 984 2548 praeripuit
1004 2483 1304 2536 sanitatem.

242 2547 382 2608 Quid
434 2559 614 2600 autem
661 2551 764 2602 sibi
818 2553 946 2612 vult,
998 2555 1145 2620 quod
1191 2554 1304 2606 haec

238 2617 498 2685 principis
546 2620 843 2687 Synagogae
896 2622 1006 2674 filia
1044 2639 1304 2676 annorum

237 2688 515 2739 duodecim
574 2691 902 2743 moriebatur
923 2731 937 2753 ‚
993 2705 1046 2746 et
1111 2695 1307 2746 mulier

237 2757 338 2808 ista
364 2759 516 2809 fluxu
558 2761 835 2827 sanguinis
867 2764 938 2815 ab
978 2765 1138 2816 annis
1165 2766 1304 2818 duo-

235 2829 405 2880 decim
436 2831 726 2892 laborabat,
757 2833 861 2884 nisi
891 2845 950 2886 ut
973 2835 1305 2903 intelligatur

232 2899 365 2965 quia
405 2902 649 2967 quandiu
692 2919 962 2972 synagoga
1000 2907 1188 2973 viguit,
1225 2909 1303 2958 la-

233 2971 446 3021 boravit
487 2972 745 3025 Ecclesia?
769 2995 795 3022 1>
828 2977 983 3027 Unde
1008 2988 1059 3028 et
1098 2979 1306 3030 Hiero-

232 3057 436 3109 nymus
456 3059 473 3092 .-
506 3061 533 3088 e<
570 3044 708 3095 Nota
741 3061 868 3113 ergo
903 3049 1049 3114 quod
1083 3065 1147 3100 eo
1177 3061 1305 3101 tem·

232 3126 365 3176 pore
402 3111 515 3162 haec
565 3114 779 3175 mulier,
829 3116 883 3166 id
927 3128 1008 3169 est
1044 3120 1302 3172 Gentium

228 3183 506 3247 populus,
557 3195 787 3251 coeperat
841 3199 1133 3255 aegrotare,
1192 3208 1303 3258 quo

227 3267 405 3318 genus
422 3255 646 3306 credidit
662 3258 690 3307 J
696 3259 971 3311 udaeorum
986 3277 1001 3324 ;
1027 3263 1131 3314 nisi
1153 3264 1301 3314 enim

225 3337 299 3374 ex
331 3328 727 3391 comparatione
758 3330 1069 3394 criminum,
1104 3329 1299 3387 vitium

224 3409 345 3444 non
392 3397 710 3450 ostenditur.
750 3420 778 3448 »
821 3403 1093 3456 Moraliter
1139 3408 1299 3460 etiam

220 3480 326 3532 per
352 3467 633 3518 mulierem
663 3473 944 3538 sanguinis
968 3475 1174 3528 fluxum
1201 3495 1300 3546 pa-

217 3536 474 3596 tientem,
512 3555 738 3604 persona
778 3547 1044 3609 peccatrix
1076 3563 1106 3599 a
1134 3550 1298 3617 longo

217 3617 472 3673 tempore
508 3620 560 3660 et
597 3610 663 3661 de
692 3626 901 3678 peccato
932 3616 989 3668 in
1019 3631 1294 3684 peccatum

218 3678 459 3741 cadenS,
510 3691 685 3746 potest
741 3684 1001 3754 intelligi;
1046 3706 1169 3757 quae
1214 3704 1296 3746 ta-

220 3764 357 3800 men
401 3753 703 3803 remedium
738 3758 932 3822 quaerit
965 3775 998 3812 a
1042 3763 1298 3826 Domin0,

221 3819 418 3872 dicens
445 3822 496 3873 ei
523 3840 538 3874 z
568 3826 765 3877 Libera
791 3844 873 3880 me
898 3831 964 3883 de
1005 3837 1297 3901 sanguini-

223 3891 345 3956 buS‚
363 3892 531 3959 Deus,
562 3896 713 3948 Deus
736 3898 928 3954 salutis
954 3921 1102 3958 meae.
1119 3908 1301 3963 Domi.

2383 288 2491 356 455

1424 417 1529 452 nus
1569 417 1696 470 ergo
1742 405 1986 472 quotidie
2035 404 2322 456 mulierem
2366 422 2495 457 san-

1421 472 1586 538 guine
1618 474 1875 527 fluentem
1911 486 2080 537 sanat,
2102 477 2234 527 dum
2252 476 2490 529 animam

1420 546 1645 598 diversis
1662 548 1811 600 vitiis
1831 559 2135 615 corruptam
2158 566 2252 616 per
2264 550 2490 617 gratiam

1421 627 1590 668 curat.

1483 687 1517 738 8
1551 690 1821 742 Cnmsrus
1865 707 2050 742 noum(
2094 693 2234 743 JAuu
2268 706 2495 741 munus

1419 776 1856 813 ruituri-rumfea
1902 778 2116 812 runnu
2161 779 2326 813 paruo
2377 778 2489 812 1311-

1420 849 1523 884 ctr.
1551 863 1613 872 —
1641 834 1864 898 Deinde,
1894 852 2017 887 cum
2060 835 2238 885 nuntii
2277 836 2344 885 ad
2382 836 2492 885 Ar-

1418 903 1846 972 chisynagogum
1899 905 2191 965 venissent,
2250 905 2493 956 dicentes

1418 978 1531 1041 ejus
1559 975 1725 1028 filiam
1755 979 1860 1043 jam
1891 994 2006 1029 esse
2033 987 2325 1037 mortuam,
2351 977 2494 1027 dixit

1418 1047 1573 1097 Jesus
1599 1048 2053 1115 ArchisynagogO,
2080 1065 2204 1100 eum
2231 1048 2297 1098 ad
2324 1047 2489 1097 fidem

1418 1117 1766 1170 confortando
1800 1119 1979 1170 :Noli
2025 1120 2228 1183 timere,
2276 1118 2333 1168 in
2383 1117 2491 1168 fide

1418 1186 1733 1250 dubitando,
1780 1190 1935 1240 crede
1982 1196 2204 1252 tantum,
2251 1194 2303 1239 et
2332 1187 2490 1238 salva

1418 1257 1522 1308 erit
1549 1273 1580 1308 a
1603 1268 1792 1310 morte.
1822 1260 1901 1310 Et
1928 1273 2044 1310 cum
2069 1260 2301 1310 venisset
2324 1260 2494 1309 Jesus

1416 1329 1492 1378 ad
1522 1329 1731 1380 domum
1761 1330 2047 1396 principIS,
2090 1330 2292 1381 invenit
2321 1328 2488 1380 filiam

1416 1400 1532 1464 ejus
1585 1401 1691 1465 jam
1751 1400 2079 1465 defunctam,
2140 1406 2193 1451 et
2247 1400 2491 1450 tibicines

1417 1472 1775 1523 conductitios
1801 1489 2013 1523 carmen
2035 1472 2263 1539 lugubre
2289 1487 2490 1522 canen-

1416 1555 1515 1595 tes.
1554 1545 1787 1597 Diversae
1832 1547 1979 1597 enim
2021 1544 2267 1597 melodiae
2311 1544 2490 1595 diver-

1416 1633 1501 1668 sas
1540 1618 1816 1684 passiones
1847 1619 2080 1670 excitant
2119 1618 2176 1669 in
2220 1618 2442 1668 homine
2473 1634 2489 1668 2

1414 1690 1608 1756 aliquae
1646 1690 1795 1741 enim
1824 1690 2053 1741 excitant
2085 1689 2386 1749 audaciam,
2430 1698 2492 1739 ut

1416 1771 1558 1827 patet
1596 1761 1653 1813 in
1696 1762 1842 1814 tubis
1874 1762 2118 1825 bellicis;
2150 1761 2347 1828 aliquae
2387 1760 2488 1811 de·-

1415 1834 1705 1897 votionem,
1736 1843 1796 1885 ut
1840 1844 1984 1901 patet
2030 1834 2084 1885 in
2123 1833 2345 1884 canticis
2381 1833 2490 1883 Ec-

1413 1904 1748 1968 clesiasticis3
1772 1905 1963 1972 aliquae
1982 1904 2240 1963 laetitiam,
2263 1914 2324 1955 ut
2349 1911 2491 1969 patet

1414 1974 1471 2026 in
1518 1975 1743 2027 diversis
1796 1975 2173 2027 instrumentis
2216 1973 2485 2037 musicis;

1412 2046 1606 2113 aliquae
1646 2048 1877 2099 excitant
1916 2047 2102 2098 fletum
2141 2057 2195 2097 et
2236 2047 2488 2097 devotam

1413 2118 1869 2179 lamentationem,
1918 2129 1970 2170 et
2015 2118 2215 2169 talibus
2255 2117 2486 2168 uteban-

1413 2200 1501 2242 tur
1528 2190 1829 2259 antiquitus
1862 2191 1919 2242 in
1946 2190 2219 2258 exsequiis
2252 2204 2484 2255 magna-

1414 2280 1536 2313 rum
1593 2280 1959 2330 personarum,
2002 2273 2060 2314 ut
2108 2270 2487 2328 provocaretur

1414 2335 1705 2386 multitudo
1779 2336 1843 2385 ad
1913 2335 2099 2385 fletum
2154 2341 2207 2383 et
2259 2332 2485 2383 luctum.

1413 2406 1737 2458 Christianis
1806 2418 1983 2457 tamen
2055 2421 2166 2455 non
2232 2403 2487 2454 convenit

1413 2479 1543 2528 tales
1586 2478 1800 2538 habere,
1840 2477 1967 2544 quia
1997 2492 2106 2527 non
2144 2473 2343 2524 debent
2389 2475 2484 2524 in-

1411 2547 1767 2598 consolabiter
1795 2548 1937 2598 flere.
1971 2547 2049 2596 Et
2086 2543 2284 2595 invenit
2320 2543 2485 2595 etiam

1414 2621 1620 2671 turbam
1679 2620 2110 2683 tumultuantem,
2184 2617 2239 2668 in
2313 2617 2444 2668 fletu
2465 2655 2484 2679 ,

1412 2694 1628 2760 planctu
1657 2703 1708 2745 et
1743 2695 1951 2746 ulutatu
1980 2692 2172 2753 multo,
2200 2691 2348 2759 quod
2378 2706 2481 2742 vo-

1412 2773 1560 2814 catur
1585 2765 1871 2826 tumultus,
1904 2765 2033 2832 quia
2073 2763 2199 2814 inde
2235 2772 2482 2814 causatur

1412 2851 1581 2886 sonus
1608 2836 1883 2897 confusus,
1913 2853 1972 2888 ac
1990 2837 2153 2887 etiam
2182 2836 2240 2886 in
2267 2849 2482 2901 praepa-

1410 2908 1616 2958 ratione
1675 2907 2019 2960 funeralium.
2091 2908 2156 2959 Et
2214 2906 2422 2957 dicebat
2463 2921 2479 2956 :

1410 2980 1595 3031 Nolite
1604 2981 1764 3048 flere,
1795 2997 1896 3032 non
1923 2988 2002 3033 est
2033 2987 2243 3033 mortua
2275 2977 2478 3046 puella,

1410 3053 1465 3103 id
1507 3064 1588 3103 est
1629 3054 1684 3103 in
1727 3065 1897 3106 morte
1932 3071 2200 3115 mansura,
2229 3053 2327 3104 sed
2360 3052 2481 3103 dor·

1410 3124 1521 3189 mit,
1547 3125 1746 3177 scilicet
1778 3128 1937 3190 mihi,
1966 3128 2094 3194 quia
2128 3125 2202 3177 ita
2239 3126 2305 3176 de
2335 3123 2478 3176 facili

1409 3213 1632 3263 possum
1656 3214 1776 3250 eam
1807 3201 2078 3264 suscitare,
2105 3210 2164 3251 ut
2190 3200 2256 3250 de
2283 3211 2480 3250 somno

1406 3271 1653 3323 excitare.
1680 3272 1835 3324 Unde
1865 3273 2016 3324 Beda
2043 3290 2061 3324 .·
2093 3294 2116 3319 «
2145 3270 2480 3328 Hominibus

1409 3353 1621 3393 mortua
1654 3353 1784 3404 erat,
1824 3344 1954 3411 quia
1981 3344 2235 3395 suscitare
2278 3339 2477 3407 nequi-

1406 3424 1625 3477 verant;
1678 3417 1790 3467 Deo
1847 3416 2163 3475 dormiebat,
2210 3414 2268 3464 in
2323 3412 2480 3478 cujus

1406 3484 1762 3550 dispositione
1812 3498 1865 3538 et
1910 3487 2092 3538 anima
2136 3495 2343 3551 recepta
2387 3483 2477 3535 vi-

1405 3557 1559 3607 vebat
1583 3568 1637 3609 et
1674 3574 1794 3610 caro
1827 3560 2190 3612 resuscitanda
2226 3556 2480 3624 quiesce-

1408 3627 1517 3679 bat.
1571 3629 1722 3680 Unde
1771 3646 1891 3682 mos
1947 3631 2088 3698 apud
2136 3626 2478 3680 Christianos

1405 3699 1661 3763 obtinuit,
1712 3703 1858 3769 quod
1916 3704 2116 3755 mortui
2161 3700 2257 3768 qui
2306 3714 2480 3750 resur·

1406 3773 1598 3823 recturi
1648 3791 1765 3826 esse
1818 3793 1925 3828 non
1980 3775 2310 3834 dubitantur,
2356 3772 2481 3821 dor-

1407 3844 1635 3896 mientes
1675 3858 1948 3899 vocentur.
1982 3868 2007 3894 ι
2046 3847 2126 3898 Et
2162 3844 2478 3897 deridebant

1404 3928 1540 3979 eum,
1585 3926 1833 3983 putantes
1860 3919 2007 3986 quod
2045 3920 2111 3970 de
2151 3912 2476 3969 dormitione
