2757 4413
282 274 382 326 552
414 284 416 286 ’

279 392 488 441 damur.
520 410 548 440 »
591 393 697 444 Ubi
731 404 784 444 et
806 393 1092 444 Anselmus
1120 411 1137 444 .·
1165 411 1195 438 ιι
1230 393 1347 442 Jam

283 478 425 513 nunc
475 462 750 530 ingredere
798 466 1020 516 domum
1075 463 1347 524 Pharisaei,

280 533 686 585 recumbentem
733 536 810 585 ibi
857 535 1151 586 Dominum
1195 545 1347 585 tuum

279 605 521 663 attende,
571 607 761 656 accede
799 622 922 656 cum
963 606 1350 671 benignissima
1390 598 1393 606 ⁴

278 674 569 738 peccatrice
605 677 671 724 ad
704 676 864 741 pedes
886 676 1020 740 ejus,
1048 676 1164 726 lava
1193 677 1353 742 lacry-

284 743 410 804 miS,
443 753 587 810 terge
615 747 837 811 capilliS,
866 748 1113 802 demulce
1133 746 1349 804 osculis,

280 813 402 865 fove
444 817 754 881 unguentis,
805 818 999 866 Nonne
1050 817 1156 881 jam
1203 832 1351 866 sacro

281 885 510 952 liquoris
533 887 680 938 illius
707 890 870 938 odore
894 887 1228 955 perfunderis
1250 888 1268 937 ἓ
1295 888 1352 938 Si

283 957 385 1006 tibi
410 958 582 1008 adhuc
613 974 739 1010 suos
779 970 935 1026 negat
969 961 1146 1026 pedeS,
1195 960 1352 1019 insta,

284 1044 410 1088 ora,
469 1040 521 1080 et
582 1033 830 1096 gravidos
862 1033 1116 1098 lacrymis
1171 1033 1353 1082 oculos

284 1100 491 1159 attolle,
541 1101 755 1168 tuisque
797 1103 1046 1168 suspiriis
1080 1103 1353 1153 inenarra-

283 1172 596 1240 bilibusque
618 1176 907 1241 gemitibus
929 1188 1187 1243 extorque
1210 1177 1354 1242 quod

285 1245 458 1310 petis;
490 1246 686 1298 luctare
728 1264 851 1298 cum
891 1265 972 1310 e0,
1014 1249 1151 1300 sicut
1176 1250 1354 1308 Jacob,

286 1325 348 1366 ut
374 1317 488 1382 ipse
518 1334 575 1368 se
603 1321 827 1385 gaudeat
852 1325 1110 1387 superari.
1141 1320 1361 1371 Videbi-

288 1395 379 1435 tur
407 1387 506 1437 tibi
528 1388 820 1454 aliquando
849 1393 995 1458 quod
1017 1400 1217 1440 avertat
1239 1406 1359 1440 ocu-

284 1456 388 1517 los,
416 1459 562 1523 quod
606 1474 762 1511 aures
804 1462 1028 1521 claudat,
1080 1461 1226 1527 quod
1261 1462 1358 1512 de—

289 1524 546 1578 sideratos
642 1532 803 1595 pedes
885 1533 1193 1582 abscondat.
1272 1532 1359 1581 Tu

289 1595 649 1649 nihilominus
701 1601 842 1651 insta
889 1609 1211 1667 opportune„
1255 1602 1360 1652 im-

282 1675 613 1736 portuneque
637 1673 822 1723 clama.
858 1673 1155 1739 Usquequo,
1179 1675 1358 1725 Domi-

289 1755 390 1804 ne,
439 1742 680 1794 clamabo
727 1751 780 1794 et
827 1761 930 1796 non
981 1747 1262 1797 exaudieS.
1301 1775 1360 1784 —
1398 1772 1402 1781 ·

290 1813 479 1863 Redde
525 1815 680 1879 mihi,
729 1817 852 1866 Jesu
909 1817 1067 1878 bone,
1118 1819 1361 1869 laetitiam

289 1883 557 1934 salutaris
614 1886 690 1935 tui
697 1903 717 1948 ;
771 1887 900 1953 quia
942 1888 1036 1937 tibi
1085 1889 1234 1939 dixit
1266 1904 1362 1940 cor

293 1970 464 2007 meum
491 1973 508 2008 .·
535 1958 858 2023 Exquisivit
892 1967 946 2010 te
982 1961 1166 2026 facies
1208 1976 1356 2025 mea,

294 2025 490 2084 faciem
521 2033 684 2089 tuam,
703 2029 947 2093 Domine,
993 2031 1264 2096 requiram
1294 2049 1311 2081 ε
1333 2052 1359 2080 »
1401 2092 1404 2103 .

266 2153 278 2163 ι
295 2096 410 2146 haec
441 2098 743 2149 Anselmus.

360 2183 423 2218 12
456 2169 750 2221 Emmnn
778 2173 1054 2225 Mmasssss
1081 2190 1148 2224 ET
1170 2174 1361 2226 Dmn.

296 2268 357 2278 —
386 2240 581 2291 Nullus
637 2258 762 2309 ergo
807 2255 1051 2309 peccator
1099 2246 1258 2297 debet
1298 2247 1363 2296 de

296 2310 580 2363 clementia
607 2312 704 2362 Dei
730 2313 1026 2379 desperare,
1058 2316 1187 2382 quia
1219 2331 1363 2382 prae-

293 2392 377 2431 sto
417 2392 498 2433 est
545 2382 752 2433 cunctis
788 2385 967 2436 debita
1016 2388 1277 2451 relaxare,
1312 2397 1365 2437 et

293 2455 617 2519 poenitentes
649 2457 714 2506 ad
745 2472 969 2523 regnum
993 2461 1250 2509 coelorum
1270 2475 1363 2509 re-

294 2541 498 2577 vocare.
550 2528 697 2578 Istud
745 2528 889 2580 Deus
934 2545 1029 2595 per
1070 2532 1363 2581 Manassem

295 2611 476 2663 regem
542 2600 701 2649 Israel
764 2600 894 2650 olim
974 2602 1331 2667 praecfiguravit
1350 2640 1364 2661 ,

297 2680 463 2730 quem
491 2678 708 2733 propter
746 2669 1115 2733 poenitentiam
1145 2671 1209 2719 ad
1239 2686 1365 2736 gra-

295 2737 427 2789 tiam
486 2740 764 2791 revocavit.
813 2743 1084 2793 Manasses
1139 2741 1368 2793 infinitis

294 2810 468 2861 Deum
502 2811 794 2864 offenderat
824 2831 837 2863 :
870 2816 1059 2865 lsaiam
1101 2815 1196 2882 qui
1241 2831 1366 2866 eum

296 2882 362 2932 de
408 2886 633 2949 peccatis
680 2885 792 2935 suis
846 2888 1146 2953 redarguit,
1191 2888 1369 2953 lignea

296 2968 439 3005 serra
468 2971 562 3020 per
590 2956 831 3005 medium
864 2957 1093 3007 desecari
1130 2957 1283 3021 fecit;
1317 2969 1369 3008 et

234 3063 239 3066 .
295 3033 376 3075 tot
396 3026 691 3091 Prophetas
723 3027 903 3092 ipsum
935 3038 1217 3095 arguentes
1245 3040 1369 3080 tru-

294 3096 507 3157 cidavit,
528 3100 673 3164 quod
698 3102 896 3166 plateas
917 3102 1207 3153 Jerusalem
1237 3118 1367 3153 san-

294 3166 459 3232 guine
482 3169 866 3235 Prophetarum
883 3173 1213 3238 purpuravit.
1231 3174 1368 3223 Tan·

295 3237 419 3287 dem
461 3238 527 3289 ab
565 3240 817 3292 hostibus
848 3253 1031 3307 captus
1069 3253 1176 3304 est,
1212 3253 1262 3294 et
1308 3244 1365 3294 in

295 3306 546 3358 exsilium
566 3310 839 3373 deductuS,
865 3312 1061 3362 carceri
1085 3314 1367 3377 deputatus

295 3387 392 3438 est,
425 3378 518 3427 ubi
542 3379 699 3444 coepit
728 3379 1003 3446 poenitere,
1030 3393 1082 3432 et
1119 3399 1183 3433 ex
1212 3384 1368 3434 corde

295 3450 491 3499 scelera
523 3466 619 3500 sua
647 3451 861 3516 deflere,
891 3462 942 3503 et
965 3470 1086 3503 cum
1113 3455 1365 3521 lacrymis

296 3522 468 3573 oravit
512 3523 833 3586 Dominum,
864 3525 1047 3576 dicens
1072 3543 1086 3575 ε
1112 3528 1362 3590 Peccavi,

294 3592 556 3655 Domine,
620 3609 779 3661 super
840 3612 1112 3647 numerum
1185 3612 1367 3648 arenae

297 3664 484 3728 maris,
506 3671 557 3715 et
566 3665 686 3733 jam
710 3681 811 3717 non
829 3681 942 3716 sum
963 3667 1166 3733 dignus
1189 3668 1369 3717 videre

299 3734 422 3783 coeli
460 3735 820 3801 altitudinem,
845 3744 1073 3805 propter
1113 3737 1368 3803 iniquita-

301 3808 408 3851 tum
447 3819 682 3855 mearum
725 3807 1126 3859 multitudinem.
1172 3807 1367 3858 Miser-

300 3881 390 3921 tus
437 3884 614 3925 autem
667 3876 959 3941 Dominus,
1001 3876 1367 3945 poenitentiam

935 278 1176 330 PRIMAE
1208 277 1457 329 PARTlS
1488 278 1721 329 CAPUT
1747 279 1865 330 LX.

1452 393 1565 458 ejus
1592 395 1910 460 acceptavit3
1943 410 2069 445 nam
2108 395 2176 444 de
2221 394 2525 460 captivitate

1454 480 1579 515 eum
1611 465 1883 530 libera-vit,
1916 477 1968 516 et
2009 466 2064 516 in
2106 482 2334 531 regnum
2361 481 2523 516 suum

1454 537 1514 587 in
1558 538 1853 588 Jerusalem
1889 539 2170 590 revocavit.
2232 541 2332 590 Per
2374 540 2524 591 hunc

1453 622 1693 676 peccator
1733 613 2069 678 designatur,
2108 613 2200 678 qui
2236 614 2528 679 Prophetas

1455 681 1675 731 Domini
1719 681 1900 747 ipsum
1954 693 2235 748 arguentes
2290 684 2525 743 cruciat,

1453 753 1675 816 quando
1733 752 2107 818 praedicatores
2176 763 2227 803 et
2283 755 2531 804 doctores

1391 874 1394 881 ,
1455 823 1642 873 audire
1708 834 1932 874 recusat.
1996 825 2061 874 Et
2107 824 2349 890 quandiu
2403 825 2532 876 talis

1460 903 1757 958 perseverat
1790 893 1847 943 in
1892 903 2103 959 peccato
2134 895 2366 956 mortali,
2404 905 2532 946 tan-

1459 964 1553 1015 diu
1604 975 1683 1015 est
1733 965 1790 1015 in
1836 965 2134 1030 captivitate
2193 966 2429 1030 diaboli3
2482 966 2529 1017 si

1459 1046 1638 1087 autem
1667 1052 1733 1086 ex
1760 1037 1917 1086 corde
1941 1037 2110 1102 egerit
2134 1038 2534 1102 poenitentiam,

1460 1109 1604 1160 Deus
1635 1121 1848 1174 paratus
1892 1119 1972 1160 est
2012 1125 2137 1159 eum
2166 1111 2434 1176 suscipere
2461 1113 2535 1161 ad

1461 1179 1702 1243 gratiam.
1763 1180 1879 1229 Hoc
1936 1180 2081 1229 idem
2133 1179 2535 1246 praefiguratum

1459 1247 1564 1298 fuit
1590 1248 1647 1298 in
1682 1264 1803 1314 rege
1831 1248 2023 1308 David,
2067 1250 2161 1315 qui
2206 1250 2535 1301 adulterium

1462 1329 1514 1368 et
1543 1318 1899 1369 homicidium
1922 1320 2268 1386 perpetravit3
2299 1337 2539 1387 cumque

1461 1389 1776 1454 redargutus
1790 1405 1820 1439 a
1840 1390 2046 1439 Nathan
2071 1392 2292 1456 peccavi
2315 1391 2538 1452 diceret,

1462 1461 1642 1510 statim
1674 1461 1883 1512 Nathan
1911 1463 2190 1528 respondit
2224 1481 2238 1514 :
2268 1464 2541 1515 Dominus

1466 1530 1742 1580 transtulit
1772 1538 2081 1597 peccatum,
2116 1532 2170 1581 id
2201 1542 2280 1582 est
2307 1532 2540 1584 dimisit.

1466 1601 1513 1652 O
1545 1617 1709 1667 quam
1748 1617 1941 1667 magna
1971 1612 2052 1651 est
2083 1602 2253 1668 pietas
2289 1602 2540 1666 Domini,

1468 1681 1520 1722 et
1565 1686 1729 1737 quam
1787 1673 2106 1733 ineffabilis,
2172 1673 2267 1738 qui
2321 1673 2542 1723 nullum

1461 1742 1816 1807 poenitentem
1879 1744 2103 1809 despicit
2168 1745 2546 1810 cujuscunque

1472 1813 1822 1864 conditionis!
1855 1814 1979 1865 Non
2028 1830 2157 1879 ergo
2185 1824 2399 1880 propter
2424 1814 2544 1864 im-

1469 1885 1784 1935 manitatem
1837 1896 2174 1953 peccatorum
2226 1897 2543 1936 nostrorum

1464 1956 1828 2020 desperemuS,
1858 1957 1985 2022 quia
2008 1957 2248 2007 diversos
2275 1966 2437 2006 testes
2458 1956 2542 2006 di-

1464 2027 1606 2077 vinae
1635 2026 2015 2078 misericordiae
2035 2028 2317 2078 habemus·

1537 2097 1597 2148 13
1628 2098 1902 2148 Paeon-oa
1922 2115 2118 2149 suavus
2141 2116 2252 2150 asr.
2273 2127 2335 2136 -
2350 2099 2545 2164 Neque

1465 2168 1607 2219 ultra
1636 2168 1863 2234 peccatis
1900 2169 2216 2231 serviamuS,
2244 2169 2371 2236 quia
2412 2183 2541 2220 ma-

1467 2254 1630 2305 gnam
1687 2239 2001 2305 dignitatern
2046 2240 2304 2291 amittunt
2344 2240 2538 2290 miseri

1469 2309 1721 2359 homines
1771 2309 2049 2360 serviendo
2095 2310 2321 2375 peccatis
2343 2349 2357 2370 ,
2406 2309 2546 2376 qui-

1468 2382 1593 2432 dam
1633 2382 1808 2432 carnis
1846 2383 2147 2448 voluptates
2180 2394 2232 2433 et
2280 2382 2547 2448 eoncupi-

1470 2455 1698 2504 scentias
1727 2454 1997 2518 sectandO,
2016 2454 2236 2521 quidam
2255 2455 2547 2520 aspirando

1468 2524 1535 2574 ad
1578 2524 1814 2574 honores
1850 2534 1903 2574 et
1930 2525 2286 2585 excellentias,
2315 2524 2548 2591 quidam

1467 2598 1724 2664 pertinaci
1765 2600 1946 2649 studio
1995 2609 2297 2665 quaerentes
2341 2600 2544 2650 mundi

1470 2668 1742 2719 facultates
1770 2679 1822 2719 et
1860 2669 2091 2721 divitiaS.
2133 2670 2204 2720 Et
2230 2670 2357 2735 quia
2384 2671 2546 2735 pauci

1471 2748 1595 2789 sunt
1632 2738 1795 2789 hodie
1818 2739 1913 2805 qui
1941 2740 2107 2790 istum
2130 2740 2411 2789 trinarium
2439 2754 2548 2789 ne-

1472 2807 1691 2858 fandum
1722 2825 1831 2858 non
1856 2820 2163 2875 sequantur,
2189 2819 2328 2859 certe
2352 2808 2547 2862 miseri

1473 2880 1666 2930 merito
1712 2880 1965 2931 dicuntur
1979 2898 1996 2944 ,;
2032 2881 2141 2931 illis
2195 2882 2338 2931 enim
2379 2881 2550 2932 rebus

1471 2969 1592 3019 quae
1618 2952 1695 3003 eis
1723 2954 1978 3004 deberent
1999 2954 2199 3004 servire
2219 2965 2271 3004 et
2288 2954 2543 3019 obsequi,

1471 3022 1711 3073 serviunt
1736 3033 1788 3072 et
1805 3023 2193 3089 obsequuntur.
2220 3025 2380 3073 Tales
2404 3039 2543 3088 pro-

1471 3094 1558 3143 cul
1586 3093 1753 3143 dubio
1790 3109 1850 3143 se
1880 3094 2015 3144 viles
2050 3096 2371 3154 ostendunt,
2427 3110 2550 3145 non
2592 3092 2605 3104 ‘

1471 3162 1697 3222 nobiles,
1732 3179 1844 3213 non
1891 3164 2178 3226 dominos3
2223 3164 2313 3215 sed
2358 3164 2548 3229 potius

1472 3233 1747 3298 garsiones
1780 3243 1834 3283 et
1872 3249 2072 3284 servos
2109 3235 2434 3299 Exemplum
2476 3236 2549 3285 de

1470 3304 1726 3371 Diogene,
1754 3306 1821 3355 de
1852 3322 1961 3373 quo
1988 3306 2201 3372 legitur,
2231 3308 2375 3374 quod
2397 3323 2548 3367 cum,

1472 3378 1635 3443 quade
1652 3394 1706 3427 m
1729 3377 1860 3438 vice,
1879 3378 2086 3428 ratione
2115 3396 2225 3429 suae
2248 3379 2553 3429 eminentis

1468 3447 1705 3499 ‘scientiae
1724 3459 1776 3499 et
1804 3449 2079 3514 sapientiae
2104 3452 2399 3516 Imperator
2416 3466 2551 3501 eum

1471 3518 1727 3579 visitaret,
1758 3519 2127 3585 Philosophus
2172 3521 2221 3570 ei
2264 3535 2552 3586 assurgere

1473 3589 1665 3639 noluit.
1707 3589 1864 3648 Quod
1892 3590 2080 3646 videns
2106 3592 2394 3656 Imperator
2429 3590 2549 3641 ira-

1473 3662 1669 3711 cundia
1694 3671 1875 3712 motus
1902 3663 2220 3730 retrocessit,
2250 3673 2582 3713 venerunt--

1473 3750 1578 3800 que
1607 3735 1744 3799 servi
1772 3735 1887 3799 ejus
1914 3746 1968 3785 et
1995 3735 2243 3785 dixerunt
2270 3737 2335 3785 ad
2363 3751 2495 3786 eum
2533 3752 2550 3786 ε

1474 3803 1721 3865 Domine,
1762 3821 1931 3871 quare
1974 3806 2055 3855 sic
2103 3820 2261 3871 agere
2303 3804 2555 3857 venusti·

1476 3893 1587 3927 non
1609 3877 1884 3929 modicum
1912 3889 1964 3929 te
1990 3879 2281 3945 Imperator
2312 3878 2544 3942 bonnm
