2757 4413
330 240 435 306 482

324 354 587 424 magistri.
631 351 787 404 Unde
840 349 994 401 Beda
1024 366 1043 399 .-
1073 365 1101 394 «
1130 345 1187 396 Si
1221 345 1398 428 Magi-

325 439 434 481 ster
470 443 581 477 non
623 439 749 475 suas
792 423 909 474 vult
954 420 1223 472 vindicare
1253 417 1400 481 inju-

327 500 435 550 rias
463 497 558 564 qui
588 496 733 546 Deus
760 503 858 554 est,
902 491 995 542 sed
1024 490 1170 556 ipsos
1198 487 1404 570 mayult

328 569 671 620 insectatores
700 563 947 631 patiendo
983 562 1201 612 reddere
1228 569 1407 610 mmo..

329 659 440 708 res;
470 641 714 692 eamdem
764 652 983 689 necesse
1016 646 1097 688 est
1128 635 1400 701 discipuli,

328 714 424 782 qui
477 712 596 778 puri
644 708 900 760 homines
946 716 1090 766 sunt,
1139 717 1200 757 ut
1241 721 1403 771 regu-

328 787 439 836 lam
478 781 816 850 perfectionis
859 789 1154 846 sequantur
1183 794 1196 828 ε
1230 797 1256 825 n
1288 777 1405 827 haec

331 857 503 909 Beda.
520 856 633 904 Hoc
652 862 831 904 autem
860 851 1066 902 dictum
1096 848 1312 900 Domini
1343 847 1401 896 in

333 927 610 995 proposito
641 933 721 975 est
747 939 955 983 verum,
988 922 1080 973 ubi
1123 922 1189 971 de
1228 936 1284 971 se
1332 920 1406 969 lo-

332 999 538 1066 quitur,
586 995 682 1062 qui
740 1003 820 1044 est
868 993 1120 1060 Magister
1145 1001 1196 1042 et
1224 990 1406 1072 Domi-

335 1085 458 1129 nuS,
490 1068 603 1118 imo
658 1067 810 1116 Pater
839 1065 1120 1135 omnium3
1157 1078 1214 1113 se
1256 1077 1405 1112 enim

333 1140 464 1191 dicit
491 1139 831 1204 Magistrum
871 1146 924 1187 et
946 1136 1249 1197 Dominum,
1270 1135 1409 1200 Apo-

336 1215 503 1264 stolos
560 1221 738 1262 autem
783 1220 835 1261 et
883 1225 1070 1261 eorum
1113 1209 1411 1259 imitatores

333 1298 509 1353 usque
532 1286 597 1335 ad
629 1283 793 1334 finem
824 1283 988 1334 seculi
1017 1282 1147 1333 dicit
1184 1281 1413 1356 discipu-

337 1361 444 1410 lum
482 1369 535 1409 et
580 1372 811 1408 servum.
863 1356 1039 1421 Hujus
1077 1354 1317 1421 Magistri
1362 1360 1415 1404 et

336 1429 557 1481 Domini
618 1426 848 1477 imitatio
903 1435 984 1476 est
1026 1426 1263 1476 humana
1304 1443 1417 1493 per-

341 1498 519 1551 fectio·
552 1499 707 1551 Unde
727 1508 779 1548 et
799 1497 1181 1563 Augustinus:
1209 1517 1232 1544 α
1263 1499 1418 1548 Sum-

339 1587 428 1622 ma
460 1569 783 1622 Christianae
835 1569 1115 1634 religionis
1154 1579 1235 1620 est
1285 1570 1416 1619 imi-

337 1645 439 1696 tari
493 1659 658 1710 quem
715 1643 866 1694 coliS.
911 1643 1028 1692 Non
1075 1653 1255 1693 autem
1287 1644 1418 1693 dicit

341 1717 446 1767 hoc
507 1715 777 1765 Dominus
837 1714 904 1764 de
962 1714 1102 1777 alio;
1161 1715 1208 1764 si
1271 1715 1415 1765 enim

346 1787 602 1853 magister
632 1786 882 1836 indoctus
930 1783 1112 1846 fuerit,
1162 1802 1273 1835 non
1312 1785 1422 1835 suf·

343 1858 454 1910 ficit
498 1856 766 1921 discipulo
806 1856 1112 1922 ignorantia
1151 1856 1417 1923 magistri,

342 1941 397 1982 et
458 1930 503 1980 si
565 1927 822 1978 dominus
857 1927 1023 1977 miser
1072 1927 1249 1988 fuerit,
1307 1945 1417 1978 non

347 2002 547 2054 sufficit
572 2017 724 2051 servo
754 2000 970 2050 miseria
987 2000 1216 2052 domini.
1250 2021 1272 2046 ιι
1299 2002 1418 2064 Vel,

347 2074 644 2125 secundum
687 2065 1149 2136 Chrysostomum,
1186 2088 1294 2121 non
1330 2087 1422 2122 se-

347 2144 586 2195 cundum
631 2157 690 2192 ea
745 2157 866 2208 quae
911 2156 1030 2191 raro
1075 2142 1420 2209 contingunt,

349 2215 441 2265 sed
493 2215 560 2264 ab
610 2211 969 2278 amplioribus
998 2221 1052 2263 et
1087 2212 1154 2263 ab
1185 2212 1273 2263 his
1302 2228 1423 2279 quae

350 2296 479 2337 sunt
513 2285 568 2335 in
600 2284 846 2351 pluribus
879 2284 1102 2350 suscipit
1129 2285 1273 2335 hunc
1305 2300 1424 2335 ser-

350 2372 589 2406 monem.
618 2356 684 2405 Et
719 2354 867 2404 addit
893 2370 906 2404 :
937 2354 1003 2404 Si
1031 2369 1166 2421 ergo
1189 2361 1427 2422 patrem·

339 2427 614 2494 familias,
662 2425 715 2475 id
764 2436 846 2477 est
890 2442 978 2475 me
1015 2426 1107 2492 qui
1151 2438 1424 2493 paternam

353 2514 479 2566 gero
513 2497 954 2559 sollicitudinem,
1004 2497 1169 2564 patris
1219 2498 1427 2549 habens

352 2568 741 2628 auctoritatem,
771 2568 1069 2635 Beelzebub
1088 2582 1425 2630 vocaverunt,

353 2639 410 2688 id
474 2649 554 2688 est
615 2653 703 2687 me
751 2638 958 2703 operari
1013 2638 1072 2687 in
1133 2639 1430 2689 Beelzebub

355 2710 625 2769 dixerunt,
659 2717 858 2775 quanto
898 2710 1079 2776 magis
1110 2709 1432 2763 domesticos

356 2780 491 2846 ejus,
521 2779 720 2830 scilicet
748 2795 862 2840 VOS,
894 2780 952 2830 in
982 2781 1084 2830 hoc
1116 2781 1275 2831 etiam
1319 2782 1432 2832 dif-

359 2850 673 2901 famabunt?
707 2851 865 2910 Quod
901 2851 1047 2901 enim
1076 2851 1318 2917 Apostoli
1351 2852 1433 2903 fa-

358 2930 537 2971 cerent
593 2921 851 2971 miracula
899 2921 1096 2972 virtute
1138 2922 1433 2984 daemoniS,

364 2992 801 3057 saepe‘dixerunt
851 2992 1019 3043 Judaei
1073 3003 1127 3044 et
1171 2995 1435 3055 Gentiles,

360 3073 422 3114 ut
459 3074 602 3130 patet
642 3063 1012 3130 multipliciter
1056 3082 1121 3117 ex
1159 3067 1441 3133 Apostolo-

365 3150 489 3186 rum
529 3136 786 3201 legendis.
831 3136 953 3187 Non
987 3153 1113 3204 ergo
1152 3139 1281 3189 boni
1315 3155 1441 3189 con-

360 3205 563 3257 tristari
602 3206 817 3268 debent,
865 3206 914 3257 si
951 3207 1086 3259 forte
1131 3210 1223 3259 ab·
1249 3210 1441 3277 aliqui-

362 3276 468 3329 bus
518 3276 695 3341 pravis
746 3277 1061 3330 hominibus
1116 3281 1236 3331 sine
1284 3283 1441 3347 culpa

365 3347 673 3397 detrahatur
712 3348 809 3409 eiS,
850 3349 978 3415 quia
1022 3351 1086 3401 ad
1125 3352 1445 3403 consolatio·

365 3435 490 3471 nem
554 3431 794 3472 nostram
854 3438 952 3475 sua
1015 3424 1287 3476 Dominus
1336 3442 1441 3492 op·

365 3492 585 3559 probria
659 3494 918 3546 adducere
987 3496 1239 3562 dignatus
1321 3509 1403 3549 est
1424 3536 1439 3558 ,

363 3562 549 3613 dicens
578 3579 592 3612 z
620 3564 688 3614 Si
716 3568 1184 3634 patremfamilias
1227 3570 1443 3637 Beelze-

367 3634 468 3685 bub
495 3643 835 3700 vocaverunt,
885 3645 1082 3704 quanto
1120 3640 1301 3706 magis
1339 3642 1442 3690 do-

364 3707 616 3757 mesticos
642 3708 806 3775 ejus?
846 3710 987 3762 Sunt
1029 3711 1178 3762 enim
1219 3711 1440 3778 plurimi

364 3777 458 3842 qui
502 3777 673 3827 vitam
734 3778 999 3832 bonorum
1043 3782 1266 3834 fortasse
1313 3798 1437 3833 am-

367 3847 514 3915 plius
544 3849 768 3903 laudant
787 3868 959 3919 quam
987 3854 1204 3915 debent,
1236 3864 1289 3907 et
1315 3854 1440 3906 ideo

953 232 1191 284 pamas
1225 227 1475 279 PARTIS
1497 198 1744 279 CAPUT
1773 228 1882 280 Lu.

1510 357 1577 391 ne
1596 343 1675 393 eis
1702 344 1862 394 elatio
1883 347 1955 397 ,de
1980 347 2137 400 laude
2163 350 2436 417 subrepat,
2469 369 2581 420 per.

1508 416 1676 467 mittit
1719 419 2065 485 omnipotens
2102 423 2247 474 Deus
2301 427 2473 477 malos
2515 429 2578 480 ‘in

1508 488 1898 542 obtrectatione
1959 508 2334 560 prorumpere3
2404 508 2466 548 ut
2533 501 2581 551 si

1508 572 1617 623 qua
1662 561 1818 626 culpa
1874 562 1942 613 ab
1997 579 2089 614 ore
2133 567 2466 618 laudantium
2503 570 2580 625 ,in

1508 630 1667 680 corde
1704 631 1972 683 bonorum
2027 636 2277 697 nascitur,
2332 654 2425 704 per
2476 643 2584 692 ob—

1510 701 1883 754 trectationem
1913 707 2184 757 malorum
2215 709 2279 758 ad
2306 710 2586 774 poeniten-

1508 769 1639 820 tiam
1696 785 2025 826 revocentur.
2079 780 2180 829 Sed
2238 779 2379 830 inter
2421 783 2588 834 verba

1510 844 1846 896 laudantium
1913 857 1967 898 et
2019 850 2461 917 vituperantium,
2517 855 2587 905 ad

1509 924 1748 966 mentem
1768 933 1983 985 semper
2009 936 2279 974 recurrere
2291 926 2554 977 debemus
2571 939 2591 988 ς

1509 996 1562 1036 et
1608 987 1653 1036 si
1704 987 1762 1036 in
1820 1004 1882 1039 ea
1918 1006 2030 1040 non
2071 991 2342 1044 invenitur
2379 995 2591 1046 bonum

1516 1062 1661 1125 quod
1682 1061 1749 1111 de
1769 1061 1926 1112 nobis
1955 1063 2169 1130 dicitur,
2201 1083 2396 1133 magna
2422 1068 2593 1119 tristi·

1516 1130 1592 1180 tia
1622 1130 1678 1180 in
1714 1131 1870 1182 nobis
1890 1135 2129 1198 generari
2158 1137 2345 1203 debet;
2375 1148 2427 1188 et
2455 1139 2504 1189 si
2529 1138 2588 1188 in

1517 1219 1580 1254 ea
1610 1221 1726 1254 non
1773 1205 2046 1258 invenitur
2074 1208 2279 1261 malum
2322 1212 2468 1278 quod
2523 1213 2596 1264 de

1518 1276 1678 1326 nobis
1714 1277 1929 1339 dicitur,
1966 1279 2022 1329 in
2054 1296 2302 1348 magnam
2348 1284 2594 1335 laetitiam

1519 1347 1726 1397 resilire
1746 1348 2024 1401 debemus.
2056 1352 2208 1402 Unde
2237 1353 2548 1420 Gregorius
2575 1376 2597 1409 .-

1522 1437 1549 1465 α
1577 1420 1638 1468 In
1677 1434 1840 1469 omne
1882 1422 2029 1480 quod
2083 1423 2150 1472 de
2187 1424 2345 1474 nobis
2373 1426 2596 1488 dicitur,

1520 1505 1731 1556 semper
1758 1490 1903 1540 taciti
1948 1492 2014 1541 ad
2043 1505 2279 1544 mentem
2322 1512 2601 1550 recurrere

1519 1563 1779 1615 debemus
1828 1563 2139 1615 interiorem
2174 1575 2383 1628 testem,
2423 1579 2478 1620 et
2506 1572 2601 1636 ju·

1520 1637 1698 1687 dicem
1724 1652 1980 1702 quaerere.
2013 1638 2155 1697 Quid
2199 1641 2343 1691 enim
2380 1645 2604 1708 prodest

1522 1707 1567 1758 si
1596 1724 1783 1758 omnes
1824 1709 2059 1771 laudent,
2105 1727 2228 1761 cum
2274 1715 2605 1768 conscientia

1526 1795 1625 1829 nos
1653 1779 1894 1831 accuset?
1917 1781 2026 1830 Aut
2049 1782 2181 1846 quid
2215 1784 2411 1849 poterit
2434 1786 2603 1836 obes-

1523 1866 1598 1915 se,
1629 1850 1675 1900 si
1704 1866 1896 1900 omnes
1926 1852 2085 1902 nobis
2113 1853 2387 1920 derogent,
2421 1866 2475 1906 et
2522 1874 2605 1908 so·

1524 1917 1589 1972 la‘
1613 1937 1714 1972 nos
1736 1921 2060 1974 conscientia
2092 1925 2367 1978 defendat?
2389 1947 2418 1975 n
2446 1929 2605 1982 Unde

1527 1997 1664 2047 Cato
1694 2012 1713 2045 .-
1859 2006 1866 2012 '

1532 2138 1666 2188 Cum
1687 2143 1736 2188 te
1758 2138 1880 2203 quis
1910 2137 2115 2201 laudat,
2125 2139 2310 2206 judex
2341 2148 2465 2193 tuus
2482 2159 2606 2196 esse

2298 2214 2575 2278 [memento
2583 2235 2607 2280 ,-

1530 2279 1671 2329 Plus
1689 2278 1820 2329 aliis
1847 2280 1997 2341 dete,
2018 2297 2177 2348 quam
2198 2287 2252 2332 tu
2272 2284 2367 2333 tibi
2384 2286 2608 2337 credere

2453 2356 2605 2421 [noli.

1533 2496 1657 2554 Sed,
1686 2503 1750 2544 ut
1783 2492 1916 2543 dicit
1943 2492 2248 2560 Gregorius
2268 2513 2286 2546 .·
2313 2516 2336 2543 α
2362 2497 2471 2558 Qui
2500 2514 2610 2549 non

1534 2575 1678 2615 amat
1716 2565 1963 2630 gloriam,
1999 2583 2107 2616 non
2143 2568 2305 2619 sentit
2333 2579 2611 2621 contume—

1536 2636 1682 2685 liam.
1705 2654 1732 2681 n
1760 2636 1826 2685 Et
1847 2636 1912 2685 de
1929 2636 2219 2688 virtutibus
2243 2638 2362 2688 aliis
2390 2649 2443 2689 et
2461 2640 2615 2691 vitiis

1536 2704 1785 2755 similiter
1811 2706 2091 2771 judicabiS.
2112 2709 2277 2759 Valde
2307 2719 2484 2760 autem
2511 2726 2613 2776 pe-

1536 2775 1832 2825 riculosum
1856 2786 1937 2826 est
1956 2776 2233 2828 hominem
2253 2779 2310 2829 in
2332 2781 2618 2846 praesentia

1537 2863 1633 2897 sua
1690 2848 1920 2911 laudari3
1984 2849 2113 2915 quia
2156 2862 2422 2917 oporteret
2485 2868 2615 2904 eum

1537 2921 1690 2970 valde
1719 2919 1913 2970 fortem
1946 2920 2004 2970 in
2041 2921 2155 2971 Deo
2178 2938 2313 2983 esse,
2335 2925 2482 2991 quod
2505 2941 2618 2975 non

1539 2992 1833 3042 elevaretur
1868 2992 2018 3043 intus
2059 2993 2117 3042 in
2146 2997 2325 3057 corde,
2355 3007 2416 3048 ut
2452 2996 2617 3047 etiam

1542 3064 1779 3114 consulit
1800 3065 2073 3116 Horatius
2095 3084 2113 3117 .·

1546 3207 1751 3270 Quales
1785 3210 2115 3262 commendes
2145 3212 2344 3278 aspice,
2386 3229 2451 3265 ne
2478 3229 2626 3267 mox

1544 3280 1819 3331 Incutiant
1853 3280 2032 3332 aliena
2061 3283 2161 3333 tibi
2184 3292 2412 3350 peccata
2440 3286 2622 3352 pudo-

2470 3357 2618 3419 [rem.

1547 3493 1715 3558 Igitur
1745 3485 1864 3543 loco
1902 3494 2089 3561 gloriae
2129 3495 2184 3545 id
2224 3497 2623 3562 amplectimur,

1546 3566 1593 3616 si
1650 3566 1888 3617 Domino
1948 3578 2132 3619 nostro
2190 3568 2247 3619 in
2308 3569 2623 3635 passionum

1547 3638 1951 3691 conditionibus
1993 3643 2387 3708 aadaequamur.
2482 3644 2626 3703 Quia

1547 3710 1694 3761 enim
1744 3711 1801 3762 in
1839 3712 1966 3778 igne
2003 3713 2368 3764 tribulationis
2414 3726 2628 3781 peccata

1550 3794 1864 3850 purgantur,
1913 3786 2033 3836 ideo
2082 3786 2222 3836 sicut
2285 3786 2413 3836 tunc
2459 3786 2627 3836 Chri-

1555 3865 1722 3919 stum,
1747 3858 1842 3923 qui
1863 3868 1946 3911 est
1971 3868 2130 3924 caput
2152 3858 2425 3923 Ecclesiae,
2453 3859 2626 3910 flucti-
