2757 4413
332 293 427 344 DE
449 294 729 354 QUAEST.
761 294 1053 346 JOANNIS
1083 293 1285 345 BAPT.
1312 294 1363 344 A
1395 292 1706 343 CHRISTO
1738 292 2235 344 COMMENDATI.
2304 292 2413 361 509

169 407 295 458 ferte
324 423 489 473 opera
523 422 645 474 quae
666 407 725 458 iu
753 423 842 459 me
867 407 1082 458 vidistis
1108 423 1234 457 cum

173 478 562 543 Prophetarum
586 478 821 528 oraculis
851 493 973 543 quae
1006 478 1233 543 legistis,

170 559 231 602 ut
255 561 304 601 et
326 566 417 601 me
445 551 604 600 illum
627 552 694 601 de
720 567 830 617 quo
848 551 1100 601 dixerunt
1118 567 1236 603 esse

168 624 519 690 cognoscatis,
542 624 691 675 Caeci
716 624 911 686 vident,
932 635 995 676 ut
1022 624 1238 690 imples-

164 705 251 745 tur
274 693 412 745 illud
440 695 819 760 propheticum
852 711 868 745 ε
906 695 1061 746 Tunc
1101 709 1234 759 ape-

164 765 369 816 rientur·
407 766 553 819 oculi
603 780 887 817 caecorm.
928 794 990 804 —
1038 767 1234 816 Claudi

166 837 459 900 ambulant,
484 846 547 885 ut
563 836 850 902 impleatur
872 836 1008 887 illud
1035 854 1050 887 ε
1083 838 1235 889 Tunc

165 909 319 960 saliet
378 909 525 959 sicut
583 924 802 972 cervina,
868 910 1116 961 claudus.
1172 939 1234 949 —

163 980 394 1045 leprosi
442 980 787 1044 mundantur,
841 991 903 1032 ut
952 982 1237 1047 impleatur

166 1051 291 1101 illud
324 1068 338 1101 :
376 1052 711 1116 Languor-es
740 1058 956 1102 nostros
991 1053 1108 1119 ipse
1145 1059 1234 1102 tu·

167 1122 241 1185 lit,
275 1128 331 1172 et
371 1121 550 1171 livore
575 1122 693 1188 ejus
719 1123 900 1172 sanati
940 1137 1143 1173 smnus,
1171 1151 1234 1161 —

164 1195 332 1245 Sardi
366 1195 617 1256 audiunt,
642 1204 704 1244 ut
741 1194 1027 1260 impleatur
1055 1196 1186 1246 illud
1217 1212 1232 1246 ε

165 1266 239 1316 Et
285 1281 461 1315 aures
517 1266 803 1316 surdorum
847 1268 1119 1331 patebunt.
1166 1295 1236 1305 —

164 1339 376 1390 Mortui
404 1346 719 1405 resurgunt,
744 1351 805 1390 ut
842 1340 1129 1406 impleatur
1162 1341 1236 1390 il-

162 1412 251 1462 lud
283 1429 300 1461 ι
352 1413 549 1462 Vivent
588 1414 798 1475 mortui,
825 1413 1094 1478 interfecti
1133 1414 1237 1464 mei

162 1488 476 1548 resurgent.
520 1510 583 1520 —
631 1484 910 1550 Pauper-es
956 1486 1237 1550 evangeli-

164 1561 375 1621 zantur,
414 1554 470 1604 id
508 1564 587 1604 est
626 1571 722 1620 per
760 1555 1117 1622 Evangelium
1148 1557 1238 1606 in-

158 1635 449 1676 struuntur
501 1636 554 1676 et
607 1626 1012 1688 illuminantur,
1066 1638 1118 1678 et
1171 1629 1237 1678 ad

160 1699 322 1750 fidem
378 1711 786 1763 convertuntur,
836 1711 899 1753 ut
952 1703 1241 1768 impleatur

162 1770 293 1821 illud
320 1788 341 1821 ι
375 1771 774 1837 Ενευςείἰιετε,
800 1774 885 1822 vel
922 1773 997 1823 ad
1025 1787 1239 1823 annam-

160 1843 408 1893 tiandum
445 1844 781 1908 pauperibus
819 1843 968 1895 misit
1005 1859 1103 1895 me.
1152 1844 1242 1894 Fit

164 1924 342 1964 autem
363 1914 553 1979 potius
578 1915 784 1964 mentio
805 1915 872 1965 de
894 1916 1240 1981 pauperibuS,

167 2001 330 2052 quam
373 1987 444 2036 de
488 1986 765 2048 divitibus,
809 1988 937 2054 quia
981 2003 1242 2053 pauperes

167 2067 562 2107 convertuntur
605 2056 828 2109 facilius.
880 2059 982 2110 Ubi
1033 2061 1242 2111 Hiero-

162 2143 366 2196 nymus
396 2146 413 2178 .·
447 2146 476 2174 α
508 2130 772 2194 Pauperes
795 2141 974 2181 autem
1003 2145 1243 2198 evange-

168 2200 408 2268 lizantur
436 2200 698 2268 intellige,
727 2203 808 2253 vel
830 2218 1099 2270 pauperes
1123 2204 1241 2271 spi-

169 2277 299 2336 ritu,
328 2277 415 2326 vel
458 2287 602 2327 certe
636 2277 834 2342 opibus
875 2293 1151 2343 pauperes,
1181 2287 1243 2328 ut

169 2350 316 2398 nulla
341 2348 485 2398 inter
521 2348 729 2398 nobiles
755 2359 807 2399 et
835 2349 1118 2414 ignobileS,
1152 2350 1241 2399 in-

167 2430 251 2470 tet
284 2420 487 2470 divites
528 2430 582 2468 et
613 2434 839 2485 egenos,
881 2421 939 2471 in
983 2421 1242 2486 praedica-

168 2491 312 2542 tione
355 2490 611 2540 distantia
656 2491 744 2540 sit.
785 2510 814 2538 n
848 2493 1067 2542 Narrate
1112 2507 1240 2558 ergo

167 2562 392 2620 Joanni,
445 2576 571 2626 quae
630 2562 851 2628 quidem
901 2563 1128 2613 audistis
1183 2565 1239 2613 in

172 2633 457 2699 Prophetis
497 2648 593 2697 per
631 2633 881 2683 Messiam
917 2633 1110 2693 fienda,
1153 2634 1241 2683 vi-

169 2704 325 2754 distis
374 2706 544 2753 modo
593 2719 686 2768 per
725 2719 815 2754 me
855 2704 1072 2770 impleta
1114 2721 1128 2754 ε
1182 2720 1243 2754 ea

170 2778 310 2827 enim
365 2788 501 2827 tunc
549 2777 738 2843 agebat
783 2776 1065 2838 Christus,
1116 2792 1241 2844 quae

174 2850 455 2916 Prophetae
526 2851 807 2915 loquentes
869 2851 936 2900 de
1004 2862 1243 2916 tempore

173 2922 382 2971 Messiae
408 2921 768 2987 praedixerant
793 2936 917 2971 eum
945 2921 1236 2972 facturum.

172 2994 454 3044 Subtiliter
499 3009 627 3058 ergo
674 2994 971 3059 respondit,
1014 2995 1244 3044 innuens

173 3067 330 3116 talem
367 3067 636 3116 rationem
672 3082 685 3116 :
716 3065 823 3124 Qui
853 3077 1101 3130 operatur
1124 3083 1245 3131 ope-

173 3150 229 3185 ra
265 3152 493 3186 omnem
523 3147 725 3186 naturae
760 3135 1060 3186 facultatem
1089 3152 1243 3187 exce-

174 3210 370 3269 dentia,
400 3220 454 3259 et
496 3225 616 3275 quae
658 3209 938 3275 Prophetae
976 3210 1242 3274 praedixe-

172 3293 288 3333 rant
367 3282 436 3331 de
515 3282 735 3332 Christo
761 3320 774 3341 ,
850 3281 940 3331 ille
1007 3281 1242 3347 profecto

172 3353 422 3404 Christus
458 3362 564 3414 est;
599 3354 693 3402 sed
736 3367 834 3417 ego
863 3352 988 3402 talia
1015 3366 1206 3416 operor
1228 3390 1240 3411 ,

176 3438 295 3489 ergo
351 3439 456 3488 ego
517 3438 639 3472 sum
695 3422 964 3473 Christus.
1030 3422 1244 3472 Utiliter

174 3509 294 3561 ergo
321 3496 391 3544 ad
424 3495 650 3544 Joannis
687 3493 982 3558 discipulos
1015 3507 1244 3557 respon-

175 3566 248 3616 dit
300 3565 577 3615 Dominus
605 3602 618 3626 ,
674 3564 853 3629 potius
908 3578 1004 3628 per
1061 3577 1240 3627 opera,

177 3651 335 3704 quam
363 3637 409 3686 si
440 3635 666 3685 dixisset
692 3652 705 3683 :
735 3635 845 3700 Ego
866 3648 1010 3691 sum,
1039 3642 1098 3681 ut
1127 3632 1243 3697 ipsa

156 3721 331 3775 'opera
366 3709 485 3772 ejus
524 3705 931 3756 manifestarent
971 3704 1051 3754 eis
1095 3704 1242 3769 quod

177 3780 283 3845 ipse
306 3790 451 3829 esset
475 3778 719 3840 MessiaS,
744 3777 924 3843 potius
946 3791 1110 3843 quam
1128 3790 1245 3825 ver·

180 3851 266 3914 ba3
312 3852 444 3918 quia
474 3850 849 3900 testimonium
889 3848 1035 3915 quod
1064 3858 1144 3897 est
1176 3847 1242 3896 de

179 3924 334 3974 rebus
360 3933 414 3973 et
445 3921 720 3989 operibus,
751 3919 1062 3971 credibilius
1088 3927 1141 3968 et
1158 3931 1243 3967 va-

1341 407 1508 456 lidius
1559 417 1644 457 est
1692 407 2003 457 testimonio
2049 406 2195 474 quod
2246 416 2327 457 est
2378 422 2409 457 a

1339 479 1551 541 verbis;
1584 488 1637 528 et
1676 478 1904 528 validior
1940 488 2022 528 est
2060 493 2166 528 vox
2208 478 2407 544 operis,

1341 565 1503 616 quam
1535 549 1823 600 sermonis.
1851 550 2038 600 Noluit
2063 551 2225 600 etiam
2262 565 2409 615 aper-

1340 620 1412 670 tis
1432 620 1612 670 verbis
1631 620 1807 670 dicere
1831 636 1847 670 ε
1879 620 1997 686 Ego
2020 636 2161 682 sum,
2196 631 2411 687 propter

1339 691 1658 756 arrogantiae
1681 691 1917 740 vitandae
1946 692 2283 756 exemplum3
2316 691 2409 740 sed

1340 770 1521 810 tamen
1581 761 1988 811 evidentissime
2046 762 2282 811 ostendit
2351 776 2410 811 se

1341 848 1457 883 esse
1485 834 1639 884 illum
1676 834 1742 884 de
1778 849 1887 901 quo
1918 834 2230 900 quaerebant
2258 849 2403 884 eum.

1406 903 1435 954 3
1472 906 1794 955 Momxm
1821 921 1916 955 sr-:x
1944 920 2214 955 mamma
2237 907 2417 956 Cmu—

1340 993 1425 1027 sn
1456 993 1666 1027 com-nn
1693 993 1925 1028 Tortor-:u
1950 993 2094 1028 unm
2128 994 2415 1028 smair-un-

1341 1068 1449 1103 ua,
1504 1078 1568 1090 -—-
1624 1053 1897 1103 Moraliter
1953 1067 2049 1118 per
2095 1067 2188 1103 sex
2246 1067 2407 1118 opera

1341 1123 1544 1173 Christi
1574 1122 1846 1173 mirabilia
1871 1122 1959 1173 hic
1986 1124 2173 1189 posita,
2205 1124 2407 1189 quibus

1340 1195 1589 1245 liberavit
1644 1195 1897 1245 homines
1948 1211 1977 1246 a
2039 1197 2407 1261 corporalibus

1341 1268 1659 1328 defectibus,
1690 1279 1915 1334 possunt
1942 1269 2107 1333 accipi
2144 1284 2236 1319 sex
2268 1270 2406 1320 mala

1341 1356 1372 1390 a
1401 1339 1602 1405 quibus
1624 1340 1867 1405 quotidie
1894 1339 2240 1405 spiritualiter
2272 1340 2411 1390 libe·-

1344 1422 1424 1463 rat
1465 1412 1692 1463 animas.
1732 1412 1958 1462 Caecitas
1989 1422 2068 1462 est
2107 1412 2411 1478 ignorantia

1342 1495 1396 1534 et
1425 1499 1574 1534 error
1600 1483 1819 1534 rationis
1846 1484 2123 1549 eligentis3
2154 1483 2416 1533 claudica-

1342 1556 1422 1605 tio
1507 1567 1590 1606 est
1678 1556 1968 1606 infirmitas
2041 1565 2094 1605 et
2180 1555 2411 1605 curvitas

1343 1629 1638 1679 affectionis
1716 1629 2013 1692 moventis3
2096 1629 2244 1694 lepra
2329 1637 2412 1679 est

1344 1699 1776 1765 concupiscentia
1812 1710 1864 1749 et
1897 1700 2244 1750 immunditia
2277 1714 2420 1749 con·-

1345 1772 1686 1837 cupiscentiae
1739 1773 1994 1836 carnalis;
2045 1773 2281 1824 surditas
2332 1782 2416 1822 est

1346 1843 1552 1893 malitia
1571 1853 1623 1893 et
1650 1843 1850 1894 duritia
1878 1843 2159 1893 obstinatae
2185 1843 2409 1905 mentis;

1347 1929 1497 1963 mors
1532 1923 1614 1964 est
1658 1914 1919 1980 separatio
1972 1914 2164 1964 animae
2217 1930 2247 1965 a
2301 1915 2419 1964 Deo

1348 1999 1443 2050 per
1491 1986 1718 2035 mortale
1788 1997 2084 2050 peccatum;
2131 1994 2415 2050 paupertas

1346 2066 1429 2106 est
1450 2056 1685 2107 defectus
1703 2057 1882 2122 gratiae
1905 2066 1958 2106 et
1984 2057 2265 2106 virtutum.
2293 2056 2417 2105 Hoec

1348 2143 1440 2178 sex
1484 2130 1640 2188 mala,
1688 2144 1787 2194 pro
1828 2143 2019 2194 magna
2065 2137 2209 2193 parte
2258 2126 2417 2177 nobis
2505 2184 2508 2187 ,

1346 2215 1410 2250 ex
1443 2211 1653 2265 peccato
1700 2199 1861 2266 primi
1907 2198 2148 2250 hominis
2194 2197 2414 2258 inflicta,

1346 2272 1491 2321 tollit
1510 2271 1643 2321 fides
1675 2282 1727 2321 et
1747 2270 2051 2336 praedicatio
2081 2269 2285 2320 Christi
2315 2269 2414 2318 de-

1346 2353 1469 2393 vote
1493 2353 1717 2409 accepta.
1740 2344 1875 2392 Nam
1899 2343 2033 2392 ratio
2057 2342 2412 2399 illuminatur,

1346 2413 1565 2463 affectus
1602 2412 1937 2472 certificatur,
1969 2411 2413 2477 concupiscentiae

1346 2485 1505 2534 ardor
1534 2483 1911 2549 exstinguitur,
1939 2483 2225 2532 obstinatio
2264 2481 2416 2531 fran-

1346 2555 1509 2621 gitur,
1551 2566 1823 2621 peccatum
1876 2554 2108 2620 fugatur,
2151 2562 2202 2604 et
2248 2553 2419 2619 gratia

1347 2628 1639 2680 confertur.
1676 2628 1910 2688 Quidam
1948 2627 2092 2677 enim
2127 2636 2257 2677 sunt
2291 2625 2414 2676 coeci

1348 2715 1443 2765 per
1464 2699 1814 2765 ignorantiam
1837 2715 1850 2748 :
1878 2714 2015 2765 quos
2045 2697 2235 2747 liberat
2263 2696 2430 2747 Chri-⁷

1348 2781 1483 2830 stus,
1513 2771 1834 2821 illustrando
1875 2781 2112 2819 mentem
2157 2769 2222 2818 ad
2270 2767 2414 2816 divi-

1349 2857 1546 2891 norum
1585 2842 1965 2908 cognitionem.
2007 2840 2239 2900 Quidam
2291 2849 2418 2889 sunt

1348 2911 1521 2962 claudi
1563 2911 1619 2960 in
1660 2911 1848 2962 affectu
1892 2927 2064 2977 pravae
2103 2909 2414 2968 voluntatis,

1348 2983 1447 3048 qui
1489 2983 1624 3032 bene
1649 2982 1835 3033 vident
1868 2983 1998 3048 quid
2028 2982 2296 3048 agendum
2327 2980 2417 3038 sit,

1350 3065 1404 3104 et
1421 3055 1717 3120 quomode,
1739 3055 1992 3104 derelicto
2017 3053 2242 3112 mundo,
2267 3051 2421 3102 Chri-

1350 3135 1467 3175 stus
1505 3127 1813 3190 sequendus
1853 3134 2020 3187 esset;
2064 3125 2157 3174 sed
2206 3124 2428 3181 nolunt,

1348 3199 1432 3248 vel
1470 3198 1666 3263 partim
1698 3199 1892 3247 volunt
1926 3196 2080 3262 sequi
2127 3195 2415 3252 mundum,

1348 3271 1546 3339 partim
1598 3270 1907 3329 Christum,
1960 3269 2316 3319 claudicantes
2359 3266 2428 3316 in„

1347 3345 1481 3392 duas
1517 3350 1710 3405 parteS,
1742 3340 1796 3389 id
1831 3350 1911 3389 est
1939 3355 2123 3390 versus
2156 3338 2328 3388 Deum
2367 3346 2419 3388 et

1348 3413 1618 3477 mundum
1661 3428 1676 3461 :
1728 3413 1868 3476 quos
1926 3409 2116 3459 liberat
2168 3408 2432 3459 Christus«

1348 3485 1687 3551 disponendo
1710 3492 1943 3533 mentem
1986 3483 2050 3532 ad
2091 3481 2287 3531 divinae
2320 3495 2419 3530 vo-

1349 3556 1572 3607 luntatis
1613 3556 1992 3621 expletionem.
2024 3553 2255 3613 Quidam
2292 3560 2421 3601 sunt

1349 3630 1544 3696 leprosi
1587 3631 1733 3695 lepra
1776 3628 2018 3686 luxuriae,
2063 3643 2184 3693 quae
2223 3640 2418 3690 corpus

1349 3713 1402 3753 et
1428 3702 1665 3752 animam
1691 3701 1937 3758 maculat,
1960 3699 2042 3748 vel
2069 3696 2285 3747 alterius
2306 3710 2420 3761 pec-

1349 3774 1450 3825 cati
1481 3773 1799 3838 contagione
1825 3788 1839 3821 ε
1868 3786 2007 3836 quos
2031 3769 2220 3818 liberat
2250 3766 2418 3817 Chri-

1349 3854 1467 3894 stus
1488 3843 1800 3909 depurando
1836 3851 2072 3891 mentem
2101 3836 2432 3887 omnimodo-

1348 3931 1382 3967 a
1432 3913 1791 3979 culpabilibus
1840 3909 2133 3961 defectibus
2184 3908 2432 3975 quibus-
