2757 4413
282 335 390 388 774

284 452 495 489 currere
520 474 536 498 ,
589 433 816 486 dimittit
880 449 1037 497 oveS,
1091 433 1355 500 direptio-

284 511 341 562 ni
385 518 581 576 patere,
625 513 676 558 et
715 507 903 574 fugit,
942 507 1195 567 tacendo,
1247 522 1355 556 non

286 580 610 639 resistendo,
676 590 725 628 et
798 577 1062 627 auxilium
1112 577 1355 628 debitum

285 651 673 705 subtrahendo·
708 650 850 701 Dum
883 649 1031 699 enim
1064 650 1177 700 sola
1205 658 1355 700 exte-

283 725 429 776 riora
448 723 734 774 commoda
755 720 1000 788 requirit,
1023 721 1280 772 interiora
1304 732 1358 772 et

287 796 449 848 etiam
483 794 742 845 exteriora
773 792 950 860 gregis
974 793 1166 843 damna
1193 793 1359 859 negli-

286 878 473 936 genter
506 865 725 933 patitur,
761 873 813 915 et
840 873 1026 914 contra
1052 864 1168 914 hoec
1206 865 1356 915 nullo

281 942 401 991 zelo
438 936 757 999 accenditur,
798 936 949 986 nullo
981 935 1187 987 fervore
1218 936 1357 987 dile-

287 1012 484 1064 ctionis
513 1009 799 1075 excitatur;
827 1010 953 1075 quia
997 1009 1358 1060 mercenarius

287 1092 404 1143 est,
450 1083 626 1132 solum
684 1095 882 1131 curans
931 1080 997 1130 de
1045 1080 1287 1131 mercede
1327 1095 1358 1130 a

290 1157 439 1208 lucro
464 1164 515 1205 et
542 1153 826 1204 commodo
850 1153 1153 1220 temporali,
1184 1160 1235 1204 et
1256 1168 1358 1205 non

286 1225 521 1294 pertinet
544 1225 619 1274 ad
646 1239 781 1288 eum,
813 1224 867 1274 id
897 1234 978 1275 est
1016 1225 1081 1274 ad
1113 1226 1229 1290 ejus
1261 1240 1359 1275 cu-

290 1313 428 1357 ram,
459 1296 524 1347 de
558 1296 762 1359 ovibus,
793 1297 858 1346 de
900 1311 1128 1362 quarum
1177 1296 1361 1362 perdi-

291 1368 441 1419 tione
466 1383 576 1419 non
615 1367 931 1417 sollicitatur
958 1377 1010 1417 et
1035 1376 1199 1427 curat,
1232 1367 1362 1434 quia

296 1455 406 1491 non
458 1453 638 1489 amore
692 1453 874 1488 earum
900 1477 915 1498 ,
969 1438 1061 1488 sed
1103 1454 1211 1505 pro
1264 1454 1362 1490 sua

293 1511 536 1561 mercede
559 1509 841 1575 temporali
866 1509 1095 1575 laborat;
1121 1525 1265 1571 narn,
1288 1526 1365 1561 se-

296 1584 535 1635 cundum
585 1582 967 1648 Augustinum,
1023 1584 1146 1632 non'
1187 1583 1365 1649 diligit

296 1653 354 1704 in
390 1654 584 1705 ovibus
623 1653 924 1713 Christum,
958 1654 1049 1704 sed
1083 1654 1161 1704 lac
1194 1665 1246 1704 et
1282 1653 1364 1703 la-

297 1741 455 1789 nam;
485 1732 536 1776 et
572 1725 729 1791 lupus
764 1725 928 1791 rapit,
963 1725 1028 1774 ad
1067 1725 1272 1775 malum
1310 1734 1364 1774 et

297 1796 598 1863 periculum
638 1794 1013 1860 pertrahendo,
1054 1801 1106 1844 et
1149 1794 1365 1861 disper-

296 1867 385 1934 git
430 1880 588 1928 oveS,
646 1864 713 1914 ab
772 1865 976 1914 unitate
1029 1865 1264 1915 caritatis
1314 1875 1366 1915 et

298 1934 543 1987 Ecclesiae
579 1933 894 1998 separandO,
933 1934 1015 1985 vel
1055 1934 1363 2001 affligendo,

298 2007 412 2060 Sed
458 2006 622 2056 bonus
659 2009 884 2069 pastor,
927 2005 1181 2056 adversus
1222 2022 1365 2071 prae-

300 2079 473 2129 dictos
504 2077 664 2143 lupos
696 2076 930 2126 animam
966 2091 1119 2128 suam
1150 2078 1247 2127 dat
1280 2079 1366 2129 vel

299 2150 457 2220 ponit
504 2166 518 2199 ε
565 2148 695 2215 quia
735 2147 936 2199 resistit
978 2149 1368 2200 tentationibus

301 2221 539 2282 diaboli,
595 2220 868 2287 arguendo
930 2230 984 2272 et
1043 2221 1366 2287 increpando

301 2295 461 2358 vitia3
502 2293 701 2344 resistit
728 2293 950 2345 fallaciis
977 2293 1366 2357 haereticorum,

305 2365 649 2435 praedicando
688 2380 836 2427 vera3
874 2364 1076 2415 resistit
1116 2381 1369 2430 persecu-

303 2437 545 2489 tionibus
590 2436 875 2496 malorum,
919 2436 1120 2486 orando
1165 2447 1217 2486 et
1259 2436 1369 2486 im-

304 2509 566 2578 plorando
589 2509 798 2558 coeleste
820 2507 1161 2559 beneficium.
1188 2510 1370 2560 Bonus

303 2591 488 2649 pastor
547 2579 741 2646 quaerit
799 2578 1085 2629 utilitatem
1143 2580 1366 2645 ovium;

305 2652 399 2703 sed
446 2650 621 2700 malus
670 2657 850 2713 pastor
892 2658 943 2698 et
989 2650 1367 2708 mercenarius,

305 2722 655 2775 commodum
703 2720 1004 2786 proprium.
1044 2722 1228 2773 Bonus
1274 2738 1370 2789 pa-

304 2804 420 2845 stor
465 2792 654 2844 videns
695 2792 887 2857 lupum
937 2792 1270 2853 venientem,
1316 2794 1369 2843 id

304 2874 385 2915 est
426 2862 771 2914 tentationem
823 2862 1162 2924 diabolicam,
1209 2865 1371 2916 dece-

303 2936 550 3002 ptionem
601 2934 925 2995 haereticam,
973 2937 1056 2986 vel
1111 2936 1368 2987 saevitiam

302 3004 659 3073 tyrannicam,
706 3005 932 3070 opponit
986 3022 1075 3070 se,
1124 3008 1371 3059 subditos

305 3086 491 3127 contra
523 3074 899 3141 hunclupum
940 3077 1206 3144 triplicem
1247 3088 1371 3129 tue-

303 3158 397 3199 tur
441 3155 495 3197 et
534 3145 795 3212 defendit;
837 3148 929 3198 sed
971 3150 1146 3199 malus
1192 3159 1371 3214 pastor

305 3219 447 3287 fugit
474 3227 526 3269 et
552 3217 778 3268 dimittit
815 3235 957 3285 oves,
992 3237 1087 3272 nec
1119 3223 1371 3273 adversa-

305 3292 403 3343 riis
449 3289 665 3341 resistit.
694 3289 849 3340 Unde
879 3291 935 3342 in
972 3292 1223 3343 Zacharia
1267 3309 1281 3343 ε
1323 3295 1372 3345 Ο

295 3369 516 3431 pastor,
548 3367 599 3413 et
626 3361 825 3411 idolum
854 3363 1220 3430 derelinquens
1250 3380 1372 3432 gre·

306 3435 467 3503 gem!
490 3432 652 3492 Quasi
675 3432 872 3483 diceret
898 3450 913 3483 z
940 3434 1061 3485 Non
1086 3451 1144 3486 es
1172 3447 1370 3502 pastor,

308 3508 402 3560 sed
431 3505 847 3558 similitudinem
884 3516 936 3556 et
980 3508 1186 3559 idolum
1230 3510 1371 3578 geris

307 3577 583 3645 pastoris;
637 3577 813 3627 bonus
864 3585 1042 3643 pastor
1091 3596 1191 3631 non
1235 3597 1373 3648 quae·

306 3664 436 3700 rens
482 3663 604 3715 quae
641 3664 748 3700 sua
784 3656 923 3713 sunt,
959 3650 1051 3700 sed
1085 3667 1208 3718 quae
1246 3654 1372 3705 Jesu

307 3722 533 3782 Christi,
572 3737 732 3789 supra
766 3739 981 3790 gregem
1018 3739 1179 3775 suum
1217 3727 1373 3777 solli-

306 3792 411 3843 cite
441 3792 645 3859 vigilat,
671 3795 914 3861 cogitans
939 3795 1180 3861 quotidie
1207 3813 1372 3863 quam

305 3862 566 3912 rationem
602 3864 667 3914 de
693 3867 1000 3917 commissis
1033 3867 1144 3919 Deo
1170 3869 1371 3921 reddat.

305 3930 458 3982 Unde
475 3935 818 3998 Augustinus
845 3938 1052 3990 dicebat
1074 3955 1087 3989 z
1114 3957 1141 3986 «
1163 3939 1228 3991 Et
1261 3956 1376 4006 per-

826 317 1061 369 PRIMAE
1094 316 1341 369 PARTIS
1370 315 1604 367 CAPUT
1636 316 1917 370 LXXXVI.

1447 432 1634 484 tinctis
1688 433 1754 483 ad
1801 448 1986 484 curam
2033 442 2294 492 nostram,
2334 443 2401 484 ut
2446 449 2539 485 ra·

1446 504 1651 554 tionem
1690 505 1757 554 de
1789 504 1945 555 vobis
1979 504 2176 555 bonam
2203 505 2537 568 reddamus-3

1446 586 1557 627 tota
1601 585 1783 627 autem
1827 577 1962 627 ratio
2010 588 2219 638 nostra,
2269 593 2391 644 quae
2442 587 2539 628 est

1446 649 1615 701 scitis.
1668 649 1928 711 Domine,
1980 650 2084 701 scis
2139 650 2267 716 quia
2316 650 2535 711 dilexi,

1447 721 1553 771 scis
1588 723 1716 788 quia
1770 737 1882 772 non
1920 721 2082 785 tacui,
2135 721 2243 771 scis
2284 721 2416 788 quia
2458 736 2539 772 ex

1446 791 1627 843 animo
1655 792 1789 853 dixi,
1814 792 1924 843 scis
1954 791 2233 858 quia'flevi
2274 808 2403 843 cum
2431 793 2535 844 di-

1447 880 1621 916 cerem
1677 876 1731 916 et
1786 881 1895 916 non
1941 866 2175 930 audiret;
2223 866 2339 932 ipsa
2386 876 2536 933 puto

1449 937 1594 1004 quod
1625 937 1834 1004 integra
1870 936 2007 987 ratio
2041 952 2160 987 mea
2188 947 2308 987 est:
2345 957 2370 983 ι
2403 938 2534 988 haec

1447 1009 1808 1074 Augustinus,
1838 1009 2199 1059 Mercenarius
2228 1024 2374 1070 ver0,
2404 1024 2532 1068 sua,

1449 1094 1560 1130 non
1589 1094 1710 1145 quae
1736 1080 1862 1130 Jesu
1896 1078 2097 1130 Christi
2125 1094 2390 1146 quaerens,
2423 1095 2536 1130 su-

1449 1167 1545 1218 pra
1590 1167 1806 1218 gregem
1852 1167 1960 1203 non
2017 1151 2233 1218 vigilat;
2298 1167 2399 1202 nec
2458 1152 2535 1203 de

1449 1238 1606 1289 grege
1638 1223 1903 1274 sollicitus
1930 1222 2125 1289 cogitat
2156 1239 2324 1290 quam
2354 1223 2537 1274 ratio·

1451 1309 1574 1345 nem
1605 1294 1672 1344 de
1702 1309 1765 1344 eo
1798 1295 2019 1345 reddere
2039 1295 2229 1356 valeat,
2251 1295 2382 1362 quia
2414 1311 2537 1346 non

1450 1373 1664 1431 propter
1706 1364 1900 1426 Deum,
1939 1366 2032 1415 sed
2061 1377 2277 1432 propter
2316 1382 2539 1418 merce-

1449 1437 1572 1487 dem
1597 1437 1967 1502 temporalem,
1996 1452 2159 1503 quam
2191 1438 2280 1488 hic
2317 1438 2537 1504 recipit,

1451 1509 1562 1559 Deo
1609 1508 1822 1559 militat.
1867 1509 2020 1560 Unde
2065 1518 2117 1559 et
2154 1510 2471 1576 Gregorius
2518 1527 2539 1560 .-

1453 1600 1481 1628 «
1510 1581 1872 1631 Mercenarius
1917 1580 2120 1647 quippe
2168 1591 2250 1631 est
2299 1581 2396 1647 qui
2442 1582 2538 1632 lo-

1453 1666 1578 1701 cum
1613 1649 1844 1718 pastoris
1882 1659 2046 1712 tenet,
2078 1652 2169 1701 sed
2215 1651 2360 1701 lucra
2401 1650 2538 1701 ani-

1455 1738 1666 1773 marum
1706 1740 1815 1774 non
1853 1724 2065 1790 quaerit.
2096 1723 2352 1774 Terrenis
2380 1738 2538 1773 com-

1455 1793 1663 1844 modis·
1688 1794 1895 1854 inhiat,
1948 1794 2155 1845 honore
2199 1793 2538 1860 praelationis

1453 1864 1674 1930 gaudet,
1719 1864 2106 1930 temporalibus
2150 1864 2316 1914 lucris
2365 1863 2540 1930 pasci-

1455 1947 1569 1998 tur,
1624 1937 1871 2002 impensa
1921 1937 2030 1988 sibi
2081 1939 2148 1988 ab
2205 1937 2538 1988 horninibus

1456 2008 1753 2059 reverentia
1778 2008 2005 2059 laetatur.
2027 2010 2145 2060 Istae
2174 2020 2298 2059 sunt
2322 2009 2536 2060 etenim

1457 2079 1727 2130 mercedes
1784 2079 2130 2139 mercenarii,
2188 2089 2247 2130 ut
2306 2096 2405 2147 pro
2470 2096 2537 2131 eo

1458 2152 1575 2220 ipso
1621 2153 1767 2220 quod
1798 2152 1852 2202 in
1886 2151 2149 2220 regimine
2177 2153 2404 2214 laborat,
2442 2153 2540 2204 hic

1457 2225 1604 2290 quod
1638 2224 1833 2290 quaerit
1871 2223 2133 2287 inveniat5
2176 2234 2229 2275 et
2271 2225 2338 2274 ab
2367 2224 2539 2275 here-

1456 2294 1621 2345 ditate
1667 2294 1845 2362 gregis
1899 2294 1956 2344 in
2001 2304 2279 2360 posterum
2318 2296 2542 2346 alienus

1458 2368 1649 2419 existat
1678 2385 1692 2418 τ
1725 2388 1752 2417 »
1778 2370 1893 2420 hoec
1923 2368 2248 2435 Gregorius,

1519 2441 1553 2493 6
1588 2442 1757 2493 Stena
1807 2458 1935 2493 ’rma
1992 2458 2113 2492 nom
2166 2458 2421 2493 rasi-oms
2480 2458 2538 2494 IN

1458 2514 1695 2565 Cnmsro
1717 2528 2048 2565 vammum.
2070 2541 2134 2550 -—
2156 2512 2360 2563 Deinde
2381 2514 2538 2579 quod

1457 2587 1661 2638 dixerat
1703 2587 1894 2653 probat
1937 2601 2031 2653 per
2072 2585 2244 2652 signa,
2286 2585 2476 2636 dicens
2522 2603 2536 2635 :

1458 2658 1589 2724 Ego
1616 2672 1733 2708 sum
1752 2661 1952 2723 pastor
1986 2657 2169 2719 bonus,
2196 2665 2249 2705 et
2275 2655 2539 2706 subditur

1458 2732 1678 2798 signum
1727 2729 1919 2796 hujus,
1965 2735 2019 2780 et
2079 2743 2345 2796 cognosco
2402 2744 2541 2781 oves

1460 2816 1640 2865 meas,
1691 2816 1802 2852 non
1855 2800 2032 2850 solum
2084 2799 2288 2850 scilicet
2338 2800 2539 2851 notitia

1458 2871 1702 2932 visionis,
1736 2886 1844 2938 qua
1872 2870 2057 2921 omnia
2094 2870 2239 2920 nuda
2266 2879 2319 2919 et
2350 2881 2541 2935 aperta

1460 2953 1587 2996 sunt
1625 2944 1797 2994 oculis
1830 2943 1962 3009 ejus,
2003 2943 2097 2993 sed
2135 2942 2293 2992 etiam
2340 2942 2541 2994 notitia

1459 3014 1864 3083 approbationis
1926 3024 1978 3064 et
2032 3012 2359 3073 dilectionis,
2424 3028 2541 3080 qua

1460 3088 1735 3155 cognoscit
1761 3088 1939 3137 solum
1976 3085 2170 3152 dignos
2196 3085 2305 3135 vita
2333 3095 2542 3137 aeterna

1462 3159 1730 3227 promissa
1756 3159 1862 3224 eis;
1884 3158 2158 3225 cognoscit
2187 3156 2350 3208 etiam
2378 3156 2545 3209 Chri-

1461 3241 1578 3281 stus
1638 3245 1763 3281 oves
1811 3243 1934 3279 suas
1989 3244 2084 3294 per
2128 3227 2426 3294 imaginem
2487 3239 2543 3279 et

1461 3301 1878 3353 similitudinem
1921 3316 2075 3351 suam
2116 3315 2279 3366 quam
2313 3300 2393 3349 eis
2424 3299 2541 3350 im-

1463 3373 1686 3441 pressit,
1750 3387 1844 3439 per
1897 3387 2046 3422 arma
2100 3379 2153 3420 et
2210 3369 2543 3421 vestimenta

1462 3443 1754 3506 virtutum,
1814 3441 2015 3508 quibus
2060 3439 2246 3491 fideles
2301 3440 2540 3500 ornavit,

1465 3530 1559 3581 per
1582 3514 1738 3580 signa
1764 3514 2033 3563 bonorum
2071 3525 2295 3576 operum
2324 3510 2540 3576 quibus

1463 3600 1555 3636 eos
1582 3583 1866 3644 decoravit,
1894 3598 1988 3649 per
2021 3579 2319 3631 doctrinam
2353 3595 2540 3640 suam,

1466 3667 1518 3708 et
1562 3656 1860 3725 specialiter
1901 3670 1996 3721 per
2029 3654 2309 3705 caritatem
2339 3653 2404 3703 ad
2439 3652 2539 3703 in-
2618 3685 2623 3690 -

1466 3728 1657 3789 vicem,
1696 3743 1803 3795 qua
1853 3741 1944 3777 eos
1993 3722 2302 3774 informavit
2348 3739 2363 3772 z
2404 3737 2538 3789 quoe

1467 3799 1650 3850 omnia
1670 3798 1727 3849 in
1757 3798 1836 3849 eis
1858 3795 2077 3848 invenit.
2097 3795 2175 3845 Et
2202 3800 2541 3859 cognoscunt

1466 3883 1549 3920 me
1595 3882 1743 3932 meae,
1767 3867 1905 3933 quia
1936 3881 2060 3917 vere
2105 3863 2287 3914 fideles
2323 3878 2539 3930 cogno-

1467 3949 1622 3992 scunt
1662 3938 1974 4002 Christum,
2020 3934 2212 3988 notitia
2259 3949 2353 4000 per
2390 3934 2538 3987 dile-
