2757 4413
337 314 429 364 DE
458 313 855 366 AMBITIONE
887 315 979 365 ET
1012 312 1418 373 QUIBUSDAM
1450 312 1627 364 ALIIS
1657 311 2107 366 DEFECTIBUS.

137 430 276 497 piens
299 425 496 480 deliciae
524 429 774 496 sapiunt?
806 429 949 490 Quid
976 428 1177 479 divitiae

137 502 232 552 illae
257 516 421 551 caecos
449 503 708 553 delectant
743 502 943 561 oculos,
972 500 1175 568 quibus

137 573 337 624 mereris
390 583 500 623 tam
552 588 708 639 grave
748 572 1024 639 judicium,
1066 582 1175 622 tam

137 646 265 695 durae
293 646 636 711 temetipsum
681 646 886 712 obligas
933 644 1174 696 rationi?

136 718 371 768 Universa
423 717 693 785 siquidem
738 733 910 784 usque
944 717 1009 767 ad
1048 732 1176 783 qua-

134 790 352 839 drantem
415 790 770 841 novissimum
814 789 1042 856 exigeris
1091 805 1105 839 z
1143 808 1171 837 n

134 858 231 910 haec
253 861 589 911 Ber-nardus.
625 861 691 911 Et
745 860 961 920 iterum,
1010 873 1171 925 super

132 932 208 983 illo
227 935 388 983 verbo
417 933 698 998 Prophetae
741 948 756 983 z
803 933 1037 983 Peccata
1062 947 1171 998 po-

128 1003 226 1068 puli
249 1005 350 1053 mei
399 1004 675 1054 comedent
705 1019 723 1055 .·
758 1022 785 1050 α
824 1002 991 1062 Quasi
1014 1002 1169 1066 dicat,

133 1075 207 1135 ait,
251 1085 591 1141 peccatorum
620 1075 788 1142 pretia
829 1074 1072 1141 exigunt,
1120 1085 1172 1126 et

132 1149 457 1213 peccantibus
488 1148 723 1198 debitam
752 1146 1168 1197 sollicitudinem

130 1234 221 1268 non
255 1219 598 1284 impendunt.
646 1219 817 1277 Quem
846 1218 1000 1268 dabis
1030 1217 1169 1267 mihi

130 1291 181 1341 de
206 1307 429 1342 numero
471 1291 902 1357 praepositorum,
933 1290 1026 1357 qui
1059 1306 1169 1341 non

130 1362 234 1427 plus
258 1361 507 1428 invigilet
541 1360 880 1411 subditorum
909 1376 1171 1412 evacuan-

130 1433 199 1484 dis
215 1434 521 1500 marsupiis‚
538 1449 702 1499 quam
721 1433 869 1484 vitiis
885 1433 1175 1499 exstirpan-

129 1504 234 1555 dis?
280 1506 388 1556 Ubi
432 1506 529 1572 qui
566 1506 767 1555 orando
811 1504 986 1556 flectat
1014 1504 1167 1568 iram,

129 1576 209 1640 qui
233 1577 487 1642 praedicet
508 1592 712 1626 annum
737 1576 1048 1641 placabilem
1072 1576 1175 1627 Do·

132 1647 289 1697 mino?
318 1647 547 1697 Leviora
593 1647 884 1713 loquimur,
932 1647 1172 1713 graviora

131 1718 317 1783 gravius
363 1727 549 1768 manet
600 1718 878 1783 judicium.
937 1718 1171 1768 Ministri

133 1788 310 1838 Christi
348 1799 498 1849 sunt,
528 1798 583 1839 et
616 1789 851 1840 serviunt
889 1788 1173 1839 Antichri-

134 1867 218 1908 810.
269 1859 530 1909 Honorati
585 1859 839 1910 incedunt
895 1861 961 1911 de
1011 1859 1171 1909 bonis

133 1929 347 1993 Domini,
379 1932 475 1997 qui
505 1933 740 1982 Domino
763 1932 1024 1984 honorem
1059 1948 1169 1982 non

135 1998 344 2052 fecerunt
399 2020 413 2051 :
464 2022 492 2051 ι)
539 2002 651 2053 haec
679 2004 1008 2054 BernarduS.
1038 2004 1173 2053 Sunt

138 2084 286 2124 autem
310 2074 535 2156 quidam
565 2056 658 2157 qui
689 2076 941 2136 ecclesiis,
971 2085 1022 2127 et
1050 2074 1172 2126 ovi-

141 2144 223 2195 bus
259 2146 373 2197 suis
431 2146 666 2213 propriis
708 2147 1006 2208 derelictis,
1052 2146 1171 2197 aliis

137 2215 419 2267 deserviunt
463 2217 701 2268 ecclesiis
757 2219 838 2269 vel
890 2218 1173 2284 praedicant

138 2289 353 2353 populis;
387 2288 479 2338 sed
513 2304 607 2354 per
631 2290 733 2339 hoc
756 2288 820 2339 de
848 2288 1174 2355 negligentia

136 2359 473 2423 ecclesiarum,
502 2369 554 2409 et
577 2359 760 2409 ovium
794 2375 1012 2410 suarum
1059 2376 1169 2409 non

134 2441 429 2480 excusantur
452 2430 594 2495 apud
623 2430 829 2494 Deum3
879 2430 1008 2497 quia
1047 2431 1170 2480 red-

133 2499 240 2550 dent
260 2500 520 2550 rationem
547 2500 614 2549 de
633 2499 888 2550 omnibus
912 2515 1083 2565 usque
1104 2500 1171 2550 ad

133 2571 455 2621 novissimum
517 2569 886 2635 quadrantem.
926 2570 1172 2635 Allegant

135 2645 269 2696 etiam
314 2646 644 2712 quandoque
698 2661 809 2694 non
861 2644 1172 2704 residentes,

137 2718 257 2783 quod
280 2717 333 2766 in
356 2716 593 2766 ecclesiis
618 2730 804 2766 eorum
836 2726 964 2766 sunt
1000 2716 1177 2766 rebel-

136 2788 198 2838 les
228 2799 276 2839 et
309 2787 550 2855 tyranni,
584 2788 667 2838 vel
715 2786 955 2837 infideles
987 2797 1038 2837 et
1065 2787 1175 2837 hu-

136 2857 361 2921 jusmodi.
411 2858 475 2907 In
504 2872 614 2923 quo
662 2856 867 2922 seipsos
894 2858 1066 2923 magis
1089 2873 1176 2907 re·-

137 2931 401 2997 darguunt,
456 2931 586 2996 quia
632 2930 818 2980 vident
860 2932 1069 2996 lupum,
1125 2941 1178 2982 et

137 3000 348 3068 fugiunt,
381 3018 511 3053 cum
538 3012 715 3051 tamen
756 3018 853 3068 pro
880 3002 1099 3052 illorum
1127 3013 1178 3052 et

137 3073 366 3124 Ecclesiae
394 3074 625 3124 utilitate
652 3073 906 3124 deberent
924 3084 1054 3123 tunc
1079 3089 1179 3139 po-

137 3144 224 3194 tius
250 3145 502 3195 residere.
528 3145 616 3194 Sic
656 3154 707 3195 et
741 3144 903 3195 hodie
926 3144 1083 3196 multi
1118 3145 1175 3196 in

134 3217 372 3283 religione
406 3232 590 3266 curam
631 3215 932 3267 animarum
970 3216 1178 3267 haben-

136 3299 216 3351 ωε,
265 3292 564 3342 claustrum
588 3290 743 3356 quasi
782 3306 1041 3341 carcerem
1086 3289 1179 3341 fu-

136 3362 288 3427 giunt,
327 3373 383 3414 et
428 3379 552 3413 cum
597 3365 757 3413 Satan
796 3362 1177 3413 circumeundo

137 3443 311 3485 terram
353 3445 407 3484 et
432 3434 850 3500 perambulando
877 3450 994 3484 eam
1019 3434 1173 3500 quasi

136 3508 237 3572 vagi
288 3507 633 3566 discurrunt,
696 3521 884 3572 parum
910 3505 1180 3573 =timentes

140 3579 283 3643 quod,
314 3578 493 3642 ligatis
519 3578 669 3644 vagis
710 3593 897 3628 eorum
928 3577 1176 3643 pedibus,

139 3649 464 3712 projiciantur
491 3648 550 3698 in
588 3649 831 3699 tenebras
865 3648 1174 3699 exteriores,

145 3719 287 3770 Primi
321 3722 539 3787 quidem
570 3722 847 3788 religionis
877 3733 1066 3788 patres,
1081 3737 1179 3771 ur—

145 3788 224 3841 bes
244 3801 293 3841 et
317 3793 508 3857 palatia
536 3792 910 3859 relinquentes,
936 3792 1177 3843 solitudi-

148 3877 252 3914 nem
282 3867 545 3931 petebant,
566 3866 801 3917 dicentes
823 3882 946 3917 cum
966 3866 1176 3917 Hiero-

151 3949 291 4002 nymo
313 3955 332 3989 ε
359 3957 387 3986 «
406 3939 686 4005 Oppidum
709 3939 847 3991 mihi
884 3955 1053 3990 carcer
1075 3951 1177 4002 est,

2232 310 2330 363 631

1282 439 1334 479 et
1353 430 1588 482 solitudo
1617 431 1942 497 paradisus.»
1963 432 2067 481 Sed
2091 429 2178 481 isti
2198 430 2336 496 vagi,

1281 501 1630 552 solitudinem
1649 503 1967 565 deserentes,
1994 502 2157 552 urbes
2176 511 2228 552 et
2252 516 2339 567 pa-

1280 571 1405 622 latia
1422 583 1691 638 quaerunt,
1723 573 1877 640 quasi
1898 572 2037 622 intra
2064 588 2121 623 se
2153 572 2339 622 dicen-

1278 650 1356 692 tes
1386 659 1401 692 :
1427 643 1672 694 Solitudo
1718 644 1856 693 mihi
1913 659 2087 694 carcer
2138 654 2233 703 est,
2283 653 2337 693 et

1278 715 1539 782 oppidum
1584 718 1877 782 paradisus.
1938 718 2091 769 Unde
2139 716 2336 767 talibus

1276 787 1414 837 bene
1435 788 1707 853 competit,
1737 799 1789 838 et
1812 790 1877 839 de
1909 789 1987 840 eis
2014 788 2175 839 scribi
2205 803 2335 853 pos-

1277 868 1374 922 set,
1420 860 1566 925 quod
1590 859 1655 909 de
1699 861 1930 926 quodam
1962 857 2331 924 hujuscemodi

1278 942 1396 996 post
1434 932 1681 982 mortem*
1701 933 1831 996 ejus,
1861 933 2013 998 quasi
2039 948 2136 998 pro
2164 930 2335 996 epita—

1277 1003 1428 1068 phio,
1457 1003 1677 1068 quidam
1722 1003 2049 1055 versificator
2093 1003 2169 1053 sic
2196 1000 2336 1052 scri—

1278 1084 1385 1141 psit
1415 1091 1429 1124 :

1276 1217 1419 1266 Dum
1440 1215 1560 1282 suit
1598 1216 1652 1266 in
1701 1217 1912 1279 mundo,
1946 1231 2050 1280 per
2082 1215 2331 1266 mundum

1962 1288 2121 1351 {vixit
2145 1289 2332 1344 eundo.

1276 1362 1419 1412 Haec
1433 1367 1707 1427 postrema
1739 1360 1870 1423 dier,
1893 1359 2009 1411 haec
2036 1359 2139 1411 sibi
2153 1359 2337 1493 fvt-igne

2171 1444 2336 1496 quaes·

1338 1577 1373 1628 8
1421 1579 1637 1628 Snxruu
1675 1592 1856 1628 mun
1906 1593 1921 1627 ι
1965 1591 2163 1627 Anusus
2198 1591 2337 1625 rnu-

1276 1663 1459 1697 cruuu
1480 1663 1884 1698 neunt-*temanum
1905 1676 1966 1685 -
1992 1648 2211 1697 Sextum
2234 1661 2338 1696 ma·

1275 1719 1391 1768 lum
1415 1730 1510 1778 est,
1541 1718 1669 1784 quia
1696 1718 1850 1768 multi
1876 1718 2140 1769 fructibus
2170 1717 2336 1767 bene—

1275 1790 1521 1842 ficiorum
1541 1801 1591 1841 et
1613 1790 1768 1842 bonis
1791 1789 2161 1842 ecclesiasticis
2187 1789 2336 1839 abuti

1276 1878 1387 1911 non
1410 1871 1675 1921 metuunt,
1695 1876 1754 1911 ac
1782 1860 2165 1926 patrimonium
2186 1859 2339 1910 Chri-

1275 1932 1342 1981 sti
1373 1942 1425 1982 et
1456 1947 1541 1982 res
1575 1947 1873 1998 pauperum
1905 1933 1961 1981 in
1987 1946 2119 1982 usus
2146 1946 2335 1996 super-

1275 2006 1413 2056 fluos
1457 2015 1509 2056 et
1537 2006 1755 2056 illicitos
1784 2015 2116 2057 convertunt.
2144 2005 2335 2065 Quan-

1275 2088 1611 2158 tumcunque
1629 2076 1773 2127 enim
1793 2078 2021 2127 utiliter'
2010 2093 2067 2127 in
2088 2075 2337 2127 beneficio

1275 2148 1400 2214 quis
1448 2148 1681 2208 laboret,
1724 2148 1864 2197 ultra
1917 2157 2095 2198 tamen
2136 2147 2338 2197 victum

1275 2230 1327 2269 et
1354 2219 1606 2269 vestitum
1637 2218 1740 2269 sibi
1772 2210 2046 2269 vendicare
2092 2234 2200 2268 non
2236 2217 2338 2267 de·-

1277 2290 1394 2352 bet;
1443 2288 1709 2355 quidquid
1753 2288 1900 2338 enim
1944 2288 2179 2353 amplius
2235 2297 2335 2345 est,

1278 2375 1571 2426 pauperum
1625 2369 1722 2408 est.
1758 2359 1912 2409 Unde
1959 2358 2276 2409 Bernardus
2321 2374 2339 2407 .-

1278 2450 1305 2477 «
1330 2432 1435 2480 Sed
1464 2440 1596 2491 est0,
1618 2429 1856 2479 studiose
1884 2429 2009 2496 quis
2037 2440 2086 2479 et
2104 2428 2339 2479 fructuo—

1277 2519 1333 2553 se
1356 2503 1577 2562 laboret,
1627 2502 1769 2552 vivat
1811 2501 1877 2552 de
1917 2501 2088 2562 altari,
2133 2510 2195 2551 ut
2234 2500 2338 2550 ali-

1278 2583 1457 2623 menta
1510 2582 1562 2622 et
1610 2572 1811 2639 quibus
1856 2582 2062 2637 tegatur
2112 2571 2336 2630 habens,

1279 2646 1366 2696 his
1419 2655 1701 2696 contentus
1756 2644 1843 2695 sit.
1887 2644 2008 2693 Non
2042 2642 2333 2710 superbiat,

1279 2731 1387 2765 non
1415 2714 1730 2775 luxurietur,
1781 2714 2016 2781 denique
2061 2730 2170 2764 non
2199 2713 2340 2764 dite-

1278 2796 1383 2845 tur,
1416 2802 1512 2837 nec
1539 2802 1604 2837 ex
1632 2787 1878 2837 clericatu
1906 2786 2069 2836 ditior
2092 2785 2201 2846 fiat,
2228 2802 2338 2835 non

1279 2860 1384 2912 sibi
1414 2861 1480 2911 de
1507 2860 1664 2911 bonis
1695 2859 1946 2911 Ecclesiae
1980 2862 2159 2925 ampla
2186 2859 2338 2925 pala-

1280 2932 1353 2982 tia
1375 2931 1616 2995 fabricet,
1650 2946 1745 2981 nec
1790 2931 1996 2981 loculos
2044 2931 2171 2981 inde
2199 2947 2340 2981 con-

1279 3014 1478 3070 greget,
1520 3020 1614 3054 nec
1655 3004 1708 3053 in
1740 3005 1970 3054 vanitate
2008 3015 2098 3056 aut
2149 3021 2342 3071 super—

1280 3076 1483 3126 fluitate
1534 3075 1820 3141 dispergat,
1862 3092 1968 3126 non
2008 3078 2224 3127 extollat
2273 3077 2342 3127 de

1282 3146 1620 3197 facultatibus
1641 3146 1886 3197 Ecclesiae
1915 3147 2343 3214 consanguineos

1283 3236 1411 3272 suos
1442 3230 1533 3271 aut
1562 3229 1798 3285 nepotes,
1842 3236 1914 3270 ne
1942 3220 2080 3272 filias
2111 3219 2342 3271 dixerim

1284 3292 1477 3359 nuptui
1525 3293 1720 3355 tradat3
1769 3307 1851 3342 res
1900 3308 2196 3358 pauperum
2230 3308 2341 3342 non

1282 3362 1605 3429 pauperibus
1653 3362 1795 3423 dare,
1826 3379 1920 3429 par
1945 3363 2207 3428 sacrilegii
2236 3361 2345 3413 cri-

1284 3450 1405 3485 men
1427 3450 1541 3484 esse
1568 3433 1919 3500 dignoscitur.
1952 3435 2059 3484 Nec
2090 3434 2237 3483 enim
2261 3449 2343 3483 or·

1282 3504 1487 3554 dinavit
1513 3505 1655 3555 Deus
1685 3504 1770 3554 his
1798 3505 1893 3570 qui
1916 3504 2204 3570 Evangelio
2226 3518 2344 3553 ser-

1281 3576 1438 3625 viunt
1491 3577 1558 3627 de
1620 3577 1909 3643 Evangelio
1964 3589 2202 3643 quaerere
2253 3582 2345 3622 aut

1283 3648 1478 3698 habere
1528 3648 1762 3711 delicias,
1818 3658 1910 3699 aut
1937 3656 2225 3703 ornatum„
2249 3643 2342 3693 sed

1281 3719 1477 3780 vivere,
1519 3720 1595 3770 ait
1620 3721 1910 3784 Apostolus
1959 3719 2026 3768 de
2051 3731 2135 3778 e03
2166 3723 2227 3764 ut
2252 3713 2341 3765 vi-

1282 3790 1472 3841 delicet
1506 3790 1614 3841 sint
1659 3790 1896 3841 contenti
1926 3790 2184 3840 alimenta
2213 3802 2341 3836 cor-

1283 3865 1449 3929 poriS,
1497 3881 1606 3915 non
1653 3866 1791 3930 gulae
1837 3862 2198 3921 irritamenta,
2251 3870 2344 3910 aut

1281 3936 1549 3990 incentiva
1599 3936 1872 4001 libidinis,
1920 3946 1972 3987 et
2016 3935 2216 4002 quibus
2261 3943 2343 3987 te-
