2757 4413
360 335 454 385 DE
486 335 898 386 MINISTERIO
930 333 1256 385 MARTHAE
1290 333 1383 383 ET
1415 333 1589 386 OTIO
1622 335 1867 385 MARIAE
1900 335 2116 385 MAGD.

134 449 415 511 mnitibus,
469 460 651 515 optata
695 450 801 515 jam
859 449 917 500 in
970 447 1184 499 Christo

137 521 300 586 quiete
344 520 550 570 mentis
607 520 925 585 perfruitum
981 518 1190 568 Martha

136 608 246 643 vero
281 603 406 654 stat,
448 593 575 658 quia
602 593 772 643 activa
799 592 1065 643 laboriosa
1090 591 1187 640 de-

135 663 271 714 sudat
296 663 354 713 in
397 662 706 713 certamine.
738 664 892 714 Unde
916 662 1187 728 Augusti-

133 749 220 784 nus
248 751 267 785 .-
317 754 343 780 ι
391 735 787 785 Remanserunt
826 748 956 798 erge
998 733 1056 783 in
1098 732 1190 782 illa

124 804 295 866 deme,
347 822 469 872 quae
522 815 822 870 susceperat
874 805 1189 864 Dominum,

126 873 412 926 induabus
447 875 665 926 feminis
706 876 826 926 duae
855 875 997 935 vitae,
1018 875 1192 925 ambae

130 948 460 1011 innocentes,
508 951 681 1002 ambae
724 950 1034 1001 laudabiles.
1074 950 1193 1000 Una

131 1021 405 1082 laboriosa,
436 1024 603 1073 altera
639 1022 831 1084 otiosa,
856 1023 1009 1072 nulla
1046 1021 1194 1071 fasci-

132 1107 334 1153 norosa,
354 1109 522 1160 quam
542 1109 724 1145 cavere
741 1094 894 1144 debet
909 1093 1191 1152 laboriosa,

129 1166 260 1216 nulla
290 1166 582 1226 desidiosa,
627 1181 793 1231 quam
830 1181 1012 1216 cavere
1037 1165 1197 1216 debet

132 1235 304 1288 etiosa.
335 1238 505 1288 Erant
535 1253 663 1303 ergo
688 1237 748 1287 in
769 1237 932 1287 deme
956 1237 1047 1287 illa
1073 1238 1193 1287 ἀπε

132 1305 239 1357 vitae
268 1318 329 1358 et
377 1308 496 1373 ipse
535 1308 659 1358 fons
688 1308 814 1359 vitae
832 1325 850 1357 :
882 1327 908 1355 »
935 1308 1050 1358 haec
1075 1310 1194 1358 Au—

130 1380 392 1442 gustinus.
437 1380 533 1429 Hae
561 1389 741 1429 autem
771 1378 1023 1429 mulieres
1065 1394 1196 1444 pru-

131 1448 457 1500 dentissimae
480 1449 648 1499 totius
674 1449 1030 1500 Ecclesiastici
1055 1465 1197 1499 exer-

131 1519 253 1572 citus
313 1522 480 1572 duces
528 1531 581 1571 et
624 1521 836 1586 praeviae
889 1530 1033 1570 sunt.
1089 1521 1197 1570 Has

133 1599 290 1643 cetera
369 1593 531 1642 turba
587 1591 831 1657 seqnitur
876 1608 890 1641 ε
936 1592 1027 1641 alii
1079 1600 1200 1657 pest

131 1661 408 1723 Manlum,
447 1663 541 1713 alii
569 1674 689 1728 pest
729 1663 951 1712 Mariam
975 1663 1194 1712 vadunt.

132 1731 266 1783 Nulli
300 1735 457 1784 enim
486 1734 937 1784 coelestem·illam
972 1734 1195 1800 patriam

132 1800 517 1870 ingrediuntur,
547 1805 655 1855 nisi
675 1805 771 1871 qui
792 1805 928 1855 hanc
947 1804 1195 1855 vel'illam

131 1887 443 1940 sequuntur.
474 1877 578 1926 Sed
607 1876 667 1927 in
710 1876 800 1926 his
836 1891 1057 1926 necesse
1090 1884 1192 1938 est,

132 1956 183 1996 ut
202 1949 586 2016 unusquisque
618 1949 761 2000 vires
793 1965 918 2000 suas
948 1949 1195 1999 conside-

132 2028 216 2078 ret,
240 2032 297 2070 et
325 2022 392 2071 ad
424 2021 573 2086 qued
618 2036 753 2086 epus
803 2021 977 2086 aptior
1007 2019 1096 2070 sit.
1136 2019 1192 2069 Si

132 2091 265 2141 enim
303 2093 370 2141 ad
409 2093 926 2157 contemplationem
966 2091 1038 2142 sit
1089 2091 1191 2141 ha-

135 2159 280 2213 bilior
309 2171 362 2213 et
398 2162 469 2213 ad
500 2163 769 2213 orandum
794 2163 1054 2224 devotior,
1077 2171 1195 2213 tute

134 2248 185 2284 se
217 2235 504 2287 transferat
548 2237 614 2287 ad
659 2252 898 2287 eremum
934 2252 1029 2302 pro
1058 2252 1116 2287 se
1143 2246 1197 2286 et

134 2306 243 2356 aliis
260 2317 546 2370 oraturus3
575 2323 673 2357 nec
700 2308 781 2358 sic
808 2307 1084 2357 abscondit
1112 2316 1197 2357 ta-

135 2379 330 2431 lentum
360 2380 422 2430 in
452 2391 615 2440 terra,
652 2381 744 2431 sed
770 2380 824 2431 in
846 2380 1100 2441 Domine,
1125 2380 1198 2430 li-

138 2460 212 2501 cet
245 2468 357 2501 nun
424 2452 700 2517 praedicet,
746 2452 875 2518 quia
934 2452 1196 2503 talentum

136 2521 380 2572 erationis
408 2532 463 2573 et
502 2522 806 2572 devotionis
841 2522 898 2572 in
931 2538 1040 2588 quo
1077 2537 1199 2571 am-

140 2592 268 2655 plius
308 2594 468 2653 valet,
515 2603 568 2643 et
617 2593 895 2643 meliorem
929 2607 986 2641 se
1014 2592 1195 2652 sentit,

141 2663 378 2714 omnibus
414 2673 628 2729 erogat3
671 2679 772 2714 nec
804 2663 954 2729 piger
972 2663 1076 2712 dici
1103 2663 1198 2712 de-

146 2731 238 2795 bet,
268 2734 365 2799 qui
399 2744 549 2784 totus
588 2735 648 2784 in
692 2744 874 2804 sancta
914 2733 1198 2784 devotione

145 2807 469 2866 etoratione,
509 2807 745 2873 jejuniis,
793 2815 845 2856 et
883 2806 1104 2872 vigiliis,
1145 2816 1200 2855 et

145 2876 379 2943 lacrymis
421 2889 520 2929 est.
566 2879 634 2928 Et
668 2878 737 2928 de
758 2876 928 2927 activa
952 2876 1200 2926 similiter

147 2961 233 2997 suo
256 2950 422 2998 medo
440 2947 621 3015 accipe
645 2958 696 2998 et
724 2946 981 3012 intellige.

198 3020 230 3070 6
278 3022 607 3079 ornusque
665 3037 806 3071 vrm:
856 3035 1083 3070 ornus.
1132 3047 1200 3058 -—

150 3092 254 3144 Non
273 3104 457 3144 tamen
479 3094 542 3143 fit
568 3093 765 3144 divisio
795 3093 935 3143 inter
965 3093 1064 3142 has
1091 3107 1202 3157 spe-

147 3164 238 3215 cies
274 3165 420 3225 vitae,
464 3164 619 3231 quasi
660 3179 754 3230 per
801 3162 1065 3229 opposita,
1109 3162 1202 3213 sed

148 3250 230 3299 per
265 3235 466 3297 efficia3
506 3235 839 3285 conveniunt
863 3233 1010 3284 enim
1040 3233 1202 3283 etiarn

149 3306 352 3366 eisdem,
384 3306 486 3355 sed
507 3304 683 3354 efficia
708 3304 907 3355 habent
936 3302 1203 3353 distincta.

148 3376 351 3427 Activus
376 3378 527 3427 enim
560 3391 702 3442 saepe
725 3384 807 3425 est
832 3374 1206 3440 contemplati-

149 3461 250 3508 vus,
278 3458 331 3498 et
360 3464 395 3498 e
420 3462 706 3511 converso,
743 3446 840 3512 qui
881 3456 1061 3495 tamen
1106 3445 1208 3494 de-

149 3518 449 3569 nominatur
480 3519 549 3568 ab
595 3519 776 3577 altera,
815 3517 972 3582 cujus
1007 3515 1210 3566 scilicet

150 3593 292 3655 plura
348 3602 404 3642 et
450 3589 788 3657 frequentius
841 3588 977 3655 gerit
1016 3587 1207 3638 officia.

150 3665 275 3715 Sunt
313 3673 498 3715 autem
537 3662 711 3713 officia
761 3663 944 3713 ιιι-,τίνω
977 3661 1109 3724 νῖκαι
1144 3660 1214 3710 le-

153 3751 277 3802 gere,
319 3738 375 3787 in
421 3736 637 3802 publice
680 3735 990 3801 praedicare,
1038 3731 1210 3783 corri-

155 3824 284 3873 pere,
332 3820 572 3862 errantes
617 3823 881 3868 revocare,
913 3806 1212 3857 nescientes

153 3884 345 3945 docere,
373 3898 636 3950 pauperes
662 3890 965 3934 sustentare
977 3888 1028 3929 et
1053 3881 1209 3938 alere,

152 3956 445 4019 petentibus
499 3954 792 4005 consilium
851 3961 905 4003 et
950 3948 1212 4001 auxilium
1246 3975 1249 3978 =

2239 332 2348 401 557

1293 447 1439 506 dare,
1491 446 1708 513 inopem
1738 449 1806 499 de
1842 463 2007 498 manu
2052 447 2207 498 fortis
2244 448 2363 498 ⁴eri-

1294 534 1444 584 pere,
1496 519 1823 571 infirmantis
1895 537 2078 571 curam
2150 535 2363 586 gerere,

1293 590 1600 641 commissis
1630 592 1789 642 nobis
1816 593 2047 658 qualiter
2074 592 2367 643 subsistere

1292 662 1501 712 valeant
1519 664 1815 727 providere,
1845 679 1965 730 quae
1985 664 2216 730 singulis
2238 663 2367 730 qui-

1296 735 1504 800 busque
1535 737 1821 801 expediant
1846 737 2174 802 dispensare,
2207 751 2368 801 opera

1296 804 1509 869 pietatis
1570 807 1761 857 emnia
1837 822 2096 857 exercere.
2178 806 2370 856 Officia

1295 875 1420 925 vitae
1459 877 1891 943 contemplativae
1925 888 2053 927 sunt
2088 877 2192 927 sibi
2222 888 2274 928 et
2309 877 2367 926 in

1296 956 1500 996 secreto
1518 946 1711 1012 legere,
1738 947 1794 997 in
1818 948 1958 1012 Lege
1981 948 2078 997 Dei
2100 947 2367 1007 meditari,

1297 1027 1497 1067 secreto
1544 1033 1714 1078 orare,
1755 1018 2076 1068 suavitatem
2105 1028 2158 1068 et
2183 1018 2370 1068 dulce-

1297 1087 1483 1138 dinem
1511 1091 1697 1155 patriae
1723 1105 1849 1139 cum
1892 1089 2116 1155 Angelis
2152 1103 2367 1154 praegu-

1297 1169 1437 1210 stare
1474 1171 1528 1212 et
1578 1162 1904 1226 presentire,
1947 1162 2049 1211 soli
2103 1160 2369 1211 desiderio

1298 1232 1610 1283 Conditoris
1641 1233 1916 1293 inhaerere,
1960 1242 2174 1283 exutam
2206 1247 2368 1282 rnen-

1298 1315 1407 1356 tem
1432 1322 1463 1357 a
1486 1307 1691 1357 cunctis
1713 1308 1913 1357 ¹habere
1941 1308 2184 1370 terrenis,
2216 1321 2367 1357 eam-

1296 1393 1406 1444 que
1444 1390 1709 1445 quantum
1757 1380 1993 1429 humana
2033 1378 2372 1428 imbecillitas

1298 1448 1434 1499 sinit
1456 1449 1612 1499 unire
1640 1464 1764 1499 curn
1791 1448 2027 1508 Christe,
2059 1459 2119 1498 ut
2156 1449 2228 1497 nil
2260 1449 2368 1512 jam

1297 1537 1454 1587 agere
1477 1523 1673 1586 libeat;
1705 1522 1797 1572 sed
1830 1522 2045 1572 calcatis
2074 1522 2217 1571 curis
2245 1536 2371 1570 om·-

1301 1593 1489 1653 nibus,
1547 1596 1612 1644 ad
1671 1593 1956 1643 videndam
2035 1591 2224 1642 faciem
2283 1592 2372 1641 sui

1299 1665 1568 1716 Creatoris
1627 1666 1837 1716 animus
1887 1665 2197 1726 inardescat,
2243 1665 2372 1714 adeo

1299 1746 1359 1787 ut
1423 1737 1758 1788 conversatio
1821 1736 2213 1802 contemplativi
2266 1736 2372 1801 jam

1299 1809 1454 1875 quasi
1482 1809 1535 1859 in
1567 1809 1719 1860 coelis
1766 1809 1842 1859 sit
1873 1820 1926 1859 et
1952 1808 2093 1858 nihil
2123 1809 2188 1857 de
2215 1817 2376 1857 terre-

1301 1880 1388 1929 nis
1412 1880 1599 1945 sapiat.
1634 1880 2099 1945 Contemplativus
2134 1879 2280 1929 enim
2322 1889 2374 1929 et

1297 1967 1421 2003 vere
1442 1952 1737 2018 spiritualis
1765 1952 1933 2002 home
1955 1961 2065 2002 tam
2084 1951 2261 2001 fidelis
2289 1951 2375 2002 de-

1302 2023 1392 2073 bet
1413 2039 1530 2074 esse
1562 2024 1617 2073 in
1653 2033 1764 2073 teta
1787 2024 1897 2073 vita
1918 2039 2014 2073 sua
2051 2032 2104 2073 et
2135 2023 2189 2072 in
2217 2023 2371 2073 omni

1298 2112 1460 2160 opere
1487 2113 1607 2160 sue,
1652 2111 1711 2147 ac
1761 2096 1806 2146 si
1845 2096 2075 2163 singulis
2118 2096 2269 2146 horis
2299 2095 2375 2161 ju·

1299 2169 1464 2220 dicari
1511 2170 1699 2221 debeat
1747 2185 1925 2220 coram
1982 2170 2121 2232 Deo;
2173 2179 2224 2220 et
2262 2178 2373 2219 tam

1299 2242 1508 2291 ardenti
1565 2241 1832 2292 desiderio
1871 2241 2051 2292 vivere
2089 2251 2140 2291 et
2172 2241 2371 2300 ardere,

1300 2314 1454 2380 quasi
1503 2312 1730 2379 singulis
1790 2314 1942 2363 horis
1988 2314 2174 2363 debeat
2221 2311 2375 2377 jungi

1300 2385 1631 2450 Angelorum
1681 2384 1910 2433 coetibus
1950 2384 2015 2433 ad
2083 2382 2373 2432 fruendum

1301 2456 1414 2505 Dee
1456 2455 1792 2505 aeternaliter.
1847 2455 1913 2504 Et
1957 2454 2052 2520 qui
2093 2454 2254 2503 habet
2285 2467 2378 2501 cer

1303 2526 1360 2575 in
1386 2524 1636 2590 supernis
1659 2525 1923 2575 elevatum
1957 2525 2172 2590 quando
2208 2522 2373 2581 sedet,

1302 2596 1518 2661 quando
1546 2595 1802 2655 ambulat,
1826 2595 2042 2660 quando
2065 2591 2375 2658 requiescit,

1304 2666 1520 2731 quando
1547 2665 1752 2731 aliquid
1781 2664 1922 2723 facit,
1952 2679 2042 2714 cer
2065 2679 2095 2713 a
2124 2664 2234 2712 Deo
2265 2677 2375 2711 non

1304 2738 1529 2802 recedit3
1602 2751 1793 2786 omnes
1849 2736 1915 2785 ad
1984 2735 2080 2785 Dei
2133 2748 2373 2800 amorem

1304 2807 1636 2870 exhortatur;
1694 2804 1899 2855 deridet
1950 2805 2114 2869 hujus
2179 2802 2370 2852 mundi

1304 2880 1530 2947 gloriam
1563 2890 1616 2930 et
1644 2879 1977 2940 felicitatem3
2012 2878 2238 2927 miratur
2275 2877 2378 2925 ho-

1304 2953 1516 3002 minum
1545 2951 1849 3010 caecitatem,
1880 2959 1931 2999 et
1959 2964 2123 3015 quam
2152 2948 2377 2999 stultum

1302 3023 1375 3073 sit
1406 3024 1462 3073 in
1505 3020 1828 3073 transitoriis
1881 3020 2135 3071 fiduciam
2182 3018 2377 3069 habere

1306 3092 1561 3146 ostendit.

1370 3181 1403 3231 7
1424 3164 1900 3215 Commrmnvus
1914 3176 2216 3220 amomum
2237 3173 2380 3209 Am·

1304 3253 1409 3288 vus
1454 3251 1597 3286 mem
1636 3249 1803 3285 nsum·
1840 3250 1908 3284 m·
1951 3249 1983 3283 ε
2014 3248 2378 3283 conv-ease.-

1311 3306 1774 3373 Contemplativus
1827 3314 2008 3354 tamen
2050 3319 2147 3369 pro
2175 3317 2381 3367 oppor-

1310 3380 1541 3430 tunitate
1579 3376 1839 3443 temporis
1866 3385 1919 3426 et
1950 3375 2259 3426 necessitate
2285 3374 2382 3422 in-

1314 3460 1507 3512 stante,
1548 3450 1693 3499 alter-
1716 3446 1935 3498 alterius
1976 3455 2154 3496 sumat
2189 3443 2380 3501 officia,

1315 3521 1494 3585 sitque
1540 3520 1607 3569 de
1637 3517 2048 3584 contemplativo
2077 3515 2301 3572 activus,
2331 3521 2384 3561 et

1316 3606 1345 3640 e
1388 3604 1666 3649 converse,
1715 3603 1840 3638 cum
1885 3587 2137 3651 expedire
2208 3584 2385 3633 visum

1316 3658 1479 3709 fuerit
1518 3657 1784 3709 Ecclesiae.
1838 3657 1994 3707 Unde
2036 3652 2385 3705 Hildebertus

1318 3732 1734 3783 Cenomanensis
1766 3730 2001 3781 scribens
2044 3726 2250 3777 cuidam
2293 3735 2385 3771 as-

1317 3815 1535 3871 sumpto
1592 3805 1648 3855 in
1691 3804 1986 3870 praelatum‚
2034 3793 2384 3861 conquerenti

1318 3877 1624 3941 ademptam
1675 3874 1783 3925 sibi
1823 3887 1939 3922 esse
1976 3865 2385 3932 contemplatio-

1315 3947 1402 3998 nis
1424 3945 1684 4012 requiem,
1717 3952 1771 3994 et
1795 3943 1978 3993 activae
2005 3935 2387 3989 sollicitudinis
