2757 4413
368 311 461 362 DE
493 308 891 359 AMBITIONE
919 306 1014 357 ET
1047 303 1455 365 QUIBUSDAM
1482 302 1661 353 ALIIS
1688 303 2137 354 DEFECTIBUS.

165 426 471 486 temeritatis,
516 426 627 475 imo
660 424 793 490 quid
822 419 1065 473 insaniae?
1089 419 1193 471 Ubi

163 500 302 550 timor
342 497 478 548 Dei?
525 495 632 547 Ubi
683 493 873 545 mortis
909 489 1196 543 memoria?

163 571 249 623 Ubi
305 570 564 636 gehennae
622 576 799 617 metus
838 576 890 616 et
939 560 1196 614 terribilis

160 640 427 706 «ceptatio
472 637 690 704 judicii?
731 656 761 687 ι»
805 637 922 688 haec
966 635 1197 686 Bernar-

165 712 259 765 dus,
297 712 451 762 Unde
493 710 540 760 si
599 707 797 774 aliquis
844 708 912 758 ad
957 706 1195 772 primum

159 783 310 835 locum
364 781 421 831 in
466 779 699 831 Ecclesia
737 778 969 845 eligitur,
1001 776 1196 826 tolera-

161 854 249 907 bile
268 863 359 915 est,
396 853 521 903 licet
548 852 924 917 periculosum,
950 849 1097 916 quia,
1123 863 1201 898 se-

159 926 369 977 cundum
418 922 792 984 Bernardum,
847 936 952 971 non
1009 933 1198 970 omnes

158 997 235 1062 qui
272 1000 550 1047 vocantur'
578 994 643 1045 ad
681 993 1063 1053 ministerium,
1113 991 1201 1042 eli·

158 1076 335 1134 guntur
375 1075 429 1116 et
472 1067 538 1116 ad
570 1081 796 1131 regnum
818 1103 832 1125 ,
877 1065 1017 1115 sicut
1059 1072 1203 1129 patet

156 1140 213 1193 de
252 1139 409 1191 Saule
453 1138 514 1189 in
565 1152 750 1203 regne,
780 1146 833 1186 et
875 1137 941 1186 de
981 1136 1117 1187 Juda
1144 1135 1200 1183 in

162 1209 434 1262 sacerdotio
469 1209 651 1259 electis
676 1223 710 1259 a
731 1208 871 1272 Deo;
916 1208 1010 1259 sed
1058 1207 1104 1258 si
1145 1221 1204 1256 se

160 1279 333 1346 ingerit
360 1278 694 1344 procurando
732 1293 790 1329 se
809 1278 954 1344 eligi,
979 1278 1206 1329 damna-

160 1350 253 1403 bile
295 1359 372 1401 est
434 1358 487 1399 et
531 1347 897 1414 perniciosum
948 1348 1203 1412 omnino;

162 1435 302 1475 nemo
330 1419 480 1470 enim
514 1418 671 1469 debet
696 1418 841 1484 eligi,
869 1419 949 1470 vel
984 1434 1206 1485 promo-

162 1492 275 1553 veri,
301 1507 399 1542 seu
427 1489 651 1556 praefici,
683 1490 787 1541 nisi
814 1490 880 1541 de
908 1506 1018 1556 quo
1050 1489 1211 1556 Spiri-

162 1571 238 1616 tus
278 1563 505 1613 Sanctus
561 1561 923 1628 inspiraverit,
967 1561 1209 1627 alioquin

163 1634 255 1699 ipsi
287 1633 516 1699 Spiritui
543 1634 736 1684 Sancto
771 1632 962 1697 injuria
989 1632 1068 1682 fit.
1107 1631 1212 1683 Ubi

165 1715 272 1757 nota
307 1705 454 1770 quod
489 1720 612 1754 cum
651 1714 865 1755 sanctus
893 1703 1214 1765 Ludovicus,

166 1793 245 1831 rex
268 1778 307 1829 F
310 1777 524 1836 ranciae‚
542 1793 573 1826 a
591 1777 823 1842 quodam
842 1778 1033 1829 devoto
1059 1793 1216 1844 quae-

167 1859 302 1909 reret,
322 1865 417 1900 cur
436 1847 687 1914 Episcopi
704 1849 886 1912 modo,
909 1849 1048 1900 sicut
1065 1849 1218 1908 olim,

164 1919 311 1971 sancti
351 1935 463 1968 non
505 1928 708 1981 essent;
737 1918 844 1979 ille,
873 1928 935 1969 ut
966 1919 1219 1978 creditur,

171 1999 287 2041 nutu
333 1989 540 2049 divino,
577 1990 870 2054 respondit,
917 1990 1045 2055 quia
1092 2000 1223 2041 tunc

170 2059 402 2125 Episcopi
432 2074 526 2124 per
551 2058 945 2110 invocationem
981 2069 1032 2110 et
1060 2059 1224 2124 inspi-

173 2130 417 2181 rationem
450 2128 681 2194 Spiritus
713 2129 892 2179 Sancti
920 2129 987 2180 ab
1020 2130 1223 2180 electo-

176 2201 309 2254 ribus
362 2200 616 2252 canonice
672 2200 1022 2267 eligebantur,
1085 2218 1225 2252 nunc

181 2288 290 2326 vero
317 2290 410 2340 per
439 2272 858 2338 supplicationes
890 2283 942 2325 et
969 2289 1226 2339 procura-

180 2344 339 2396 tiones
357 2344 489 2396 alias
512 2344 579 2393 de
608 2343 685 2394 eis
705 2344 1042 2410 providetur;
1072 2354 1125 2395 et
1154 2345 1227 2394 ob

180 2417 270 2470 hoc
307 2417 468 2469 modo
514 2416 686 2467 sancti
742 2432 851 2466 non
896 2427 1041 2478 sunt,
1089 2417 1228 2469 sicut

173 2492 294 2546 dim
319 2490 677 2543 communiter
704 2489 940 2541 fuerunt.
978 2490 1100 2550 Quo
1131 2507 1228 2542 au-

174 2567 294 2630 dito,
321 2581 414 2617 rex
451 2565 590 2617 dixit
615 2566 760 2632 quod
796 2564 863 2617 de
889 2574 1063 2616 cetero
1099 2567 1228 2617 nul-

177 2638 369 2689 latenus
404 2652 502 2702 pro
531 2635 715 2702 aliquo
737 2635 1076 2701 supplicaret.
1104 2636 1227 2687 Non

174 2709 335 2762 solum
366 2718 548 2758 autem
570 2706 666 2773 qui
690 2706 755 2757 ad
783 2721 938 2757 curas
967 2715 1022 2756 et
1055 2706 1233 2773 digni·

174 2792 294 2835 tates
323 2797 381 2832 se
410 2781 683 2846 ingerunt,
722 2779 777 2831 in
806 2778 1044 2845 periculo
1075 2788 1228 2843 sunt;

175 2854 255 2904 sed
291 2852 453 2904 etiarn
484 2850 580 2917 qui
628 2851 691 2900 ad
732 2864 821 2901 eas
848 2865 973 2899 cum
1000 2850 1233 2900 delecta·-

172 2925 305 2976 tione
328 2924 604 2982 accedunt,
635 2923 718 2973 vel
746 2922 805 2975 in
832 2922 911 2974 eis
936 2937 1059 2974 cum
1087 2922 1237 2973 dele-

172 2994 388 3047 ctatione
418 3001 771 3059 perseverant.
811 2992 964 3043 Unde
1010 2991 1239 3057 Grego-

173 3070 282 3122 rius
343 3087 361 3120 .·
422 3087 450 3115 α
518 3066 905 3133 Unusquisque
974 3067 1239 3133 superbus

176 3153 336 3196 rector
360 3141 526 3192 toties
559 3141 623 3189 ad
653 3140 864 3205 culpam
877 3138 1153 3204 apostasiae
1167 3137 1244 3188 di-

177 3213 387 3275 labitur,
418 3210 633 3277 quoties
674 3225 900 3275 ptaeesse
930 3209 1244 3260 hominibus

176 3285 473 3344 ddectatur,
502 3299 560 3333 ac
590 3281 814 3332 honoris
855 3281 937 3331 sui
968 3281 1245 3348 singulari-

181 3365 279 3406 tate
317 3356 549 3405 laetatur.
588 3352 745 3404 Unde
782 3362 962 3402 autern
1005 3351 1117 3402 haec
1156 3350 1246 3401 vi-

175 3428 376 3487 tiorum
417 3426 570 3477 radix
606 3425 833 3491 pullulat
871 3424 929 3474 in
964 3424 1123 3475 corde
1157 3439 1247 3474 re-

177 3501 427 3568 gentium,
443 3499 556 3550 nisi
571 3514 636 3550 ex
651 3497 950 3548 imitatione
965 3496 1113 3548 illius
1131 3496 1245 3562 qui,

181 3571 432 3635 doepectis
496 3570 826 3634 Angelorum
882 3565 1246 3626 societatibus,

182 3640 310 3696 dixit
336 3657 352 3691 ε
384 3640 685 3691 Ascendam
714 3651 875 3705 super
912 3636 1247 3688 alti-tudinem

186 3713 419 3775 παίωνι,-
454 3718 508 3761 et
554 3711 749 3761 similis
800 3723 893 3760 ero
943 3707 1244 3760 Altissimo.

189 3781 336 3834 Unde
373 3795 695 3847 magnopere
722 3779 1017 3830 curandum
1045 3786 1143 3838 est,
1187 3786 1248 3828 ut

192 3851 282 3916 qui
315 3852 503 3919 regend
512 3851 562 3901 is
598 3849 916 3901 hominibus
949 3848 1243 3916 praefertur,

195 3924 326 3988 apmi
351 3939 407 3975 se
432 3932 640 3990 penset,
668 3921 797 3989 quia
823 3922 889 3973 ad
911 3920 1247 3974 satisfacien-

2267 303 2370 357 625

1298 419 1430 468 dum
1449 418 1688 470 districto
1721 418 1897 469 Judici
1926 421 1990 470 de
2017 436 2116 471 sua
2140 432 2374 473 tantum·

1300 492 1464 549 modo
1491 491 1688 553 anima,
1701 493 1791 543 vix
1814 492 2034 558 sufficit;
2060 507 2111 546 et
2146 508 2278 562 quot
2300 514 2376 549 re-

1298 562 1487 642 gendis
1499 572 1691 627 praesto
1715 574 1795 613 est
1808 565 2086 616 reddendae
2101 569 2239 633 apud
2251 585 2371 619 eum

1297 631 1539 691 rationis,
1569 632 1700 697 ipse,
1728 642 1788 682 ut
1819 633 1893 684 ita
1909 635 2099 696 dicam,
2125 648 2204 688 tot
2229 640 2377 690 solus

1298 702 1509 753 animas
1537 703 1712 754 habet.
1740 705 1876 755 Nam
1892 706 1976 756 cui
1997 723 2113 758 esse
2136 726 2280 760 nunc
2304 712 2379 775 ju-

1298 774 1472 824 dicem
1501 773 1651 833 libet,
1684 773 1812 825 huic
1847 776 2025 827 videre
2063 789 2190 829 tunc
2219 782 2376 830 ,ludi-

1300 860 1415 896 cem
1433 861 1542 896 non
1559 845 1709 897 libet.
1725 848 1771 898 N
1778 850 2007 900 umerari
2036 851 2181 901 enim
2204 854 2375 920 culpoe

1304 927 1600 982 nequeunt,
1647 933 1769 983 quae
1810 920 2067 971 habendae
2104 925 2378 988 potestatis

1301 1002 1487 1038 amore
1510 998 1883 1053 perpetrantur
1913 1007 1926 1040 :
1951 1010 1978 1039 n
2010 992 2123 1043 haec
2160 995 2376 1061 Grego-

1305 1057 1442 1107 riuS.
1466 1057 1587 1106 Non
1613 1057 1746 1107 dicit
1772 1059 1866 1123 qui
1889 1060 2048 1123 judex
2074 1074 2175 1124 est,
2189 1065 2280 1115 sed
2295 1065 2379 1116 cui

1306 1128 1551 1180 Judicem
1578 1144 1693 1180 esse
1721 1130 1881 1194 libet;
1917 1133 2160 1185 animum
2186 1137 2381 1188 videli-

1307 1210 1407 1261 cet,
1444 1216 1550 1249 non
1591 1200 1815 1265 gradum
1854 1203 2196 1270 redarguenS,
2224 1217 2275 1258 et
2316 1210 2382 1259 ad

1306 1274 1657 1334 voluntatem,
1694 1290 1801 1324 non
1832 1277 1897 1325 ad
1930 1277 2131 1329 factum
2169 1280 2381 1347 vitupe-

1307 1346 1568 1398 rationem
1595 1346 1842 1398 referens.
1872 1349 1972 1399 Cui
2000 1361 2178 1402 autem
2204 1353 2384 1405 videre

1311 1427 1440 1469 tunc
1472 1417 1712 1468 Judicem
1736 1435 1847 1469 non
1880 1420 2027 1481 libet,
2057 1424 2125 1473 de
2153 1440 2380 1476 numero

1312 1489 1665 1555 reproborum
1693 1504 1751 1539 se
1776 1505 1890 1539 esse
1912 1507 2019 1541 non
2034 1493 2256 1545 dubitet.
2279 1495 2389 1545 Sic-

1314 1570 1376 1613 ut
1415 1559 1560 1609 enim
1599 1559 1750 1610 electi
1792 1570 1922 1612 tunc
1961 1565 2027 1613 de
2056 1564 2266 1616 visione
2292 1567 2391 1618 Ju-

1317 1629 1457 1680 dicis
1478 1629 1807 1695 gaudebunt,
1834 1633 1969 1697 quia·
1990 1635 2389 1702 appropinquat

1319 1715 1507 1751 eorum
1535 1699 1857 1765 redemptio;
1889 1702 1968 1752 sic
1999 1714 2050 1753 et
2066 1705 2286 1770 -reprobi
2322 1706 2388 1757 de

1319 1769 1530 1821 visione
1568 1770 1770 1820 Judicis
1809 1773 2082 1833 dolebunt,
2122 1775 2252 1840 quia
2294 1791 2390 1842 ap-

1324 1841 1649 1907 propinquat
1673 1857 1861 1893 eorum
1894 1844 2138 1909 perditio,

1390 1911 1419 1962 3
1464 1913 1799 1963 Mammea-10
1839 1929 2061 1965 CONTRA.
2082 1933 2392 1968 muciam-as

1326 1999 1565 2035 nononis
1589 2000 1850 2036 PROLATA.
1873 2015 1936 2024 —-
1954 1987 2111 2039 Unde
2133 1999 2185 2038 et
2205 1990 2258 2038 in
2285 1989 2393 2039 alio

1327 2058 1445 2108 loco
1480 2056 1754 2122 Evangelii
1776 2058 2041 2109 Dominus
2064 2060 2193 2110 dicit
2224 2078 2238 2111 z
2280 2063 2389 2126 Vae,

1328 2128 1383 2179 id
1413 2138 1493 2180 est
1522 2140 1719 2180 aeterna
1758 2130 2051 2191 damnatio,
2087 2133 2252 2195 vobis,
2286 2133 2396 2183 sci-

1328 2201 1449 2253 licet
1494 2200 1761 2262 imminet,
1805 2203 1896 2268 qui
1930 2204 2165 2270 diligitis
2183 2205 2396 2270 primas

1328 2273 1633 2324 cathedras.
1688 2272 1807 2323 Non
1836 2273 1982 2333 dicit,
2025 2276 2121 2341 qui
2159 2276 2394 2337 habetis;

1330 2344 1443 2402 sed,
1471 2343 1566 2409 qui
1597 2343 1841 2408 diligitis,
1888 2361 2000 2395 non
2042 2361 2267 2410 arguens
2303 2362 2395 2398 eos
2447 2363 2455 2375 ·

1331 2416 1426 2485 qui
1472 2413 1560 2464 his
1601 2423 1825 2464 utuntur
1869 2430 1935 2465 ex
1969 2414 2133 2465 officii
2187 2416 2394 2478 ordine,

1330 2487 1424 2539 sed
1449 2500 1540 2536 eos
1565 2484 1660 2551 qui
1683 2484 1795 2534 haec
1817 2484 1947 2535 dum
1975 2484 2175 2536 habent
2201 2497 2398 2548 amant,

1331 2559 1414 2610 vel
1434 2558 1565 2607 dum
1600 2572 1709 2606 non
1731 2555 1930 2605 habent
1950 2556 2226 2619 affectant;
2253 2558 2399 2623 quod

1333 2630 1575 2698 procedit
1608 2644 1673 2680 ex
1707 2627 2020 2679 ambitione.
2073 2629 2165 2680 Vae
2203 2631 2404 2697 quippe

1335 2704 1394 2755 in
1446 2701 1718 2767 Scriptura
1763 2715 1909 2750 sacra
1949 2709 2097 2750 notat
2140 2711 2399 2753 aeternam

1334 2772 1740 2825 damnationem
1801 2781 1853 2821 et
1890 2771 2153 2835 gehennae
2192 2774 2406 2839 suppli-

1334 2846 1509 2907 cium;
1553 2843 1646 2893 sed
1673 2842 1773 2893 heu
1796 2841 1958 2905 hujus
1985 2842 2149 2892 seculi
2178 2845 2412 2910 peregri·-

1337 2915 1610 2969 nationem
1630 2922 1681 2963 et
1699 2928 1928 2980 praesens
1959 2912 2228 2964 exsilium.
2256 2916 2413 2966 Unde

1340 2997 1394 3039 et
1423 2986 1843 3052 Chryso-stomata
1872 3001 1890 3034 .-
1921 3002 1948 3031 α
1968 2984 2106 3034 *Haec
2133 2984 2298 3035 dictio
2327 3001 2411 3037 να»

1342 3072 1556 3123 semper
1580 3055 1639 3107 in
1665 3055 1955 3121 scripturis
1981 3055 2178 3106 dicitur
2215 3056 2280 3106 de
2326 3057 2414 3107 his

1344 3128 1440 3195 qui
1482 3142 1592 3176 non
1629 3134 1854 3191 possunt
1897 3126 2116 3176 evadere
2159 3140 2192 3178 a
2226 3126 2408 3177 futuro

1344 3195 1625 3265 supplicio,
1655 3215 1682 3243 n
1709 3195 1896 3246 Solent
1929 3205 2109 3247 autem
2141 3195 2415 3247 ambitiosi

1345 3285 1413 3320 se,
1455 3267 1763 3319 excusando·
1811 3268 2137 3333 quandoque
2190 3268 2416 3333 allegare

1350 3342 1487 3393 illud
1529 3339 1794 3406 Apostoli,
1832 3349 1884 3390 et
1913 3339 2126 3391 dicere:
2156 3340 2262 3400 Qui
2297 3340 2416 3405 epi-

1350 3416 1634 3476 scopatum
1699 3409 1987 3472 desiderat,
2041 3411 2229 3461 bonum
2285 3422 2418 3476 opus

1351 3485 1647 3537 desiderat.
1695 3483 1907 3545 Quibus
1957 3482 2267 3549 responderi
2315 3497 2421 3547 po·-

1311 3613 1316 3618 ,
1350 3564 1468 3621 test,
1501 3555 1651 3623 quod
1673 3571 1818 3621 opus
1847 3565 1928 3612 est
1955 3554 2190 3619 bonum3
2221 3554 2317 3603 sed
2337 3552 2425 3603 de-

1354 3631 1593 3683 siderare
1613 3637 1693 3680 est
1721 3628 1943 3678 malum.
1987 3626 2074 3678 Sic
2098 3635 2151 3676 et
2178 3624 2283 3674 dici
2318 3638 2422 3689 po·-

1351 3711 1459 3754 test
1475 3719 1491 3752 :
1511 3700 1608 3768 qui
1627 3716 1818 3751 aurum
1843 3698 2065 3756 furatur,
2088 3698 2282 3746 bonam
2308 3708 2425 3747 rem

1356 3773 1588 3834 furatur,
1630 3772 1759 3838 quia
1802 3786 1994 3821 aurum
2025 3769 2165 3819 bona
2201 3782 2285 3818 res
2325 3777 2426 3828 est,

1352 3845 1446 3896 sed
1480 3843 1644 3895 furari
1671 3844 1872 3893 malum
1898 3850 1997 3891 est.
2022 3840 2177 3890 Unde
2204 3840 2431 3905 Aposto—

1350 3918 1437 3986 lus
1473 3918 1653 3985 ipsum
1680 3932 1835 3983 opuS,
1860 3925 2118 3979 tanquam
2137 3912 2344 3962 bonum
2374 3921 2436 3963 et
