2757 4413
313 262 314 265 ’
335 265 441 330 648

333 395 458 429 nem
492 395 650 428 suum
670 389 828 429 vocat
849 379 939 429 hic
967 379 1234 429 Dominus
1264 378 1404 428 fide-

334 453 468 503 lium
520 452 830 503 societatem
880 453 936 503 in
993 468 1217 518 corpore
1272 469 1405 513 suo,

334 524 480 588 quod
511 523 765 577 Ecclesia.
806 526 1028 583 Panem,
1058 523 1189 589 quia
1223 524 1406 572 Eccle-

337 593 418 642 sia
445 593 687 658 quotidie
731 594 899 644 reficit
928 611 1066 661 quos
1106 593 1324 659 recipi.t·,
1354 603 1407 644 et

339 665 398 715 in
423 681 483 716 ea
502 683 533 732 q
541 668 864 733 uousquead
879 668 1091 733 plenam
1111 666 1408 716 satietatem

338 739 690 802 perveniatur,
729 739 860 787 alter
899 739 1122 788 alterum
1151 739 1315 789 verbo
1356 747 1410 787 et

338 810 585 872 exemplo
617 809 802 874 pascit.
846 809 1000 859 Unde
1044 809 1316 858 Dominus
1340 809 1409 859 ad

339 876 560 928 Petrum
604 895 616 927 ε
664 881 841 929 Pasce
884 894 1007 930 oves
1047 894 1214 929 mea&
1269 880 1409 930 Caro

338 962 522 999 autem.
566 960 628 1000 et.
670 951 885 1016 sanguis
939 951 1141 1001 Christi
1173 950 1410 1000 Ecclesia

337 1016 568 1080 dicitur,
619 1020 747 1086 quia
793 1021 1157 1071 incarnatione
1197 1017 1409 1081 Verbi,

336 1087 443 1139 fide
489 1101 543 1141 et
586 1092 940 1141 sacramentis
968 1092 1135 1151 unita,
1169 1091 1300 1141 vivit
1340 1092 1411 1141 de

334 1162 530 1228 spiritu
561 1163 782 1214 Christi.
830 1163 979 1213 Sicut
1008 1163 1154 1213 enim
1208 1179 1410 1228 corpus

335 1233 760 1299 uniuscujusque
787 1233 1036 1283 hominis.
1052 1233 1184 1284 vivit
1205 1234 1270 1283 de
1298 1233 1406 1298 spi-

334 1303 441 1354 ritu
470 1321 587 1365 su0,
620 1306 676 1355 id
713 1316 794 1356 est
825 1306 896 1355 de.
937 1305 1119 1356 anima
1146 1321 1278 1369 sua;
1331 1305 1411 1355 ita.

334 1375 520 1427 fideles
568 1378 762 1429 animae
819 1378 1014 1428 vivunt
1064 1379 1132 1428 de
1198 1377 1411 1442 Spiritu

333 1447 548 1500 Sancte.
583 1451 734 1501 Unus
774 1467 904 1517 ergo
945 1451 1119 1517 paniS‚
1162 1461 1214 1501 et
1245 1466 1409 1501 unum

333 1533 547 1586 corpus5
604 1521 716 1572 sive
770 1538 882 1572 una
930 1538 1050 1572 caro
1095 1532 1147 1572 et
1184 1521 1409 1587 sanguis

334 1591 558 1652 Christi,
602 1593 758 1642 multi
808 1609 1007 1643 sumuS.
1040 1592 1412 1644 Conformitas·

334 1662 493 1712 etiam
525 1663 726 1714 Christi
775 1673 827 1713 et
859 1663 1105 1714 Ecclesiae
1129 1663 1324 1728 pariter
1352 1673 1405 1713 et

336 1748 459 1782 caro
489 1743 540 1782 et
568 1733 790 1798 sanguis
820 1734 1026 1784 Christi
1073 1730 1402 1799 appellatum

333 1818 398 1853 eo
431 1804 576 1868 quod
606 1804 677 1853 sit
701 1805 951 1869 proprius
983 1805 1199 1854 effectus
1220 1806 1404 1854 Incar-

335 1873 573 1923 nationis
595 1874 780 1934 Verbi,
815 1885 866 1925 et
897 1873 1074 1925 finalis
1105 1891 1261 1925 causa
1289 1876 1405 1925 Do-

335 1943 547 1993 minicae
600 1944 891 1996 PassioniS.
937 1945 1093 1996 Unde
1132 1946 1406 2012 Augusti-

336 2028 437 2063 nus
489 2031 505 2063 :
562 2034 584 2060 «
649 2015 808 2064 Hunc
874 2014 1056 2082 itaque
1110 2016 1294 2066 cibum
1353 2026 1407 2066 et

337 2093 529 2149 potum
619 2085 925 2135 societatem
989 2087 1105 2138 vult
1176 2086 1407 2152 intelligi

335 2155 575 2220 corporis
627 2166 680 2206 et
736 2156 1104 2208 membrorum
1162 2173 1404 2218 suorum,

336 2227 485 2291 quod
522 2237 602 2276 est
633 2227 883 2279 Ecclesia.
916 2229 1092 2294 Hujus
1121 2229 1198 2279 rei
1227 2244 1406 2279 sacra-

336 2310 604 2360 mentum,
632 2300 684 2349 id
713 2311 793 2351 est
820 2301 1047 2351 unitatis
1087 2302 1327 2368 corporis
1354 2312 1407 2351 et

336 2374 617 2439 sanguinis
642 2374 864 2435 Christi,
887 2375 944 2425 in
965 2376 1250 2425 Dominica
1261 2392 1408 2426 men-

337 2461 396 2496 sa
422 2456 747 2513 praeparatur
781 2458 834 2498 et
878 2448 944 2499 de
963 2464 1151 2498 mensa
1183 2449 1403 2497 Domini

338 2519 590 2569 sumitur.
657 2519 763 2578 Qui
831 2519 1022 2585 accipit
1085 2519 1407 2584 mysterium

337 2592 584 2651 unitatiS‚
620 2602 673 2642 et
702 2609 810 2642 non
842 2601 985 2642 tenet
1012 2591 1290 2640 vinculum
1322 2607 1407 2656 pa-

340 2661 435 2720 cis,
466 2678 578 2711 non
621 2663 940 2729 mysterium
970 2662 1160 2726 recipit
1203 2677 1298 2726 pro
1329 2677 1405 2721 se,

340 2734 436 2782 sed
463 2734 837 2785 testimonium
865 2743 1045 2783 contra
1072 2747 1146 2782 se.
1189 2733 1304 2782 Hoc
1326 2743 1411 2783 est
1460 2723 1466 2768 ἶ

340 2819 472 2870 ergo
499 2807 820 2858 manducare
853 2807 1000 2857 illam
1027 2820 1222 2868 escam,
1254 2814 1306 2854 et
1332 2805 1407 2854 il·-

341 2880 458 2929 lum
490 2891 676 2945 potum
706 2882 909 2940 bibere,
938 2881 994 2929 in
1025 2880 1248 2930 Christo
1285 2895 1407 2929 ma-

342 2963 495 3013 nere3
525 2960 578 2998 et
619 2950 787 3000 illum·
812 2960 1117 3000 manentem.
1142 2950 1194 2999 in
1225 2965 1283 2999 se
1308 2950 1411 3000 ha·-

344 3020 486 3070 bere.
514 3022 591 3069 Ac
618 3036 711 3085 per
738 3022 842 3071 hoc
869 3021 963 3087 qui
998 3036 1108 3070 non
1140 3031 1320 3071 manet
1349 3021 1407 3070 in

342 3088 578 3149 Christe,
603 3100 655 3139 et
687 3092 747 3140 in
774 3104 882 3157 quo
915 3107 1026 3141 non
1050 3102 1232 3141 manet
1259 3091 1411 3141 Chri·

342 3167 489 3226 stuS,
539 3164 724 3229 procul
776 3164 943 3214 dubio
980 3180 1090 3214 non
1124 3166 1410 3215 manducat

341 3232 695 3298 spiritualiter
721 3234 835 3298 ejus
863 3250 1096 3295 carnem,
1125 3251 1228 3285 nec
1271 3234 1411 3284 bibit

341 3304 454 3369 ejus
481 3304 834 3370 sanguinem„
871 3305 994 3356 licet
1035 3306 1320 3357 carnaliter
1358 3314 1415 3355 et

946 266 1183 316 PRIMAE
1217 265 1465 315 PARTES
1497 265 1733 316 CAPUT-
1766 266 1931 316 lxxx.

1511 379 1801 430 visibiliter
1850 391 2061 447 premat
2099 380 2359 431 dentibus¹
2395 394 2557 431 θεᾶται

1516 460 1700 500 menta
1730 450 1984 516 Corporis
2013 461 2071 502 et*
2093 451 2382 517 Sanguinis
2405 451 2549 501 Chri-

1516 522 1625 586 sti;.
1656 533 1708 572 et
1744 532 1909 574 tanta
1948 523 2025 573 rei
2072 534 2457 573 sacramentum
2490 523 2553 572 ad

1502 593 1776 658 judicium·
1801 595 1903 644 sibi
1926 594 2213 644 manducat
2240 599 2292 643 et
2315 593 2451 643 bibit.
2479 593 2554 642 Si·-

1516 678 1689 729 gnum
1708 665 1975 731 ergoquia
1995 664 2336 714 manducavit
2347 675 2399 714 et
2419 663 2553 721 bibit,

1516 738 1621 787 hoc
1660 747 1773 797 est,
1811 738 1859 787 si
1897 748 2075 787 manet
2112 747 2165 787 et
2213 747 2479 799 manetur3
2515 737 2554 786 si

1516 807 1722 858 habitat
1749 817 1799 858 et
1835 809 2195 870 inhabitatum
2241 808 2288 857 si
2333 807 2490 858 haeret
2512 817 2555 857 et

1468 928 1469 935 ,
1516 893 1627 928 non
1664 881 1953 930 deseratur.
1998 881 2280 929 Manemus
2315 888 2483 929 autem
2507 877 2555 926 in

1516 952 1629 1016 illo,
1655 967 1784 1002 cum.
1804 966 1995 1002 sumus
2017 952 2264 1001 membra
2290 952 2429 1016 ejus3
2453 964 2561 1000 mae·

1468 1030 1471 1079 ζ
1516 1032 1607 1072 net
1651 1033 1828 1073 autem
1876 1023 1995 1088 ipse
2037 1022 2095 1071 in
2124 1021 2305 1079 nobis,
2333 1036 2449 1071 cum
2475 1035 2555 1069 su.-

1468 1130 1471 1141 .
1515 1106 1643 1142 mus
1656 1095 1919 1159 templum
1939 1093 2072 1157 ejus.
2099 1093 2225 1141 Haec
2251 1092 2497 1141 dicuntur
2509 1099 2559 1138 ut

1468 1186 1471 1195 ·
1514 1181 1757 1217 amemus
1781 1168 2077 1228 unitatem,
2104 1176 2157 1215 et
2181 1165 2462 1214 timeamus
2481 1178 2557 1213 seh

1515 1237 1859 1302 parationem.
1884 1239 1999 1287 Hoc
2023 1247 2198 1286 totum
2223 1236 2370 1302 quod
2387 1233 2560 1284 Domi-

1466 1354 1469 1371 ,
1516 1322 1619 1357 nus
1643 1309 1893 1358 decarne
1916 1318 1975 1358 etr
1998 1307 2264 1372 sanguine
2306 1317 2402 1356 suo
2429 1306 2558 1354 locu-

1515 1388 1606 1428 tus
1651 1388 1746 1439 est,
1802 1380 1868 1429 ad
1925 1379 2030 1428 hoc
2072 1377 2244 1428 nobis.
2285 1378 2466 1436 valeat,
2507 1383 2557 1424 ut

1467 1487 1470 1519 5
1515 1452 1727 1515 Corpus
1767 1458 1818 1500 et
1863 1449 2201 1516 Sanguinem
2234 1447 2433 1499 Christi
2463 1460 2555 1495 non

1468 1556 1471 1561 -
1513 1521 1739 1570 edamus
1755 1530 1807 1570 et
1830 1520 2085 1570 bibamus
2108 1530 2319 1569 tantum
2339 1518 2391 1567 in
2414 1529 2560 1566 sacra·

1468 1616 1471 1633 ·
1514 1603 1718 1654 meum,
1743 1594 1888 1659 quod
1918 1602 1972 1643 et
1998 1593 2157 1643 multi
2199 1591 2398 1641 faciunt
2421 1588 2557 1648 maii3

1468 1680 1472 1723 ἢ
1515 1665 1609 1714 sed
1643 1679 1819 1730 usque
1844 1665 1911 1714 ad
1952 1663 2178 1728 spiritus
2208 1659 2559 1728 participatio-

1515 1749 1646 1785 nem
1692 1735 2075 1784 manducemus
2121 1743 2174 1784 et
2224 1733 2482 1790 bibamus,
2508 1737 2560 1778 ut

1511 1807 1575 1856 in
1621 1806 1841 1856 Domini
1871 1822 2095 1872 corpore
2115 1816 2375 1872 tanquam
2404 1816 2559 1852 mem·-

1515 1877 1608 1927 bra
1649 1891 1982 1935 maneamus,
2015 1887 2077 1926 ut
2103 1878 2221 1941 ejus
2266 1873 2452 1940 spiritu
2477 1885 2561 1921 ve-

1514 1959 1756 2014 getemur
1802 1966 1829 1998 :-
1877 1969 1904 1994 ιι
1952 1949 2063 1998 haec
2106 1947 2458 2013 Augustinus.
2504 1942 2558 1992 Et

1514 2021 1809 2071 secundum
1838 2021 2108 2083 eumdem,
2161 2019 2255 2070 ille
2281 2029 2558 2068 sacramen·

1514 2091 1689 2140 taliter·
1715 2091 1999 2140 manducat
2027 2101 2078 2140 et
2102 2089 2264 2149 bibit
2287 2088 2390 2155 qui
2402 2088 2558 2151 ipsum

1513 2172 1902 2212 sacramentum
1935 2170 2142 2212 tantum
2182 2160 2376 2224 sumit3
2412 2154 2559 2222 spiri*

1514 2233 1730 2283 tualiter
1775 2248 1925 2293 vero,
1961 2233 2055 2298 qui
2087 2232 2346 2298 pertin-git
2370 2230 2431 2280 ad
2462 2241 2558 2277 rem

1515 2303 1851 2365 sacramenti,
1876 2315 1997 2369 quae
2016 2312 2097 2352 est
2112 2317 2194 2352 res
2222 2303 2442 2367 duplex.
2471 2310 2559 2348 una

1515 2375 1722 2441 signata
1750 2385 1802 2424 et
1840 2384 2113 2434 contenta,
2138 2389 2267 2441 quae
2310 2383 2386 2424 oet
2416 2368 2559 2422 Chri-

1515 2456 1630 2495 stus
1687 2446 1923 2511 integer,
1980 2445 2090 2525 qui·
2124 2443 2428 2495 continetur
2471 2438 2558 2489 sub

1516 2516 1693 2581 specie
1722 2516 1877 2582 panis
1907 2526 1959 2565 et
1984 2515 2124 2578 vini3
2158 2517 2263 2566 alia
2286 2530 2375 2565 res
2390 2522 2464 2563 est
2490 2509 2557 2559 si-

1515 2597 1673 2652 gnata
1712 2596 1764 2636 et
1808 2603 1917 2636 non
1960 2596 2237 2651 contenta,
2273 2598 2326 2637 et
2364 2586 2458 2635 hoc
2491 2588 2561 2631 oet

1514 2673 1709 2723 corpus
1744 2659 1947 2708 Christi
1994 2659 2305 2724 mysticum,
2333 2656 2473 2724 quod
2493 2660 2561 2703 est

1516 2731 1574 2781 in
1600 2730 1988 2796 praedestinatis
2019 2731 2216 2781 vocatis
2245 2742 2297 2782 et
2338 2726 2559 2795 justifica-

1516 2805 1606 2854 tis.
1664 2806 1736 2855 Et
1780 2804 2060 2855 sciendum
2130 2807 2275 2871 quod
2332 2796 2557 2853 nonnulli

1477 2877 1761 2928 doctores
1781 2878 1960 2943 aliqua
1978 2878 2044 2927 de
2065 2878 2335 2943 praedictis
2353 2873 2559 2924 inciden-

1477 2953 1481 2992 ἓ
1518 2949 1697 3000 taliter
1721 2950 1786 3000 ad
1810 2951 1998 3000 altaris
2020 2959 2407 2999 sacramentum
2433 2941 2559 2994 refe-

1479 3041 1482 3052 ·
1516 3030 1677 3083 runt3,
1721 3020 1854 3070 sed
1841 3037 1902 3069 in
1948 3018 2201 3069 contin-ua
2249 3014 2564 3092 expositione
2644 3035 2651 3042 =

1480 3099 1481 3112 ¹
1518 3094 1717 3174 nullus,
1775 3093 1903 3159 quia
1945 3092 2014 3142 de
2041 3101 2369 3142 sacramento
2397 3082 2563 3137 altaris

1482 3164 1737 3245 proprie
1760 3165 1988 3215 habetur
2015 3163 2190 3213 infra*
2178 3179 2232 3213 ιιι
2273 3176 2427 3213 coena
2457 3157 2559 3206 Do-

1519 3234 1695 3297 mini,
1747 3235 1969 3300 quando
2034 3234 2137 3283 hoc
2190 3236 2557 3284 sacramentum

1480 3323 1486 3362 l
1519 3304 1775 3355 insuunt.

1327 3508 1601 3562 ORATIO

411 3681 642 3733 Domine
681 3681 807 3732 Jesu
842 3679 1077 3740 Christe,
1120 3678 1392 3730 sufficiens
1437 3680 1585 3730 salus
1628 3677 1824 3728 anirnae
1852 3689 1986 3728 meae
2007 3715 2020 3738 ,
2059 3678 2127 3727 d‘a
2157 3674 2292 3727 mihi
2319 3682 2369 3723 te
2397 3667 2557 3720 solum

348 3752 670 3816 desiderare,
699 3754 1051 3806 desiderando
1079 3762 1131 3803 te
1160 3764 1374 3818 propter
1407 3763 1472 3814 te,
1500 3768 1611 3802 non
1643 3762 1860 3818 propter
1886 3752 2028 3801 aliud
2055 3763 2304 3817 quaerere,
2330 3753 2565 3811 qu‘aeress’

350 3825 421 3875 do
454 3826 711 3889 invenire,
743 3827 1067 3879 inveniendo
1096 3836 1295 3886 tenere,
1321 3826 1553 3877 tenendo
1591 3840 1785 3886 amare,
1810 3826 2040 3876 amando
2071 3834 2277 3890 peccata
2296 3818 2559 3870 redimere.

346 3900 621 3967 redempta
643 3918 755 3953 non
779 3904 984 3954 iterare.
1014 3901 1245 3965 illustra,
1266 3915 1466 3967 quaeso,
1492 3899 1742 3964 Domine,
1776 3914 1869 3950 cor
1895 3913 2078 3970 meum
2105 3897 2308 3949 lumine
2335 3902 2431 3943 tuae
2449 3897 2560 3954 εῖν
