2757 4413
600 316 694 366 DE
720 316 1003 368 DUOBUS
1032 317 1255 369 CAECIS
1287 318 1381 369 ET
1414 317 1566 369 UNO
1595 319 1820 371 MUTO.

119 437 213 487 sed
250 437 352 487 Deo
385 435 654 487 curandus
682 434 919 496 offertur,
962 434 1181 502 quando

120 510 248 574 justi
295 523 390 576 pro
450 526 515 560 eo
541 510 909 576 deprecantur,
957 519 1008 560 et
1050 518 1182 558 tunc

118 580 327 630 daemon
372 580 601 645 ejicitur,
648 580 864 645 quando
905 589 1179 645 peccatum

116 652 286 718 ipsius
309 668 339 702 a
367 654 479 703 Deo
512 668 608 719 per
633 652 961 704 infusionem
1002 651 1182 718 gratiae

114 723 395 784 relaxatur,
421 736 652 790 tuncque
681 723 909 774 solvitur
930 723 1045 788 ejus
1070 722 1180 772 lin-

107 810 233 861 gua,
269 799 333 847 ad
373 797 469 849 Dei
518 797 781 864 praeconia
817 793 1180 862 persolvenda.

113 868 341 927 Quando
361 868 509 918 enim
540 883 570 918 a
592 868 835 918 daemone
864 882 958 932 per
996 881 1181 932 pecca-

111 952 227 990 tum
255 941 560 1008 possidetur
582 941 725 1007 quis,
757 940 802 989 si
824 949 1178 999 convertatur,

110 1023 163 1064 et
188 1016 251 1063 ad
280 1015 653 1080 poenitentiam
693 1014 887 1074 redeat,
929 1029 1054 1063 mox
1092 1013 1181 1063 vi-

110 1084 261 1134 debis
322 1096 536 1135 mutum
596 1085 939 1151 loquentem,
1002 1085 1177 1135 Deum

111 1156 431 1217 laudantem,
466 1157 705 1222 seipsum
744 1168 1098 1218 accusantem,
1130 1166 1179 1207 et

112 1227 384 1276 veritatem
459 1228 856 1293 praedicantem.
926 1227 1177 1279 Pharisaei

110 1308 283 1347 autem
350 1298 454 1347 hoc
510 1298 904 1349 daemoniorum
946 1298 1176 1366 principi

108 1367 472 1428 attribuentes,
497 1381 625 1420 sunt
651 1369 902 1421 homines
930 1369 1176 1436 maligni,

110 1437 245 1489 bona
284 1438 520 1490 aliorum
560 1440 841 1506 depravare
868 1451 920 1492 et
960 1457 1177 1508 perver-

109 1518 211 1559 tere
237 1511 541 1561 studentes.
569 1512 835 1563 Dominus
862 1522 1039 1563 autem
1069 1528 1175 1563 non

106 1579 390 1631 desistebat
434 1596 464 1631 a
515 1583 907 1648 praedicatione,
962 1594 1178 1650 propter

108 1653 325 1703 illorum
351 1654 805 1720 depravationem,
835 1657 1028 1706 docens
1074 1672 1175 1706 nos

107 1726 503 1775 accusatoribus
578 1727 774 1777 nostris
853 1721 1172 1793 retribuere,

110 1810 208 1845 non
229 1796 622 1861 accusationeS,
640 1798 734 1847 sed
748 1797 1179 1850 beneficia.Unde

107 1868 174 1918 ait
204 1869 639 1935 Chrysostomus
666 1887 684 1920 .·
716 1889 743 1917 «
771 1871 957 1921 Voluit
983 1872 1177 1922 Domi-

111 1955 202 1990 nus
233 1940 358 2006 ipso
386 1941 526 1991 facto
554 1942 945 1992 accusationem
992 1943 1176 1993 redar-

112 2025 264 2075 guere
293 2011 713 2073 Pharisaeorum,
745 2013 1042 2065 dicentium
1069 2031 1083 2065 2
1112 2016 1176 2065 In

105 2084 349 2151 principe
376 2086 758 2136 daemoniorum
804 2086 951 2154 ejicit
988 2089 1180 2139 doemo·

114 2153 192 2204 nia
216 2172 235 2205 .-
265 2155 487 2205 daemon
537 2156 679 2206 enim
721 2157 1015 2209 convitium
1055 2174 1178 2225 pas-

113 2241 193 2278 sus
220 2243 339 2278 non
369 2229 649 2289 benefacit,
675 2231 767 2280 sed
795 2241 950 2280 nocet
974 2231 1052 2281 eis
1082 2231 1176 2299 qui

115 2312 228 2348 eum
274 2299 642 2363 inhonorant3
684 2301 954 2353 Dominus
998 2312 1176 2353 autem

111 2368 436 2420 contrarium
475 2369 617 2430 facit,
656 2371 749 2438 qui
783 2382 904 2438 post
949 2373 1179 2423 convitia

111 2449 156 2490 et
178 2441 540 2492 contumelias
570 2458 682 2491 non
723 2443 901 2492 solum
934 2458 1043 2492 non
1073 2459 1178 2509 pu·-

112 2509 199 2572 nit,
227 2512 329 2561 sed
352 2512 513 2563 etiam
541 2528 638 2563 nec
673 2513 981 2580 increpavit,
1014 2514 1179 2581 quin-

110 2581 212 2633 imo
239 2583 507 2635 beneficia
533 2584 797 2652 praestitit.
823 2604 850 2632 n

161 2656 197 2708 6
230 2658 572 2709 Pais-memo
616 2674 684 2708 ετ
723 2674 993 2709 »unacum
1020 2659 1181 2709 Cnnr-

111 2744 199 2780 sn.
227 2757 297 2767 —
322 2729 473 2781 Unde
500 2729 746 2796 sequitur
769 2747 783 2780 ι
813 2730 893 2780 Et
917 2730 1181 2781 circuibat

110 2800 282 2863 lesus,
333 2801 439 2850 hoc
471 2811 550 2850 est
595 2810 781 2849 contra
829 2800 1177 2866 negligentes,

113 2885 287 2922 omnes
337 2871 581 2921 cim'tates
621 2877 674 2920 et
717 2871 960 2934 castella,
1011 2871 1064 2920 id
1102 2881 1182 2921 est

107 2943 293 2992 omnia
325 2942 440 2991 loca
470 2943 670 3006 majora
699 2951 750 2991 et
779 2942 1023 3003 minora3
1074 2941 1178 2992 hoc

111 3024 182 3064 est
210 3023 407 3064 contra
446 3013 687 3063 locorum
715 3014 798 3063 vel
826 3028 1178 3079 personarum

109 3093 428 3149 acceptoreS.
526 3084 679 3134 Unde
772 3084 1098 3149 Theophilus
1163 3102 1179 3135 .·

108 3172 131 3198 «ι
157 3155 288 3204 Non
326 3154 503 3203 solum
551 3155 608 3204 in
655 3155 961 3206 civitatibus
990 3156 1182 3205 Domi-

111 3242 203 3277 nus
233 3227 581 3292 praedicabat,
631 3228 728 3277 sed
775 3228 935 3279 etiam
979 3228 1036 3278 in
1093 3245 1182 3279 ca-

109 3297 299 3355 stellis,
329 3307 392 3346 ut
420 3296 688 3348 discamus
728 3314 885 3364 parva
914 3300 1027 3349 loca
1070 3314 1180 3348 non

111 3382 384 3434 spernere,
453 3383 627 3434 neque
692 3384 913 3435 magnas
971 3383 1184 3434 semper

111 3454 349 3506 quaerere
390 3438 643 3500 civitates,
687 3442 779 3490 sed
819 3441 1041 3491 verbum
1084 3440 1181 3491 Dei

112 3514 159 3564 in
204 3513 345 3565 vicis
406 3512 623 3577 abjectis
668 3523 721 3563 et
764 3514 962 3563 vilibus
1016 3512 1183 3563 semi-

112 3603 244 3637 nare.
280 3606 306 3632 n
344 3585 641 3648 circuibat,
688 3586 935 3651 inquam,
985 3586 1182 3635 docens

112 3658 157 3707 ἰη
182 3657 506 3727 synagogis
541 3671 740 3717 eorum,
773 3657 826 3705 id
857 3666 937 3707 est
965 3655 1021 3705 in
1049 3655 1183 3705 locis

111 3727 486 3778 communibus
533 3736 586 3777 et
635 3725 861 3786 debitis,
924 3726 1018 3776 ubi
1071 3735 1182 3775 erat

114 3810 399 3851 conventus
441 3798 760 3857 hominum,
803 3814 913 3847 non
962 3798 1018 3846 in
1067 3796 1181 3846 lati-

115 3870 264 3935 bulis,
312 3870 453 3921 sicut
500 3885 622 3918 mos
662 3877 744 3917 est
774 3867 1076 3931 haeretici53
1126 3873 1178 3916 et

112 3943 410 4000 prce-dicans
454 3939 829 4006 Evangelium
881 3939 1056 4006 regni,
1127 3938 1181 3989 id

2246 322 2348 388 461

1284 443 1364 483 est
1394 434 1590 501 Legem
1619 434 1847 497 Novam,
1888 451 2010 502 quae
2044 436 2355 489 immediate

1284 507 1435 557 ducit
1459 508 1524 558 ad
1549 523 1795 574 regnum,
1821 511 1966 576 quod
1988 526 2098 560 non
2130 510 2358 560 faciebat

1286 578 1394 629 Lex
1438 579 1631 642 Vetus3
1686 595 1794 629 non
1823 579 2081 640 fabulosa,
2126 581 2355 647 inutilia,

1283 654 1366 704 vel
1391 653 1632 718 curiosa3
1677 661 1730 705 et
1760 669 1959 705 curans
1986 670 2187 706 omnem
2229 656 2356 705 Ian-

1282 741 1511 794 guorem
1553 727 1844 794 prolixum,
1876 728 1969 795 qui
2000 727 2119 778 licet
2152 745 2261 778 non
2286 728 2358 779 sit

1284 799 1518 848 multum
1544 799 1850 858 vehemens,
1871 809 2052 865 gravat
2078 809 2258 849 tamen
2290 814 2355 850 ex

1282 868 1650 930 diuturnitate,
1675 876 1727 919 et
1746 885 1946 920 omnem
1968 870 2354 936 infirmitatem,

1284 938 1485 988 scilicet
1511 939 1907 997 vehementem,
1940 955 2061 1005 quae
2091 951 2272 1006 gravat
2291 955 2358 993 ex

1285 1009 1554 1076 passionis
1595 1010 1905 1073 acerbitate3
1957 1020 2017 1060 ut
2069 1027 2179 1061 non
2236 1026 2357 1062 ser·

1283 1097 1447 1133 mone
1481 1092 1710 1142 tantum,
1740 1083 1831 1133 sed
1866 1093 1918 1133 et
1946 1098 2105 1149 opere
2133 1099 2356 1150 persua-

1282 1157 1447 1206 deret.
1503 1155 1584 1206 Ex
1649 1172 1758 1223 quo
1816 1168 1993 1222 patent
2039 1158 2209 1208 multa
2244 1156 2356 1208 mi-

1280 1227 1460 1277 racula
1528 1226 1617 1276 hic
1683 1227 1737 1276 in
1811 1229 2046 1294 quodam
2120 1228 2355 1295 generali

1281 1299 1550 1356 conclusa,
1594 1299 1662 1348 ad
1699 1299 2165 1349 confirmationem
2198 1299 2356 1367 Legis

1282 1368 1621 1434 Evangelicae
1679 1384 1709 1418 a
1767 1369 1990 1419 Christo
2049 1368 2202 1419 facta.
2253 1369 2355 1419 Hic

1281 1440 1428 1492 enim
1449 1451 1724 1507 ponuntur
1743 1441 1997 1492 miracula
2021 1441 2077 1491 in
2103 1440 2355 1508 generali,

1279 1512 1409 1578 quia
1486 1511 1833 1577 Evangelistae
1914 1527 2022 1561 non
2111 1521 2358 1577 poterant

1279 1582 1468 1633 omnia
1497 1582 1630 1633 facta
1659 1583 1863 1633 Christi
1895 1583 2127 1635 scribere
2158 1583 2211 1632 in
2241 1598 2356 1649 par-

1279 1654 1510 1705 ticulari.
1560 1655 1717 1719 Nam,
1779 1666 1840 1705 ut
1890 1655 2019 1706 dicit
2079 1657 2350 1706 Joannes:

1279 1726 1464 1777 Multa
1491 1726 1606 1778 alia
1644 1728 1808 1794 signa
1844 1727 1990 1793 fecit
2024 1729 2203 1791 JesuS,
2235 1739 2355 1794 quoe

1281 1812 1385 1850 non
1417 1804 1544 1849 sunt
1570 1800 1774 1866 scripta
1806 1799 1858 1849 in
1890 1800 2027 1849 libro
2062 1799 2175 1849 hoc.
2207 1799 2355 1850 Sicut

1280 1868 1427 1918 enim
1461 1869 1515 1918 in
1546 1869 1786 1920 Ecclesia
1813 1869 2027 1936 legitur,
2073 1880 2125 1919 et
2158 1869 2355 1921 dicitur

1282 1940 1337 1991 in
1380 1942 1761 2009 Martyrologio
1788 1960 1800 1993 z
1828 1943 1906 1993 Et
1931 1942 2162 1993 aliorum
2182 1941 2357 2008 pluri-

1282 2028 1489 2063 morum
1533 2020 1839 2064 sanctorum
1886 2013 2242 2081 Martyrum,
2305 2016 2360 2065 et

1283 2086 1691 2151 Conse-ssorum,
1717 2093 1877 2152 atque
1897 2092 2207 2137 sanctarum
2247 2085 2362 2136 Vir-

1280 2158 1505 2225 ginum5
1531 2156 1632 2208 hac
1667 2156 1871 2210 scilicet
1908 2157 1974 2206 de
2011 2172 2187 2217 causa,
2233 2154 2360 2223 quia

1282 2233 1507 2284 Carolus
1550 2232 1774 2299 Magnus
1821 2230 1944 2282 fecit
1989 2231 2194 2298 inquiri
2241 2230 2363 2281 dili-

1281 2312 1466 2369 genter
1493 2302 1675 2354 obitus
1704 2314 1757 2353 et
1780 2314 1928 2353 actus
1961 2304 2276 2368 Martyrum,
2308 2311 2360 2352 et

1280 2372 1514 2422 aliorum
1571 2372 1912 2431 Sanctorum,
1969 2381 2020 2421 et
2074 2373 2356 2422 inventum

1281 2453 1363 2493 est
1408 2442 1554 2508 quod
1599 2441 1792 2492 diebus
1832 2441 2065 2508 singulis
2107 2456 2360 2491 occurre-

1284 2514 1413 2564 bant
1443 2513 1564 2579 plus
1589 2528 1752 2582 quam
1783 2523 2016 2563 trecenta
2045 2512 2195 2572 festa,
2227 2528 2361 2579 pro-

1281 2596 1400 2653 pter
1425 2584 1571 2653 quod
1618 2595 1878 2637 statutum
1920 2594 2019 2648 est,
2067 2593 2128 2633 ut
2167 2584 2223 2634 in
2250 2582 2359 2636 fine

1286 2654 1672 2722 Martyrologii,
1719 2656 1944 2705 addatur
1967 2655 2206 2704 clausula
2234 2668 2363 2720 prae·

1283 2727 1443 2785 dicta,
1493 2736 1555 2776 ut
1607 2728 1796 2776 saltem
1845 2725 1902 2776 in
1959 2727 2194 2792 generali
2270 2726 2364 2776 fiat

1287 2798 1547 2848 memoria
1585 2798 1921 2856 Sanctorum,
1970 2797 2026 2847 in
2067 2797 2154 2847 die
2195 2807 2364 2847 trans-

1286 2870 1396 2920 itus
1413 2871 1702 2920 eorum.1ta
1719 2869 1970 2920 similiter
1984 2869 2363 2936 Evangelistae,

1284 2941 1415 3007 quia
1457 2956 1568 2989 non
1612 2950 1857 3007 poterant
1887 2940 2073 2990 omnia
2104 2940 2366 2992 miracula

1285 3010 1491 3063 Christi
1522 3010 1575 3060 in
1604 3011 1909 3076 particulari
1951 3011 2201 3069 scribere,
2243 3010 2365 3061 ideo

1285 3082 1595 3148 frequenter
1668 3082 1836 3131 multa
1905 3081 2237 3132 concludunt
2307 3081 2368 3131 in

1286 3154 1519 3220 quadam
1551 3153 1910 3220 generalitate,
1943 3153 2085 3202 sicut
2106 3161 2250 3217 patet
2277 3151 2368 3202 hic

1286 3236 1338 3276 et
1370 3225 1499 3275 alibi
1529 3225 1586 3274 in
1617 3223 1845 3274 diversis
1894 3223 2025 3273 locis
2071 3220 2367 3288 Evangelii.

1289 3299 1571 3349 circuibat
1600 3311 1735 3363 erg-o
1763 3296 1945 3358 Jesu5‚
1981 3312 2089 3346 non
2118 3297 2184 3346 ad
2216 3296 2370 3345 devo-

1287 3371 1516 3422 randum
1560 3380 1612 3421 et
1636 3370 1994 3436 perdendum,
2029 3369 2121 3419 sed
2152 3369 2218 3418 ad
2248 3382 2369 3419 ma-

1287 3442 1436 3492 xima
1504 3439 1766 3490 beneficia
1834 3439 1913 3489 eis
1975 3438 2311 3490 afferendum
2353 3454 2367 3489 ε

1284 3531 1460 3566 unum
1541 3514 1764 3581 quidem
1798 3553 1811 3573 ,
1887 3511 2037 3580 regni
2118 3513 2369 3577 Evange-
2416 3542 2421 3548 -

1288 3585 1454 3649 lium;
1494 3585 1639 3635 aliud
1665 3593 1875 3644 autem,
1922 3583 2169 3633 omnium
2206 3581 2367 3648 aegri-

1287 3656 1541 3707 tudinum
1598 3655 1954 3718 curationem3
2019 3655 2072 3705 in
2131 3667 2365 3720 quorum

1289 3725 1468 3792 primo
1502 3726 1648 3775 salus
1697 3725 2024 3784 animarum,
2068 3725 2124 3774 in
2169 3738 2372 3773 secun-

1288 3798 1358 3846 do
1406 3798 1552 3847 salus
1598 3811 1889 3861 corporum
1932 3795 2277 3860 exprimitur3
2322 3802 2374 3844 et

1290 3869 1415 3919 illos
1442 3882 1583 3934 quos
1612 3881 1834 3931 corpore
1861 3866 2083 3916 sanabat
2113 3864 2373 3915 extrinse-

1293 3956 1407 4005 cus,
1452 3938 1614 3990 etiam
1643 3946 1824 3986 mente
1862 3937 2082 3986 sanabat
2113 3934 2372 3986 intrinse-
