2757 4413
539 311 632 362 DE
665 309 1061 362 PROBATICA
1099 308 1365 360 PISCINA
1401 310 1492 360 ET
1525 311 1990 364 PARALYTICO.
2032 286 2036 295 ’

144 437 338 486 virtute
379 439 582 479 naturae
632 430 945 491 restituitur,
979 428 1035 478 in
1066 438 1211 477 tem-

148 522 270 573 pore
302 513 403 561 est,
431 513 485 551 et
509 518 618 550 non
647 503 702 551 in
729 500 947 551 instanti
980 499 1214 565 acquiri-

148 590 253 641 tur,
286 583 338 626 et
368 573 604 636 sustulit,
635 590 726 622 seu
752 572 978 639 portavit
1001 571 1212 637 graba-

148 656 248 699 tum
274 662 433 697 suum
472 649 523 694 et
566 611 887 703 ambulabat,
918 641 974 690 in
991 641 1211 706 signum

148 720 402 770 restitutae
435 717 669 766 virtutis.
705 716 770 766 Et
798 715 873 765 sic
904 723 1077 779 portat
1110 729 1215 778 poe·

149 791 321 840 nitens
369 803 512 838 onus
558 786 751 852 peccati
801 786 857 835 in
902 800 1011 851 quo
1064 784 1214 849 prius

151 858 440 926 requievit,
485 857 700 923 quando
757 856 1049 920 injunctam
1107 853 1211 903 sibi

152 949 237 998 pro
266 940 486 1010 peccato
508 928 873 994 poenitentiam
908 926 1125 987 suffert3
1158 935 1208 975 et

152 1003 401 1059 ambulat,
445 1001 583 1049 sicut
632 999 796 1064 gradu
842 996 1096 1062 corporiS,
1140 995 1211 1044 ita

153 1074 384 1154 profectu
420 1072 653 1122 virtutis.
706 1071 995 1123 Grabatum
1045 1068 1209 1127 enim,

150 1147 202 1194 in
242 1159 355 1210 quo
415 1144 547 1207 jacet
595 1152 849 1207 peccator,
894 1150 974 1190 est
1014 1138 1208 1205 peccati

149 1215 437 1274 delectati0‚
471 1213 598 1279 quia
620 1212 856 1278 quandiu
885 1212 1051 1260 homo
1091 1225 1212 1275 por-

148 1297 276 1337 tatur
303 1286 374 1335 ab
408 1286 511 1334 isto
543 1285 776 1349 grabatO,
808 1283 888 1332 vel
916 1282 981 1331 de
1009 1296 1072 1331 eo
1100 1296 1209 1330 sur-

150 1372 260 1423 gere
299 1372 412 1405 non
457 1363 646 1419 potest,
684 1352 928 1401 infirmus
963 1362 1067 1413 est3
1117 1350 1208 1399 sed

150 1442 264 1476 cum
326 1424 503 1489 surgit
543 1423 609 1471 de
652 1437 716 1472 eo
759 1431 810 1471 et
848 1430 1019 1487 portat
1063 1436 1206 1480 eum,

150 1509 268 1548 tunc
288 1508 371 1547 est
397 1495 643 1563 perfectae
664 1495 952 1544 curationis
971 1493 1207 1559 signum.

151 1569 265 1628 Sed,
288 1566 428 1616 heu!
463 1564 736 1614 multoties
785 1563 1075 1629 impeditur
1105 1564 1210 1611 ho-

153 1655 237 1689 mo
276 1654 344 1688 ne
382 1645 556 1702 portet
582 1635 858 1701 grabatum
892 1649 1070 1693 suum,
1096 1648 1213 1698 pro-

150 1719 258 1774 pter
327 1706 527 1773 peccati
591 1705 1054 1755 consuetudinem.
1126 1703 1212 1752 Sic

151 1796 269 1846 ergo
294 1780 496 1830 factum
538 1789 618 1827 est
650 1778 987 1835 miraculum,
1022 1786 1073 1825 et
1124 1775 1211 1824 in-

154 1862 233 1901 tus
262 1852 314 1901 in
350 1850 548 1909 anima,
577 1860 630 1898 et
655 1848 888 1899 exterius
932 1847 988 1896 in
1029 1863 1213 1913 corpo-

155 1939 222 1974 re.
247 1925 328 1974 Ad
368 1923 601 1987 litteram
640 1920 837 1986 quippe
876 1920 1124 1985 praecepit
1151 1929 1211 1969 ut

154 2005 379 2061 surgeret
406 2032 420 2056 ‚
475 2003 528 2043 et
576 1992 782 2041 tolleret
831 1991 1107 2056 grabatum
1159 2001 1211 2041 et

153 2067 461 2127 ambularet3
504 2073 564 2113 ut
592 2063 888 2112 ostenderet
922 2060 1206 2127 perfectam

154 2138 423 2188 sanitatem
489 2134 702 2185 homini
771 2133 1088 2183 restitutam.
1147 2134 1206 2183 In

155 2209 399 2260 omnibus
427 2208 574 2258 enim
605 2204 1205 2264 miraculiS‚secundum

155 2281 311 2347 ipsius
361 2291 564 2330 naturae
613 2278 897 2344 optimum,
944 2278 1209 2328 Dominus

156 2366 278 2417 opus
316 2349 443 2400 fecit
463 2349 789 2415 perfectum,
823 2348 960 2399 sicut
987 2348 1052 2398 de
1074 2363 1209 2414 aqua

159 2421 437 2486 perfectum
487 2418 610 2469 fecit
655 2417 875 2476 vinum,
930 2417 1058 2484 quia
1112 2417 1207 2467 Dei

159 2493 376 2557 perfecta
438 2500 564 2540 sunt
611 2504 787 2554 opera.
838 2487 1208 2537 Nihilominus

157 2574 323 2613 tamen
398 2562 514 2612 haec
576 2560 678 2610 tria
725 2560 781 2608 in
839 2558 1210 2624 justificatione

157 2634 393 2700 praecepit
431 2632 715 2698 peccatoris
751 2648 765 2680 ι
812 2630 1007 2696 primo,
1063 2630 1208 2695 quod

158 2715 341 2771 surgat,
363 2703 658 2754 recedendo
683 2717 713 2751 a
736 2701 993 2766 peccatis;
1026 2716 1212 2750 secun-

157 2774 235 2834 do,
281 2787 340 2825 ut
388 2774 542 2823 tollat
592 2773 895 2838 grabatum,
949 2772 1211 2836 portando

158 2862 283 2898 onus
310 2845 639 2913 poenitentiae
672 2861 767 2909 pro
816 2859 905 2906 eo;
939 2844 1114 2907 tertie,
1151 2855 1213 2894 ut

159 2922 400 2979 ambulet,
441 2918 766 2984 proficiendo
804 2916 860 2966 in
904 2916 1129 2978 bonum,
1161 2926 1212 2966 et

159 2991 216 3040 de
260 2993 401 3041 bono
458 2991 517 3039 in
565 2988 775 3047 meliuS,
826 2997 881 3037 et
933 2989 1112 3038 eundo
1147 2988 1214 3038 de

160 3065 340 3115 virtute
367 3064 423 3114 in
447 3064 716 3112 virtutem.

215 3135 240 3186 5
265 3137 583 3186 PARALY'rtct
606 3148 882 3183 partun-rm
914 3149 983 3182 An
1016 3148 1211 3183 pense-

160 3220 430 3257 vemnun
474 3221 528 3255 m
565 3219 827 3254 otta-rtomz
879 3218 977 3254 uos
1022 3217 1207 3254 noce-r.

160 3303 214 3313 —
236 3277 526 3328 Considera
558 3275 646 3324 hic
678 3274 821 3340 quod
851 3273 1067 3339 triginta
1091 3284 1210 3324 octo

158 3365 312 3402 annos
351 3352 449 3402 iste
489 3349 733 3399 infirmus
775 3347 1020 3406 habebat,
1046 3358 1097 3397 et
1125 3357 1208 3397 ta-

159 3436 267 3471 men
294 3439 405 3472 non
443 3419 778 3485 desperabat3
810 3416 866 3466 in
886 3432 995 3483 quo
1024 3432 1208 3482 pecca-

157 3492 351 3542 toribus
379 3489 682 3555 exemplum
724 3487 880 3538 datur
925 3487 1207 3569 patientiae,

157 3572 201 3611 et
219 3575 276 3613 ut
305 3570 729 3629 perserveranter
753 3559 953 3609 instent
980 3558 1206 3609 orationi

157 3646 268 3684 curn
302 3649 398 3700 spe
426 3632 615 3683 salutis
645 3630 1030 3696 consequendae
1057 3630 1122 3679 ab
1146 3646 1209 3679 eo

155 3704 238 3768 qui
281 3705 354 3754 ait
397 3720 412 3752 ε
456 3703 634 3753 Petite
691 3707 744 3751 et
780 3700 995 3750 dabitur
1040 3699 1207 3761 vobis,

155 3776 365 3839 quaerite
418 3781 472 3826 et
516 3773 825 3834 invenietiS,
878 3771 1095 3837 pulsate
1159 3777 1212 3821 et

160 3849 418 3911 aperietur
470 3846 635 3897 νοὸἰε.
669 3844 823 3896 Unde
874 3843 1209 3909 Chrys-osto-

161 3932 265 3971 mus
292 3937 309 3969 .·
339 3941 363 3966 ιι
398 3917 713 3970 Ostenditur
758 3915 1007 3982 patientia
1054 3930 1212 3980 para-

274 4036 413 4087 th
439 4035 568 4087 ,lusu
596 4033 833 4097 Camsm
861 4044 1036 4082 ‘tonus
1069 4030 1134 4083 11.

2278 329 2380 381 707

1320 428 1493 494 lytici3
1526 429 1744 494 triginta
1785 431 1932 480 enim
1971 438 2023 479 et
2062 440 2181 480 octo
2211 446 2382 484 annos

1320 516 1545 551 manens
1597 503 1701 561 hic,
1746 512 1797 552 et
1850 503 2144 552 secundum
2193 520 2384 554 unum-

1318 588 1588 638 quemque
1674 589 1877 623 annum
1954 573 2088 623 alios
2161 574 2381 640 quidem

1317 656 1498 696 erutos
1543 646 1760 705 videns,
1827 647 2063 712 seipsum
2109 663 2233 697 vero
2282 650 2381 700 de-

1319 726 1526 766 tentum
1576 718 1910 782 aegritudine,
1973 734 2143 784 neque
2191 719 2264 769 ita
2307 736 2382 770 re-

1317 789 1491 850 cedit,
1563 805 1737 855 neque
1782 789 2096 855 desperavit.
2154 790 2223 839 Et
2292 792 2379 841 ni-

1318 857 1517 907 mirum
1589 875 1696 909 non
1764 861 1939 910 solum
1988 861 2379 925 praeteritorum
2462 922 2466 927 Ι

1317 927 1550 987 tristitia,
1582 930 1672 979 sed
1715 941 1768 980 et
1795 930 2100 980 futurorum
2131 932 2377 997 despera-

1316 999 1412 1060 tio,
1461 999 1730 1051 sufficiens
1776 1012 1884 1051 erat
1923 1016 2067 1063 eum,
2125 1001 2227 1051 nisi
2278 1018 2377 1068 pa-

1314 1068 1454 1118 tiens
1502 1080 1654 1130 esset,
1704 1071 1915 1136 abigere
1978 1072 2045 1121 ab
2101 1072 2202 1122 hoc
2242 1074 2377 1124 loco.

1314 1139 1416 1189 Sed
1442 1150 1569 1189 tunc
1592 1141 1811 1206 quidem
1841 1140 2124 1192 infirmitas
2145 1143 2379 1208 impedi-

1316 1221 1557 1260 mentum
1582 1213 1780 1262 volenti
1804 1213 1975 1262 curari
2002 1213 2189 1276 fiebat3
2236 1231 2379 1265 nunc
2432 1246 2433 1249 =

1314 1293 1515 1332 autem*
1540 1279 1729 1350 potens
1765 1285 2137 1351 unusquisque
2178 1297 2259 1336 est
2286 1303 2377 1338 ac-

1313 1353 1510 1403 cedere.
1565 1355 1683 1403 Non
1721 1355 1862 1404 enim
1900 1356 2134 1420 Angelus
2175 1367 2254 1405 est
2283 1358 2377 1422 qui

1311 1426 1505 1482 turbat,
1559 1427 1651 1476 sed
1690 1428 2016 1492 Angelorum
2063 1429 2381 1479 Dominator

1314 1498 1408 1561 qui
1442 1499 1625 1548 omnia
1669 1510 1933 1565 operatur.
1966 1501 2085 1550 Non
2122 1512 2202 1551 est
2241 1518 2379 1552 nunc

1312 1570 1486 1621 dicere
1538 1589 1550 1620 ;
1592 1572 1919 1623 laborantem
1975 1573 2228 1624 hominem
2276 1590 2378 1626 non

1312 1640 1494 1701 habeO,
1523 1657 1631 1691 non
1654 1653 1732 1692 est
1757 1643 1930 1693 dicere
1960 1659 1973 1692 ε
2004 1644 2123 1692 dum
2149 1646 2379 1711 ego-de·-

1315 1712 1562 1761 scendere
1603 1713 1751 1763 venio
1775 1752 1787 1772 ,
1832 1713 1977 1763 alius
2019 1721 2143 1764 ante
2174 1730 2253 1764 me
2281 1715 2378 1765 de·-

1315 1782 1551 1842 scendit5
1584 1783 1674 1832 sed
1722 1794 1772 1832 et
1832 1783 1876 1833 si
1935 1784 2083 1833 orbis
2118 1795 2378 1836 terrarum

1314 1852 1597 1903 universus
1638 1853 1833 1911 veniat,
1865 1853 2031 1919 gratia
2059 1870 2165 1904 non
2193 1871 2380 1906 consu-

1314 1923 1498 1982 mitur,
1528 1939 1701 1990 neque
1731 1923 1869 1973 actio
1912 1922 2117 1987 finitur,
2167 1927 2257 1975 sed
2298 1927 2378 1976 si-

1313 1996 1426 2043 mul
1456 2007 1652 2059 manet,
1685 2005 1736 2044 et
1765 1995 1885 2045 talis
1907 1996 2080 2061 qualis
2098 2006 2219 2047 ante
2248 1998 2376 2061 hoc;

1312 2077 1362 2117 et
1408 2068 1545 2116 siout
1599 2069 1796 2117 solares
1840 2068 1997 2118 radii·
2031 2084 2124 2133 per
2178 2085 2377 2119 unam-

1311 2154 1581 2204 quamque
1627 2138 1933 2188 illuminant
1973 2138 2136 2197 diem,
2171 2150 2221 2189 et
2269 2156 2376 2190 non

1308 2221 1747 2271 consumuntur,0
1764 2227 1937 2277 neque
1975 2228 2007 2261 a
2053 2214 2220 2262 multa
2267 2215 2375 2263 lar-

1310 2282 1514 2348 gitione
1560 2284 1740 2332 minor
1794 2283 1906 2347 ejus
1948 2280 2007 2330 fit
2052 2283 2160 2342 lux,
2213 2283 2285 2333 ita
2327 2292 2377 2332 et

1311 2354 1483 2401 multo
1509 2353 1681 2418 magis
1723 2352 1951 2417 Spiritus
1978 2352 2117 2401 actio
2147 2355 2200 2400 in
2227 2353 2378 2402 nullo

1313 2422 1582 2472 minuitur
1619 2439 1647 2472 a
1681 2421 2027 2472 multitudine
2061 2437 2244 2471 eorum
2280 2424 2377 2488 qui

1310 2496 1589 2561 potiuntur
1637 2512 1713 2545 ea.
1740 2515 1766 2542 n
1810 2496 1874 2545 Et
1897 2494 2090 2544 iterum
2124 2511 2138 2544 ε
2182 2515 2204 2540 α
2237 2496 2378 2545 Eru-

1315 2567 1593 2615 bescamus
1647 2567 1823 2616 dilecti
1872 2576 1923 2615 et
1962 2565 2378 2630 ingemiscamus

1313 2638 1369 2686 in
1418 2639 1584 2686 multa
1625 2637 1844 2687 desidia.
1898 2636 2154 2701 Triginta
2189 2642 2239 2686 et
2263 2644 2378 2688 octo

1314 2722 1482 2757 annos
1553 2707 1777 2757 habebat
1843 2706 2099 2757 assistens
2165 2707 2377 2773 paraly-

1315 2779 1468 2837 ticus,
1512 2787 1563 2827 et
1591 2794 1699 2828 non
1745 2778 1947 2843 potitus
1994 2787 2074 2826 est
2118 2777 2205 2826 his
2259 2793 2379 2843 quae

1313 2851 1539 2912 volebat,
1589 2860 1640 2899 et
1685 2867 1791 2900 non
1838 2849 2164 2915 potiebatur,
2210 2866 2319 2900 non
2350 2866 2380 2901 a

1315 2923 1530 2988 propria
1586 2923 1928 2988 negligentia,
1977 2922 2068 2972 sed
2114 2923 2379 2988 praepedi-

1314 3006 1400 3044 tus
1429 2995 1494 3044 ab
1518 2994 1655 3052 aliis,
1690 3004 1741 3043 et
1771 2994 1881 3043 vim
1917 2994 2153 3059 patiens3
2206 3005 2257 3044 et
2280 3009 2378 3045 ne-

1313 3081 1420 3132 que
1462 3066 1533 3115 ita
1569 3065 1824 3129 torpebat.
1869 3066 1982 3114 Nos
2012 3074 2185 3114 autem
2214 3065 2258 3114 si
2290 3066 2379 3115 de·

1312 3152 1427 3186 cem
1487 3135 1676 3185 diebus
1732 3134 2078 3184 assiderimus
2141 3135 2379 3185 studiose

1314 3222 1410 3270 pro
1454 3206 1636 3271 aliquo
1664 3215 1926 3270 rogantes,
1966 3214 2020 3255 et
2062 3220 2172 3254 non
2219 3204 2378 3270 potiti

1313 3276 1603 3335 fuerimus,
1664 3276 1990 3342 negligimus
2060 3276 2124 3326 de
2169 3277 2377 3341 reliquo

1312 3348 1499 3397 eodem
1559 3348 1637 3397 uti
1694 3347 1891 3400 studio,
1936 3348 2007 3397 Et
2061 3347 2378 3396 hominibus

1314 3430 1462 3469 tanto
1518 3420 1738 3485 quidem
1791 3420 2088 3470 assidemus
2139 3428 2380 3483 tempore

1315 3490 1622 3551 militantes,
1648 3500 1699 3541 et
1716 3490 1920 3553 afflicti,
1949 3500 2001 3540 et
2032 3489 2088 3538 in
2119 3487 2222 3538 fine
2246 3488 2381 3537 mul-

1312 3562 1472 3612 toties
1499 3563 1706 3628 abipsa
1752 3578 1844 3628 spe
1889 3562 2191 3612 excidentes
2212 3575 2226 3621 3
2264 3560 2378 3609 Do·-

1313 3633 1567 3684 minatori
1590 3650 1717 3685 vero
1741 3633 2008 3691 clementi,
2035 3632 2127 3682 ubi
2154 3630 2380 3680 omnino

1312 3716 1393 3755 est
1448 3705 1678 3770 recipere
1742 3703 2146 3755 retributionem
2209 3700 2380 3749 multo

1315 3777 1568 3840 majorem
1600 3777 1889 3837 laboribus,
1912 3789 2021 3823 non
2050 3770 2380 3822 sustinemus

1315 3846 1547 3897 assidere
1603 3863 1724 3898 cum
1770 3843 1974 3895 decenti
2039 3839 2245 3892 studio!
2314 3840 2381 3889 Et

1314 3928 1518 3980 quanto
1558 3917 1670 3967 haec
1701 3912 2017 3980 supplicatio
2071 3907 2262 3976 digna?
2308 3908 2380 3960 Et

2130 4040 2192 4092 17
