2757 4413
279 234 385 300 848
453 235 693 285 ·1NDEX
734 235 990 286 EVANG.
1025 235 1204 287 DOM.
1238 236 1331 286 ET
1362 235 1750 288 FESTORUM
1782 238 2044 291 TOTIUS
2078 242 2266 293 ANNl.

792 414 884 474 IN
932 410 1239 474 FESTIS
1283 412 1606 475 BEATAE
1659 413 1996 479 MARIAE.

287 568 454 619 Feria
491 574 652 618 sexta
673 575 801 635 post
840 571 997 620 Dom.
1018 570 1306 621 Passionis
1323 586 1344 633 ;

437 646 488 690 et
509 640 664 690 Dom.
700 641 794 690 III
813 642 1142 706 Septembris
1167 656 1183 691 .·

343 712 555 777 Septem
614 712 875 763 Dolorum
929 714 995 763 Β.
1056 712 1141 764 Μ.
1221 714 1282 765 V.

283 801 504 852 Stabant
540 802 686 867 juxta
745 816 955 851 crucem
1001 801 1128 850 Jesu
1175 801 1347 850 Mater

347 872 478 937 ejus,
509 881 606 922 etc.
632 872 796 922 Joan.
833 888 914 939 19,
947 888 998 937 p.
1036 887 1085 932 2,
1112 887 1158 922 c.
1195 870 1283 921 63.

286 988 313 1015 *
334 987 617 1038 Dominica
662 987 757 1036 III
799 994 930 1052 post
969 987 1345 1047 Pentecosten,

334 1061 416 1111 vel
431 1067 558 1127 post
584 1060 841 1110 Octavam
866 1061 1262 1125 Assumptionis
1284 1058 1315 1109 :⁸

408 1134 704 1184 Purissimi
730 1134 927 1184 Cor-dis
956 1135 1023 1183 Β.
1054 1132 1139 1183 M.
1176 1133 1236 1183 V.

285 1224 560 1275 Extollens
592 1240 800 1279 vocem,
844 1233 942 1272 ete.
984 1225 1062 1283 (ut
1091 1222 1144 1271 in
1169 1222 1352 1272 missis

348 1294 541 1344 votivis
558 1302 688 1358 post
714 1295 1106 1356 Pentecosten.)

283 1408 565 1459 Dominica
590 1408 740 1472 infra
772 1409 958 1461 Octav.
982 1410 1311 1461 Natiuitatis
1333 1426 1350 1459 .·

499 1479 610 1529 SS.
637 1480 888 1532 Nominis
917 1481 1140 1532 Marioe.

285 1569 483 1619 Missus
523 1580 603 1620 est
627 1571 867 1637 Angelus
903 1569 1118 1620 Gabriel
1155 1586 1184 1619 a
1219 1570 1350 1629 De0,

349 1649 450 1689 etc.
479 1641 613 1691 Luc.
648 1657 694 1700 1,
719 1658 771 1705 p.
806 1657 852 1700 1,
878 1657 923 1691 c.
957 1640 1005 1691 5.

284 1755 570 1805 Dominica
614 1757 649 1805 J
672 1757 967 1877 ἕειλοῦνῑῗῖι
992 1757 1099 1807 ss.
1124 1731 1352 1807 Rosa'rii

285 1914 564 1964 Extollens
604 1931 806 1979 vocem,
833 1925 930 1966 etc.
961 1919 1042 1976 (ut
1073 1916 1126 1966 in
1167 1916 1350 1966 missis

347 1988 541 2038 votivis
559 1996 688 2053 post
715 1990 1109 2053 Pentecosten.)

411 2113 735 2164 *Dominica
778 2114 842 2162 II
886 2114 1137 2163 Octobris
1188 2133 1206 2165 .·

468 2182 847 2234 Mater-nitatis
883 2184 950 2234 B.
980 2184 1065 2234 M.
1105 2184 1164 2235 V.

286 2288 423 2339 Cum
480 2289 732 2347 redirent,
768 2289 1026 2339 remansit
1048 2305 1182 2355 puer
1197 2289 1351 2340 Jesus

346 2359 404 2409 in
435 2360 746 2410 Jerusalem.
775 2361 903 2409 Luc.
937 2375 987 2420 2,
1022 2376 1074 2425 p.
1108 2376 1153 2420 1,
1180 2376 1226 2410 c.
1266 2359 1346 2411 15.

414 2460 440 2484 *
478 2458 762 2509 Dominica
783 2459 879 2508 III
898 2459 1147 2510 Octobris
1188 2476 1205 2509 .·

334 2539 340 2545 '
519 2530 791 2580 Puritatis
815 2531 882 2579 B.
912 2529 996 2580 M.
1043 2530 1105 2579 V.

284 2627 481 2677 Missus
525 2640 605 2679 est
649 2630 887 2694 Angelus
916 2627 1132 2678 Gabriel
1165 2643 1196 2678 a
1216 2627 1347 2688 De0‚

347 2706 445 2747 ete.
475 2698 605 2748 Luc.
641 2714 687 2758 1,
719 2715 770 2764 p.
808 2715 852 2761 1,
880 2714 926 2748 e.
959 2697 1007 2748 5.

322 2796 670 2848 .*Dominica
691 2798 726 2846 Ι
735 2798 783 2846 V
808 2797 1071 2858 Octobris,
1103 2798 1186 2847 vel
1228 2798 1292 2848 II

466 2868 843 2987 Novemgrish}
855 2868 1161 2988 Ρῧτνοεὶηἰί

283 3023 558 3074 Extollens
612 3041 816 3088 vocem,
861 3036 956 3075 etc.
984 3027 1142 3086 (utin
1165 3028 1347 3078 missis

342 3096 536 3147 votivis
550 3104 680 3160 post
712 3099 1101 3159 Pentecosten.)

281 3213 309 3238 *
323 3212 670 3276 7Decembris
690 3230 706 3262 .·
745 3213 965 3278 Vigilioe
978 3214 1348 3264 Immaculatae

470 3284 842 3349 conceptionis
864 3285 930 3334 B.
956 3284 1039 3334 M.
1080 3285 1139 3334 V.

280 3370 440 3420 Liber
500 3371 873 3421 Generationis
936 3373 1062 3422 Jesu
1142 3376 1344 3430 Christi

339 3443 464 3494 Filii
496 3445 681 3496 David.
712 3445 911 3495 Matth.
955 3463 998 3506 1,
1027 3463 1079 3513 p.
1122 3465 1170 3512 1,
1200 3467 1243 3502 c.
1293 3470 1344 3518 7.

387 3540 420 3592 8
466 3542 777 3592 Decembris
821 3561 847 3592 :⁷
884 3543 1254 3601 Immaculatae

471 3613 842 3679 Conceptionis
872 3615 939 3665 Β.
965 3613 1049 3666 M.
1099 3619 1158 3670 V.

280 3718 477 3770 Missus
523 3728 602 3768 est
628 3721 863 3786 Angelus
892 3721 1109 3772 Gabriel
1141 3739 1172 3774 a
1210 3692 1342 3786 Deo,

341 3799 440 3840 etc.
473 3790 603 3840 Luc.
642 3806 686 3850 1,
721 3806 773 3856 p.
813 3808 857 3852 1,
890 3808 937 3842 c.
972 3791 1021 3843 5.

278 3887 307 3913 *
333 3902 396 3936 10
413 3888 721 3940 Decembris
735 3909 752 3942 .-
772 3892 1175 3944 Translationis
1187 3893 1348 3944 almae

371 3957 577 4008 Domus
640 3961 707 4010 Β.
771 3960 855 4012 Μ.
927 3963 1005 4027 V;
1067 3971 1120 4014 et
1174 3979 1236 4028 17

1591 572 1898 625 Decembris
1922 594 1938 626 .-
1963 578 2418 644 Exspectationis

1722 653 1921 709 partus
1951 649 2018 697 Β.
2051 650 2134 701 Μ.
2179 652 2238 701 V.

1456 732 1651 783 Missus
1674 743 1771 796 est,
1803 747 1904 786 etc.
1930 742 2011 798 (ut
2031 746 2241 807 supra.)

1545 838 1609 889 23
1642 841 1900 962 Januarg
1926 844 2433 966 :AIIJessonsationis
2458 854 2485 878 *

1458 998 1596 1048 Cum
1651 997 1787 1052 esse't
1824 988 2155 1071 'desponsata
2191 1019 2356 1061 mater
2386 1010 2526 1061 Jesu

1521 1070 1941 1191 MariagJoseph‚
1977 1088 2077 1129 etc.
2126 1080 2326 1131 Matth.
2367 1098 2417 1142 1,
2462 1098 2522 1147 p.

1529 1156 1573 1200 1,
1603 1156 1649 1190 c.
1714 1180 1727 1192 .

1574 1276 1604 1309 2
1636 1262 1928 1315 Februarii
1952 1283 1968 1315 .-
1996 1268 2411 1325 Purificationis

1846 1336 1914 1385 Β.
1940 1336 2025 1387 Μ.
2071 1338 2131 1389 V.

1460 1418 1751 1485 Postquam
1786 1423 1990 1488 impleti
2024 1438 2154 1477 sunt
2176 1429 2289 1479 dies
2323 1446 2534 1498 purga-

1519 1489 1685 1541 tionis
1712 1494 1912 1555 Mariae‚
1950 1506 2049 1547 etc,
2089 1500 2221 1549 Luc.
2270 1516 2322 1560 2,
2362 1517 2418 1566 p.
2476 1520 2527 1564 1,

1522 1576 1570 1614 c.
1603 1577 1685 1612 12.
1826 1580 1830 1588 ·

1561 1676 1627 1725 25
1682 1678 1887 1729 'Martii
1915 1698 1931 1729 .·
1963 1683 2408 1735 Annuntiationis

1850 1754 1918 1801 B.
1950 1753 2033 1803 M.
2083 1757 2141 1805 V.

1459 1836 1659 1886 Missus
1683 1848 1796 1921 est,¹
1811 1850 1912 1890 etc.
1942 1847 2023 1903 (ut
2044 1853 2254 1911 supra.)

1461 1948 1527 1999 26
1541 1952 1782 2016 Aprilis.-
1800 1956 2179 2021 Apparitionis
2206 1963 2482 2028 Imaginis
2510 1969 2536 1994 *

1561 2022 1635 2071 Β.
1669 2022 1754 2073 Μ.
1799 2025 1858 2075 V.
1889 2027 1954 2076 de
1987 2029 2138 2080 Bono
2171 2032 2434 2085 Consilio.

1459 2112 1621 2161 Liber
1694 2116 2056 2177 generationis
2111 2120 2237 2170 Jesu
2298 2122 2533 2187 Christi,

1520 2193 1622 2235 etc.
1652 2184 1856 2242 Matth.
1895 2204 1939 2248 1,
1966 2204 2018 2254 p.
2052 2205 2096 2251 1,
2128 2206 2172 2242 c.
2202 2208 2251 2257 7.

1521 2314 1588 2364 24
1634 2302 1782 2353 Maii
1824 2320 1842 2353 .·
1894 2306 1961 2355 Β.
2021 2306 2105 2356 Μ.
2168 2308 2228 2359 V.
2295 2310 2459 2363 titulo

1609 2376 1895 2426 Auxilium
1916 2378 2364 2434 Christianorum.

1456 2462 1736 2521 Extollens
1760 2481 1963 2530 vocem,
1993 2479 2090 2518 etc.
2123 2474 2211 2532 (ut
2247 2471 2300 2523 in
2337 2476 2530 2529 missis

1518 2537 1712 2588 votivis
1729 2545 1859 2603 post
1881 2540 2272 2607 Pentecosten.)

1519 2673 1549 2706 2
1581 2659 1722 2710 Julii
1749 2679 1767 2712 .·
1809 2662 2144 2714 Visitationis
2174 2667 2241 2715 Β.
2271 2667 2356 2718 Μ.
2399 2669 2465 2720 V.

1456 2759 1758 2826 Exsurgens
1786 2762 1967 2822 Maria,
1993 2763 2127 2813 abiit
2166 2765 2224 2814 in
2259 2778 2525 2836 montana

1517 2847 1639 2882 cum
1682 2832 2040 2899 festinatione,
2072 2847 2170 2887 etc.
2213 2839 2343 2892 Luc.
2381 2857 2430 2903 1,
2464 2859 2519 2908 p.
2585 2866 2593 2869 ·

1527 2921 1571 2965 1,
1605 2921 1648 2956 e.
1680 2905 1730 2956 6.

1454 3037 1488 3087 9
1519 3023 1659 3074 Julii
1700 3043 1717 3074 .·
1753 3026 2146 3091 Prodigiorum
2184 3028 2252 3078 B.
2282 3029 2367 3080 M.
2410 3031 2477 3082 V.
2499 3036 2524 3060 ⁴⁵

1660 3088 1814 3139 titulo
1849 3089 2079 3154 Reginae
2108 3090 2313 3154 Pacis,-

1545 3157 1607 3209 16
1629 3161 1803 3211 Julii.-
1833 3162 1900 3212 B.
1919 3158 2014 3211 ’Μ.
2056 3163 2117 3212 V.
2148 3163 2215 3213 de
2239 3164 2433 3215 Monte

1640 3233 1925 3295 Carmelo,·
1970 3233 1997 3282 5
2034 3236 2279 3300 Augusti
2320 3253 2338 3286 .·

1511 3301 1885 3353 Dedicationis
1903 3304 2122 3354 Sanctae
2144 3305 2353 3357 Mariae
2378 3309 2458 3358 ad

1653 3373 1853 3437 Nives,·
1873 3381 1924 3424 et
1958 3390 2021 3439 14
2041 3377 2324 3441 Augusti:

1510 3441 1731 3508 Vigiliae
1755 3446 2154 3510 Assumptionis
2182 3448 2248 3497 Β.
2280 3448 2365 3498 Μ.
2411 3450 2480 3500 V.

1453 3539 1733 3592 Extollens
1778 3559 1981 3601 vocem,
2010 3552 2110 3594 etc.
2149 3545 2305 3606 (utin
2333 3548 2524 3600 missis

1516 3613 1711 3663 votivis
1729 3622 1860 3678 post
1887 3615 2275 3678 Pentecosten.)

1616 3732 1929 3799 15Augusti
1952 3752 1970 3785 .·
1997 3737 2398 3802 Assumptionis

1845 3806 1913 3856 B.
1940 3805 2024 3856 M.
2070 3807 2131 3856 V.

1454 3893 1672 3945 Intravit
1710 3895 1864 3944 Jesus
1914 3894 1970 3943 in
2003 3895 2279 3959 quoddam
2320 3897 2526 3948 castel-

1517 3963 1651 4029 lum,
1681 3974 1779 4015 ete.
1810 3965 1941 4015 Luc.
1979 3980 2060 4026 10,
2092 3981 2145 4031 p.
2187 3983 2231 4028 1,
2258 3981 2304 4017 c.
2334 3965 2425 4018 61.
