2757 4413
673 298 768 349 DE
794 298 1349 352 TRADITIONIBUS
1383 301 1933 354 PHARISAEORUM.

180 415 386 476 lavare3
412 413 507 463 sed
538 414 896 464 necessarium
924 424 1005 465 est
1034 430 1126 465 eos
1161 416 1252 482 qui

176 501 378 553 panem
397 487 466 536 de
482 487 614 537 coelo
629 487 1035 538 descendentem
1051 489 1258 553 partici-

176 576 305 626 pare
323 559 651 618 desiderant,
675 561 859 610 crebro
878 560 1252 627 eleemosynis,

177 632 455 699 lacrymiS,
496 641 549 681 et
580 632 701 682 aliis
743 632 961 698 justitiae
991 632 1254 684 fructibus

177 719 277 755 sua
323 718 491 770 opera
545 719 814 769 purgare:
846 724 874 752 n
920 705 1037 755 haec
1077 706 1251 756 Beda.

175 775 271 826 Isti
304 783 505 841 gerunt
531 784 721 839 typum
761 791 948 825 eorum
993 775 1087 841 qui
1132 775 1253 842 plus

173 848 355 897 zelant
372 846 857 911 transgressionem
889 847 1250 897 humanarum

176 918 539 969 traditionum
578 934 741 983 quam
774 918 1082 982 divinorum
1110 934 1250 984 prae-

175 999 476 1055 ceptorum,
526 990 648 1056 plus
702 989 1042 1040 decretalium
1085 1005 1248 1056 quam

176 1060 621 1127 Evangeliorum,
646 1061 768 1126 plus
797 1061 1247 1111 consuetudinum

175 1146 344 1197 quam
400 1132 717 1181 utilitatum.
751 1132 847 1181 Per
907 1130 1039 1182 istos
1085 1131 1246 1182 etiam

176 1205 418 1254 multum
445 1203 706 1254 sollicitos
724 1204 790 1254 de
809 1204 1079 1256 munditia
1107 1213 1251 1255 exte·

174 1276 307 1326 riori
371 1285 426 1326 et
499 1277 775 1326 modicum
853 1277 919 1327 de
986 1276 1245 1338 interiori,

174 1348 467 1414 signantur
520 1349 813 1414 hypocritae
863 1359 918 1399 et
974 1349 1243 1414 simulati;

172 1429 464 1486 arguentes
489 1420 627 1470 alios
658 1421 724 1470 de
751 1420 980 1481 levibus,
1009 1436 1134 1471 cum
1162 1430 1246 1472 ta-

171 1508 303 1543 men
341 1492 453 1542 sint
491 1492 670 1543 infecti
708 1493 976 1559 gravibuS,
1002 1494 1246 1545 videntes

169 1566 435 1616 festucam
478 1565 536 1615 in
578 1566 797 1617 alterius
824 1567 998 1626 oculo,
1036 1577 1088 1617 et
1136 1583 1244 1617 non

170 1638 382 1687 trabem
416 1636 469 1686 in
504 1652 622 1687 suo,
654 1636 754 1687 His
790 1652 1010 1703 quoque
1039 1637 1244 1688 similes

169 1719 301 1760 sunt
344 1708 523 1767 multi,
560 1708 652 1775 qui
684 1709 874 1759 volunt
915 1709 1110 1760 habere
1146 1725 1243 1760 ex-

173 1779 374 1830 teriora
432 1778 679 1844 pulchra,
744 1779 1003 1830 interiora
1062 1789 1240 1831 autem

177 1849 382 1900 habent
408 1848 608 1900 foetida.
633 1849 897 1914 Discipuli
927 1860 1105 1901 autem
1130 1851 1242 1901 Do-

172 1920 316 1971 mini
346 1920 590 1970 instructi
631 1936 693 1971 ea
728 1935 850 1986 quae
877 1921 1092 1972 virtutis
1118 1932 1242 1972 tan-

170 2000 294 2041 tum
319 1999 448 2039 sunt
470 1990 696 2055 operari,
714 2006 822 2040 non
843 1990 970 2040 lotis
989 1992 1240 2042 manibue

167 2059 587 2120 manducabant,
617 2060 746 2126 quia
787 2060 891 2110 hoc
936 2076 1044 2111 non
1073 2061 1239 2126 perti-

167 2148 300 2184 nere
322 2133 387 2182 ad
415 2132 691 2182 veritatem
708 2132 829 2183 vitae
851 2132 1234 2198 intelligebant.

166 2208 329 2259 Unde
360 2205 784 2273 Chrysus-tomus
809 2222 825 2257 :
849 2224 877 2253 ι(
906 2205 1030 2256 Ideo
1058 2214 1233 2256 autem

165 2276 426 2343 discipuli
460 2292 569 2326 non
597 2277 722 2327 lotis
745 2277 995 2327 manibus
1015 2278 1236 2328 mandu-

162 2348 378 2408 cabant,
420 2347 548 2412 quia
586 2347 691 2411 jam
740 2346 1009 2412 superflua
1053 2347 1265 2414 despi-U

163 2417 400 2479 ciebant,
435 2431 494 2466 ea
533 2417 711 2466 solum
748 2432 869 2483 quae
897 2426 1025 2468 sunt
1051 2433 1236 2469 neces-

166 2488 312 2539 saria
353 2486 706 2550 attendentes3
752 2498 805 2537 et
853 2503 1026 2553 neque
1071 2489 1234 2539 lavari

166 2575 344 2627 neque
363 2575 475 2609 non
507 2559 667 2610 lavari
698 2560 932 2626 prolege
959 2560 1234 2622 habentes,

166 2634 263 2685 sed
307 2643 368 2683 ut
414 2633 751 2698 contingebat
801 2633 1114 2683 alterutrum
1151 2633 1235 2684 fa-

161 2704 387 2754 cientes,
426 2703 531 2762 Qui
570 2703 718 2752 enim
759 2712 810 2752 et
839 2703 1019 2769 ipsum
1050 2719 1237 2755 neces-

162 2777 370 2828 sarium
419 2777 602 2827 cibum
640 2777 1065 2837 contemnebant,
1096 2793 1235 2843 qua-

162 2849 290 2900 liter
313 2850 456 2899 circa
484 2849 587 2899 hoc
614 2847 852 2899 studium
887 2847 1176 2899 haberent?
1204 2869 1232 2896 η

165 2921 234 2971 Et
262 2920 395 2986 quia
420 2920 532 2971 haec
565 2920 800 2980 traditio,
822 2919 1023 2970 scilicet
1053 2921 1235 2986 jubere

162 3007 364 3042 manus
409 2992 602 3052 lavari,
652 3007 761 3041 non
811 3000 923 3041 erat
971 2992 1235 3043 contraria

164 3062 331 3128 Legi3
361 3062 484 3111 ideo
512 3063 777 3113 Dominus
810 3063 968 3113 aliam
997 3063 1234 3113 traditio·

161 3151 290 3186 nem
332 3134 463 3201 Legi
493 3134 812 3185 contrariam
853 3134 1001 3186 ducit
1025 3134 1083 3185 in
1112 3150 1231 3186 me·-

160 3204 347 3269 dium3
395 3215 447 3254 et
488 3204 642 3270 quasi
683 3205 892 3256 clavum
942 3204 1093 3255 clavo
1142 3220 1231 3256 re-

161 3277 422 3339 tundens,
475 3275 605 3325 dicit
661 3291 753 3327 eos
805 3275 1061 3336 deficere,
1105 3276 1232 3342 quia

157 3346 432 3399 faciebant
461 3348 758 3414 transgredi
783 3348 1092 3398 mandatum
1116 3348 1232 3398 Do-

160 3417 303 3468 mini
350 3429 589 3484 *propter
642 3419 977 3469 ·mandatum
1046 3418 1232 3470 homi-

161 3504 334 3554 num;
382 3491 528 3555 quod
579 3505 688 3541 non
738 3499 849 3541 erat
893 3488 1192 3540 faciendum
1217 3527 1232 3550 ,

158 3557 313 3624 quia,
362 3560 658 3609 secundum
699 3560 1055 3622 Bernardum,
1091 3558 1232 3610 nihil

160 3629 334 3694 placet
370 3629 482 3680 Deo
524 3630 884 3697 quodcunque
924 3630 973 3681 ei
1019 3630 1231 3683 obtule-

160 3699 259 3762 ris,
292 3703 537 3768 neglecto
569 3718 634 3753 eo
663 3704 807 3769 quod
839 3703 1057 3754 teneris.

222 3789 256 3823 2
285 3775 578 3825 Ptnvnnsffi
612 3776 1005 3827 Pmmsaeonun
1035 3791 1233 3828 Tium-

160 3860 351 3897 rronsss
401 3846 534 3897 Lacr
581 3863 911 3898 com-narum.
955 3874 1017 3885 —
1056 3848 1229 3912 Unde,

159 3917 491 3984 respondens
535 3919 618 3969 ait
657 3917 770 3968 illis
794 3936 811 3969 .·
838 3918 1019 3980 Quare
1052 3925 1106 3970 et
1137 3934 1233 3971 vos

286 4033 422 4085 Vm
450 4035 578 4086 Jasu
607 4035 842 4096 Cnmsrr,
871 4050 1043 4086 ‘roxus
1075 4035 1138 4086 11.

2314 305 2419 372 787

1359 420 1807 484 transgredimini
1829 420 2135 472 mandatum
2153 422 2276 485 Dei,
2301 437 2425 488 pro-

1349 497 1479 554 pter
1530 491 1873 542 traditionem
1916 493 2200 543 vestram?
2257 493 2424 554 Quasi

1357 559 1571 621 diceret,
1603 563 1900 613 secundum
1927 562 2180 614 Glossam
2203 581 2221 614 .-
2241 564 2297 613 Si
2328 578 2426 614 vos

1356 633 1703 684 contemnitis
1736 635 1982 685 mandata
2012 634 2107 685 Dei
2140 651 2237 701 pro
2270 635 2429 686 tradi-

1356 700 1601 752 tionibus
1641 704 1950 765 hominum,
1991 721 2154 771 quare
2200 706 2427 772 arguitis

1353 771 1650 838 discipulos
1691 790 1860 836 meos,
1889 776 1983 843 qui
2030 778 2281 826 mandata
2317 777 2427 828 ho-

1353 843 1566 894 minum
1598 846 1883 897 dimittunt
1921 856 1982 897 ut
2029 857 2287 913 praecepta
2325 849 2424 901 Dei

1352 917 1686 968 custodiant?
1753 921 1820 969 Et
1879 920 2149 972 Dominus
2201 920 2425 987 quidem

1352 1003 1463 1037 non
1500 989 1846 1054 reprehendit
1873 992 2197 1042 munditiam
2225 1008 2422 1059 corpo-

1352 1060 1546 1123 ralem;
1579 1061 1671 1110 sed
1719 1061 1820 1112 hoc
1864 1062 2228 1127 reprehendit,
2274 1064 2420 1129 quod

1351 1130 1536 1180 relicta
1567 1131 1832 1181 munditia
1876 1132 2140 1194 interiori,
2166 1134 2421 1199 putabant

1351 1200 1594 1254 sufficere
1617 1212 1828 1253 tantum
1849 1202 2188 1253 exteriorem.
2211 1205 2420 1256 Deinde

1350 1270 1455 1321 hoc
1488 1273 1634 1338 quod
1679 1272 1815 1323 dixit
1856 1273 2153 1338 proband0,
2188 1276 2373 1326 subdit
2401 1292 2417 1325 z

1348 1343 1498 1394 Nam
1539 1346 1688 1396 Deus
1721 1346 1867 1399 dixit
1891 1363 1908 1396 .-
1938 1345 2186 1409 Honora,
2216 1347 2419 1399 scilicet

1349 1415 1646 1466 necessaria
1711 1416 1907 1475 dando,
1962 1425 2015 1466 et
2062 1418 2415 1468 reverentiam

1347 1484 1672 1547 exhibendo,
1702 1502 1827 1536 nam
1854 1486 2031 1537 honor
2055 1487 2156 1537 iste
2184 1504 2295 1538 non
2323 1502 2415 1539 so-

1347 1555 1462 1604 lum
1545 1556 1866 1623 intelligitur
1936 1557 2248 1615 reverentia,
2322 1560 2412 1609 sed

1347 1626 1505 1676 etiam
1539 1628 1967 1678 necessariorum
1984 1629 2414 1693 {administratim

1337 1705 1552 1764 patrem
1581 1704 1631 1749 et
1658 1706 1899 1762 matrem,
1925 1700 1982 1749 in
2019 1700 2219 1767 quibus
2251 1701 2415 1753 etiam

1345 1770 1625 1834 proximus
1674 1769 1903 1835 quilibet
1947 1769 2279 1836 intelligitur,
2319 1771 2413 1821 sed

1345 1839 1422 1890 illi
1465 1840 1814 1891 nominantur
1845 1840 2048 1908 quibus
2079 1841 2410 1907 obligamur;

1343 1917 1397 1963 et
1421 1930 1437 1963 s
1468 1913 1578 1974 Qui
1612 1914 1965 1964 maledixerit
1995 1912 2151 1979 patri
2177 1913 2260 1963 vel
2291 1929 2412 1964 ma-

1343 1989 1435 2050 tri,
1468 2005 1579 2039 non
1598 1999 1707 2066 tam
1736 1990 1902 2040 verbo
1929 1990 2011 2039 vel
2041 1988 2218 2054 sign0,
2246 2005 2412 2055 quam

1341 2059 1498 2124 fact0,
1560 2066 1731 2112 morte
1797 2060 2081 2111 moriatur.
2141 2060 2412 2112 Dominus

1339 2131 1485 2181 enim
1511 2131 1865 2181 imbecillitati
1897 2142 1948 2181 et
1966 2131 2200 2196 penuriae
2225 2147 2411 2197 paren-

1338 2214 1455 2254 tum
1477 2203 1783 2264 consulens,
1801 2202 1903 2253 hoc
1924 2218 2017 2268 per
2037 2204 2259 2269 Moysen
2279 2221 2410 2270 prae·

1339 2276 1497 2341 cepit,
1532 2287 1585 2326 et
1617 2276 1738 2326 ideo
1765 2291 1843 2327 vae
1871 2275 1978 2325 illis
2021 2275 2114 2341 qui
2158 2286 2405 2341 parentes

1337 2348 1543 2398 debiles
1587 2348 1670 2398 vel
1722 2361 1980 2413 pauperes
2025 2356 2404 2410 contemnunt,

1339 2428 1391 2470 et
1430 2419 1626 2470 debitis
1664 2418 1961 2484 obsequiis,
2008 2418 2216 2468 scilicet
2251 2432 2404 2469 reve-

1337 2490 1510 2542 rentia
1537 2499 1588 2540 et
1619 2488 2037 2541 necessariorum
2076 2487 2407 2539 exhibitione

1337 2564 1650 2615 defraudant
1676 2562 1688 2615 l
1752 2564 1902 2612 Hanc
1967 2571 2146 2629 autem
2207 2562 2406 2627 Legem

1341 2634 1592 2686 Pharisaei
1616 2632 1794 2701 cupidi
1815 2648 1908 2700 per
1929 2648 2082 2683 suam
2111 2632 2405 2683 doctrinam

1338 2704 1526 2756 falsam
1552 2705 2008 2764 subvertentes,ut
2032 2717 2144 2752 suae
2173 2701 2407 2753 avaritiae

1337 2778 1695 2837 consulerent,
1726 2785 1777 2825 et
1804 2775 1905 2826 sub
1935 2774 2158 2825 nomine
2191 2773 2407 2839 pietatis

1338 2849 1669 2914 impietatem
1701 2846 2034 2904 inducerent,
2064 2844 2326 2895 docebant
2351 2844 2408 2895 fi·

1337 2922 1441 2972 lios
1486 2929 1787 2987 parentum,
1844 2926 1897 2968 et
1954 2916 2208 2968 dicebant
2258 2919 2407 2983 quod

1336 2993 1533 3043 melius
1558 3001 1669 3043 erat
1698 2991 1837 3041 bona
1868 2987 2180 3056 parentibus
2221 2989 2403 3047 admi·-

1336 3064 1615 3114 nistrando
1674 3063 1785 3112 Deo
1843 3059 2015 3111 favere
2068 3068 2121 3109 et
2182 3059 2402 3122 offerre;

1333 3145 1450 3186 tum
1498 3134 1628 3201 quia
1680 3142 1761 3182 est
1798 3141 1944 3198 pater
1993 3130 2311 3197 principalis
2353 3141 2405 3181 et

1333 3204 1647 3272 spiritualis,
1677 3212 1794 3253 tum
1814 3202 1961 3268 quia,
1979 3201 2103 3253 licet
2133 3217 2227 3267 per
2246 3201 2402 3251 talem

1333 3279 1661 3330 oblationem
1695 3284 1941 3342 parentes
1968 3275 2296 3326 sustinerent
2320 3273 2401 3322 de·

1334 3350 1652 3402 trimentum
1677 3347 1966 3414 corporale,
1993 3343 2401 3410 consequeban-

1334 3432 1424 3472 tur
1477 3429 1657 3471 tamen
1708 3420 1916 3469 bonum
1974 3415 2252 3483 spirituale
2273 3451 2288 3474 ,
2347 3413 2404 3463 in

1336 3499 1597 3559 quantum
1644 3489 1778 3540 illud
1806 3487 1952 3556 quod
1987 3496 2097 3538 erat
2132 3485 2185 3534 in
2215 3499 2404 3534 eorum

1336 3561 1708 3614 necessitatem
1776 3556 2191 3611 convertendum
2216 3593 2231 3614 ‚
2287 3553 2401 3603 Deo

1336 3631 1675 3690 offerebatur,
1715 3640 1776 3681 ut
1815 3630 1888 3680 ita
1932 3625 2245 3694 parentibus
2289 3622 2404 3672 suis

1335 3705 1403 3755 ab
1431 3703 1509 3754 eis
1539 3700 1835 3753 necessaria
1858 3696 2196 3764 exigentibus
2225 3708 2285 3743 ea
2315 3708 2400 3742 ne-

1334 3790 1459 3842 gare
1499 3782 1739 3840 possent,
1774 3780 1825 3822 et
1872 3768 2093 3819 ditiores
2140 3764 2400 3830 frequen-

1334 3847 1445 3897 tius
1500 3846 1797 3907 offerrent3
1857 3855 1922 3892 ex
1983 3853 2093 3904 quo
2159 3845 2404 3901 parentes

1338 3917 1492 3986 egeni
1543 3916 1771 3975 fiebant,
1804 3921 1856 3964 et
1906 3907 2110 3961 oblatio
2165 3904 2401 3958 filiorum

2072 4040 2140 4076 22
