2757 4413
335 287 438 354 570

330 402 522 454 messis
593 403 882 470 corporalis
952 404 1127 455 adhuc
1198 402 1359 454 distet
1380 441 1395 467 ‚

328 483 543 540 tempus
602 483 783 524 tamen
840 475 1032 525 messis
1101 473 1397 539 spiritualis

327 545 434 610 jam
503 546 683 597 instat.
749 547 958 598 Dicitur
1011 547 1157 597 enim
1206 546 1399 597 messis

327 618 618 669 materialis
687 629 739 670 et
795 619 1086 686 corporalis
1156 618 1398 669 collectio

327 690 564 757 frugum,
598 701 650 742 et
687 693 753 743 ad
795 692 958 757 hujus
984 691 1400 742 similitudinem

330 761 525 813 messis
582 762 942 829 intelligibilis
995 772 1048 813 et
1099 761 1400 827 spiritualis

327 831 526 884 dicitur
573 833 781 884 vocatio
830 843 882 886 et
929 833 1174 884 collectio
1218 831 1401 882 homi-

326 918 458 952 num
489 904 556 953 ad
584 903 765 964 fidem,
798 920 891 970 per
918 919 1079 970 quam
1108 918 1401 969 congrega-

327 991 453 1026 mur
509 976 569 1026 in
629 976 846 1027 Domini
919 978 1193 1027 horreum.
1246 977 1403 1028 Unde

329 1048 572 1114 sequitur
598 1066 612 1099 z
644 1049 789 1101 Ecce
820 1050 941 1120 dico
986 1049 1134 1100 vobis
1158 1067 1176 1099 .-
1205 1049 1403 1099 Levate

329 1118 512 1170 oculos
560 1126 784 1184 vestros,
835 1120 1035 1172 scilicet
1076 1118 1399 1185 spiritualeS,

333 1195 386 1240 et
424 1190 596 1242 videte
632 1191 884 1258 regiones
915 1192 980 1243 ad
1011 1189 1247 1241 fructum
1275 1189 1401 1239 fidei

328 1258 638 1325 dispositas,
668 1261 798 1327 quia
813 1261 934 1329 jam
957 1261 1097 1311 albae
1120 1266 1257 1323 sunt,
1291 1259 1402 1310 sci-

330 1328 456 1380 licet
492 1332 721 1382 candore
764 1331 1069 1383 devotionis
1113 1331 1315 1381 vestitae
1349 1340 1404 1380 et

332 1413 557 1455 maturae
592 1407 668 1456 ad
711 1420 930 1457 messem
971 1414 1024 1455 et
1069 1404 1398 1455 metendum.

332 1477 446 1529 Hoc
472 1478 680 1530 dicebat
704 1492 916 1547 propter
944 1479 1302 1530 samaritanos
1335 1478 1401 1528 ad

331 1548 512 1614 ipsum
558 1550 853 1611 venientes,
898 1566 1038 1617 quos
1080 1549 1284 1600 vocavit
1312 1564 1403 1599 se-

331 1629 478 1684 getes
522 1620 670 1671 albas
708 1630 760 1670 et
805 1631 1010 1687 paratas
1057 1620 1123 1669 ad
1152 1634 1401 1682 messem,

330 1688 386 1738 id
428 1700 509 1740 est
537 1701 745 1756 paratos
779 1700 832 1740 et
859 1690 1149 1757 dispositos
1192 1689 1256 1739 ad
1285 1705 1405 1740 cre-

333 1759 588 1810 dendum.

405 1849 466 1884 10
502 1835 957 1886 Samarrauonuu
997 1852 1300 1887 convensm.
1342 1865 1403 1875 -

329 1904 431 1954 Ex
478 1905 693 1956 civitate
719 1913 894 1957 autem
937 1906 1053 1968 illa,
1098 1922 1218 1972 quae
1255 1907 1405 1957 dice-

332 1977 486 2028 batur
536 1978 782 2039 Sichem‚
831 1980 983 2031 multi
1019 1980 1403 2032 Samaritano—

331 2066 452 2100 rum
504 2051 847 2102 crediderunt
903 2052 958 2102 in
1016 2066 1150 2114 eum,
1176 2059 1404 2120 propter

330 2121 544 2170 verbum
604 2122 845 2173 mulieris
889 2123 1242 2173 testimonium
1282 2138 1405 2189 per-

329 2189 558 2242 bibentis
600 2210 617 2243 .·
647 2191 792 2254 Quia
816 2192 964 2243 dixit
985 2192 1122 2243 mihi
1146 2208 1402 2259 quaecun-

250 2301 253 2304 >
329 2279 429 2329 que
458 2264 610 2330 feci,
654 2281 776 2332 quae
804 2267 964 2317 etiam
995 2268 1198 2317 occulta
1233 2276 1400 2317 erant.

334 2335 466 2386 Cum
494 2338 1025 2403 erg-osamaritani,
1055 2338 1234 2388 audita
1261 2337 1403 2389 fama

332 2407 559 2471 Christi,
590 2410 666 2459 ad
704 2423 820 2460 eum
849 2411 1132 2473 venissent,
1162 2424 1402 2477 rogave-

329 2487 457 2531 runt
477 2488 535 2532 ut
556 2482 630 2532 ibi
663 2488 914 2544 maneret,
945 2491 998 2532 et
1027 2482 1103 2532 sic
1131 2483 1198 2532 ab
1227 2498 1290 2532 eo
1315 2482 1403 2532 in-

329 2560 663 2602 struerentur
704 2552 902 2603 melius
939 2562 992 2602 et
1028 2552 1172 2602 firmi
1211 2552 1269 2602 in
1298 2552 1403 2603 fide

326 2619 531 2673 fierent.
590 2624 721 2673 Ecce
777 2622 990 2673 devotio
1040 2622 1346 2673 auditorum
1385 2641 1398 2673 z

326 2692 472 2757 quia,
503 2705 712 2759 accepta
740 2693 845 2745 fide
864 2732 878 2755 ,
909 2693 1281 2744 desiderabant
1309 2709 1403 2759 per

331 2762 447 2827 ejus
507 2765 803 2815 doctrinam
847 2765 1080 2831 amplius
1121 2765 1399 2817 informari

330 2834 397 2883 ad
427 2849 580 2884 suam
606 2834 1084 2886 confirmationem.
1116 2837 1174 2885 In
1200 2836 1401 2901 quibus

332 2905 589 2956 omnibus
625 2922 654 2956 e
693 2908 958 2958 contrario
985 2908 1230 2974 arguitur
1256 2909 1404 2959 duri-

330 2977 405 3028 tia
427 2978 755 3041 Judaeorum‚
780 2981 873 3047 qui
908 2981 965 3031 in
995 2981 1250 3032 omnibus
1274 2981 1403 3032 fece-

327 3058 455 3098 runt
514 3050 859 3101 contrarium.
924 3047 1076 3102 Unde
1121 3052 1401 3120 Chryses-

332 3124 505 3169 tomus
545 3137 563 3169 .·
611 3140 634 3166 α
681 3120 770 3172 Sic
812 3137 938 3189 ergo
987 3122 1103 3173 solo
1159 3123 1403 3174 mulieris

330 3188 644 3239 testimonio
673 3191 963 3253 credentes,
995 3201 1046 3243 et
1077 3194 1289 3243 nullum
1319 3193 1400 3243 si·-

330 3277 496 3327 gnum
523 3262 784 3325 videntes,
810 3265 1072 3327 exierunt,
1106 3267 1401 3331 deprecan-

330 3342 410 3383 tes
441 3332 741 3394 Christum,
762 3343 825 3385 ut
843 3336 986 3401 apud
1013 3336 1105 3386 e'os
1133 3347 1397 3401 maneret;

327 3402 495 3453 Judaei
523 3418 665 3463 vex-0,
693 3404 948 3456 miracula
982 3405 1244 3466 videnteS,
1275 3421 1400 3456 orn-

328 3470 422 3522 nia
468 3482 687 3538 egerunt
741 3482 800 3523 ut
854 3490 884 3525 a
940 3475 1156 3541 regione
1211 3491 1399 3526 eorum

328 3556 454 3592 eum
482 3543 791 3607 abjicerent.
834 3546 899 3595 Et
940 3545 1113 3595 Judaei
1156 3546 1398 3611 quidem,

328 3614 492 3665 etiam
529 3614 661 3665 visis
697 3615 902 3682 signis,
934 3616 1214 3668 incorrecti
1238 3633 1400 3667 man-

327 3695 536 3749 serunt;
598 3685 654 3735 hi
712 3696 892 3738 autem
952 3698 1005 3738 et
1061 3688 1176 3738 sine
1228 3688 1400 3753 signis

329 3758 556 3808 multam
608 3758 744 3809 circa
786 3775 910 3810 eum
952 3760 1114 3810 fidem
1167 3759 1399 3810 demon-

328 3837 646 3882 straverunt.
679 3851 707 3880 n
737 3834 809 3884 Et'
832 3833 1176 3899 acquiescens
1203 3833 1400 3884 Domi-

329 3914 434 3950 nus
486 3903 733 3968 petitioni
802 3921 990 3957 eorum
1010 3943 1026 3967 ,
1096 3920 1218 3974 quae
1286 3915 1401 3956 erat

958 289 1195 339 PRIMAE
1231 289 1479 339 PARTIS
1509 289 1746 342 CAPUT
1778 294 1934 347 LXII.

1504 405 1728 458 honesta
1802 419 1855 460 et
1911 413 2099 464 devota
2122 453 2136 475 ,
2209 415 2406 466 mansit
2458 415 2566 480 ibi,

1502 476 1630 542 quia
1686 493 1895 547 semper
1948 484 2209 535 satisfacit
2261 485 2470 536 devotis
2509 486 2568 536 in

1503 547 1742 600 oratione
1826 568 1922 603 sua
1946 592 1960 614 ,
2041 570 2133 621 per
2207 556 2341 607 duos
2415 556 2568 619 dies,

1504 627 1720 682 propter
1771 620 1880 678 duo
1960 634 2220 691 praecepta
2292 625 2529 676 caritatis
2556 664 2571 685 ‚

1503 687 1704 753 quibus
1745 689 1962 743 instruit
2009 695 2302 745 credenteS.
2353 695 2575 746 Tertius

1502 767 1680 809 autem
1724 761 1841 812 dies
1886 774 1967 814 est
2019 764 2133 815 dies
2172 760 2377 831 gloriae,
2411 775 2463 815 et
2510 765 2573 815 in

1503 828 1606 880 hoc
1633 847 1741 882 non
1767 834 1966 885 mansit
1994 835 2214 897 ibidem,
2239 837 2367 903 quia
2388 832 2577 888 Samass

1504 900 1661 952 ritani
1690 905 1926 955 nondum
1954 916 2104 956 erant
2130 922 2344 973 capaces
2367 907 2572 973 gloriae.

1504 973 1590 1024 Sic
1618 984 1670 1024 et
1697 975 1858 1026 hodie
1888 978 2127 1043 quotidie
2163 978 2373 1043 mulier,
2407 978 2462 1028 id
2491 988 2578 1030 est

1506 1045 1758 1108 Ecclesia,
1807 1049 1895 1099 his
1933 1050 2025 1116 qui
2070 1050 2199 1101 foris
2235 1060 2364 1101 sunt
2401 1051 2575 1102 Chri-

1505 1127 1650 1167 stum
1691 1122 2002 1184 annuntiat;
2044 1121 2268 1173 veniunt
2308 1123 2372 1173 ad
2402 1122 2577 1173 Chri-

1506 1197 1649 1238 stum
1704 1205 1798 1255 per
1847 1191 2064 1252 famam,
2116 1203 2169 1243 et
2223 1194 2476 1257 credunt;
2521 1206 2579 1245 et

1507 1258 1756 1311 Christus
1785 1274 1962 1312 manet
1992 1278 2085 1329 per
2103 1263 2374 1314 caritatem
2406 1264 2581 1314 biduo

1505 1330 1645 1394 apud
1674 1329 1812 1391 illos,
1839 1333 1940 1384 hoc
1971 1343 2051 1384 est
2072 1336 2159 1384 dat
2187 1333 2265 1384 eis
2294 1335 2401 1384 duo
2430 1350 2580 1401 prae-

1504 1411 1652 1466 cepta
1713 1402 1972 1466 caritatis,
2025 1405 2225 1455 scilicet
2269 1404 2583 1456 dilectionis

1504 1471 1602 1521 Dei
1643 1482 1695 1522 et
1734 1473 1985 1539 proximi,
2023 1475 2080 1525 in
2117 1475 2315 1541 quibus
2339 1475 2583 1541 pendent

1505 1543 1627 1594 Lex
1654 1550 1705 1595 et
1727 1545 2031 1611 Prophetoe.
2063 1547 2334 1612 Rogemus
2363 1561 2494 1597 eum
2527 1556 2584 1598 et

1507 1631 1625 1676 n05,
1654 1625 1714 1666 ut
1742 1626 1793 1666 et
1822 1616 2111 1666 nobiscum
2138 1617 2274 1667 duos
2303 1617 2420 1668 dies
2451 1633 2582 1667 ma-

1507 1696 1644 1745 neat,
1679 1697 1941 1752 quatenus
1983 1687 2090 1737 duo
2139 1698 2397 1754 praecepta
2431 1688 2584 1738 cari-

1505 1755 1659 1816 tatiS,
1706 1757 2047 1823 duorumque
2099 1759 2580 1809 Testamentorum

1506 1825 1686 1890 fidem,
1715 1837 1767 1877 et
1796 1843 1992 1889 amare,
2037 1838 2089 1878 et
2116 1838 2297 1879 tenere
2333 1844 2434 1879 nos
2470 1830 2580 1880 do-

1506 1910 1635 1950 ceat.
1665 1900 1744 1950 Et
1770 1901 1935 1952 multo
1948 1901 2140 1968 plures
2158 1918 2319 1969 quam
2351 1902 2410 1952 in
2429 1903 2585 1969 prin-

1505 1970 1646 2035 cipio
1665 1972 2020 2034 crediderunt,
2032 1980 2260 2039 propter
2278 1987 2580 2024 sermonem

1506 2042 1639 2109 ejuS,
1677 2059 1838 2110 quem
1875 2043 2013 2095 sicut
2038 2046 2197 2095 verba
2225 2045 2347 2095 vitae
2375 2044 2579 2110 praefe-

1507 2113 1692 2163 rebant
1722 2113 1900 2163 verbis
1947 2114 2209 2175 mulieriS,
2252 2116 2380 2182 quia
2431 2132 2580 2166 nun-

1506 2193 1662 2250 quam
1706 2184 1788 2236 sic
1824 2185 2030 2238 locutus
2066 2194 2146 2239 est
2184 2187 2353 2239 homo·
2390 2215 2453 2226 —
2495 2188 2584 2240 Et

1505 2257 1718 2309 mulieri
1769 2258 2011 2309 dicebant
2037 2277 2055 2309 .·
2087 2259 2228 2320 Quia
2280 2259 2404 2326 jam
2435 2275 2585 2325 pro-

1496 2337 1622 2396 pter
1654 2331 1916 2397 loquelam
1953 2338 2098 2382 tuam
2141 2347 2242 2383 non
2283 2332 2578 2395 credimuS,

1504 2421 1624 2472 quae
1658 2406 1797 2456 nihil
1828 2415 1907 2456 est
1936 2406 1991 2456 in
2020 2406 2419 2472 comparatione
2458 2407 2582 2471 ejus

1504 2478 1652 2544 quod
1692 2477 1957 2529 videmus·
1996 2478 2145 2529 Licet
2182 2479 2327 2528 enim
2373 2493 2440 2528 ex
2467 2478 2582 2528 do-

1504 2551 1674 2602 ctrina
1722 2551 1949 2617 alicujus
1998 2551 2281 2602 inducatur
2328 2551 2457 2617 quis
2507 2552 2582 2601 ad

1504 2622 1847 2682 credendum,
1890 2621 2022 2671 fides
2064 2632 2239 2672 tamen
2272 2622 2580 2672 secundum

1504 2707 1560 2742 se
1598 2691 1851 2741 innititur
1872 2692 2070 2741 divinae
2094 2692 2323 2756 veritati,
2348 2708 2445 2742 seu
2473 2692 2583 2742 vir-

1505 2763 1625 2823 tuti,
1654 2764 1720 2813 ad
1757 2764 1811 2813 id
1844 2765 1989 2829 quod
2017 2764 2186 2815 credit
2220 2764 2580 2815 firmandum.

1504 2835 1622 2900 Ipsi
1656 2834 1793 2885 enim
1821 2834 2055 2885 exterius
2076 2845 2128 2885 et
2162 2835 2391 2886 interius
2413 2836 2581 2886 audi-

1507 2905 1683 2955 vimus
1709 2906 1985 2971 sapientiae
2013 2906 2175 2956 verba
2208 2907 2277 2956 ab
2318 2906 2440 2972 ipso
2475 2907 2580 2972 qui

1504 2986 1585 3026 est
1623 2976 1768 3027 Deus
1813 2987 1864 3026 et
1901 2977 2096 3039 hom03
2130 2983 2181 3027 et
2219 2977 2438 3041 scimus,
2473 2976 2582 3027 fir-

1506 3046 1667 3095 miter
1711 3046 2005 3110 credendo,
2054 3046 2184 3112 quia
2229 3048 2285 3096 in
2335 3047 2443 3098 fide
2494 3059 2586 3098 est

1506 3118 1677 3182 major
1723 3117 1982 3169 certitudo
2031 3119 2375 3170 adhaerentiae
2407 3134 2585 3186 quam

1505 3191 1563 3241 in
1584 3190 1822 3252 scientia,
1844 3203 1896 3243 et
1918 3192 2045 3258 quia
2064 3209 2174 3243 non
2199 3193 2400 3244 sufficit
2418 3196 2585 3245 corde

1504 3263 1733 3326 credere,
1768 3265 1860 3315 sed
1903 3266 2113 3331 oportet
2144 3265 2305 3315 fidem
2330 3265 2582 3316 confiteri

1505 3349 1626 3396 ore;
1670 3333 1790 3385 ideo
1825 3333 1985 3386 fidem
2040 3350 2194 3385 suam
2222 3336 2583 3398 confitentur,

1504 3403 1726 3454 dicendo
1752 3419 1766 3453 :
1795 3405 1923 3470 quia
1961 3406 2063 3468 hic,
2096 3421 2190 3471 per
2217 3406 2584 3457 eminentiam

1503 3474 1853 3539 singularem,
1882 3481 1964 3526 est
1986 3476 2264 3537 Salvator,
2293 3491 2385 3541 per
2408 3476 2586 3528 effica-

1503 3546 1643 3597 ciam
1670 3548 1983 3611 salutarem,
2003 3549 2204 3612 mundi,
2236 3565 2329 3615 per
2356 3549 2585 3601 influen-

1504 3618 1635 3669 tiam
1660 3619 1979 3684 generalem.

1575 3706 1630 3740 11
1685 3690 1781 3739 Pu
1822 3705 1983 3740 fluxus
2036 3706 2299 3741 msronm
2347 3705 2581 3741 nsotra-

1504 3761 1967 3827 ·r10.—Conspice
1999 3778 2142 3813 nunc
2170 3761 2471 3813 Dominum
2500 3764 2582 3813 Je-

1504 3847 1653 3892 sum,
1708 3832 1836 3898 quia
1879 3832 2177 3883 itinerando
2229 3848 2336 3881 non
2404 3832 2580 3883 utitur

1497 3904 1874 3972 ‘subjugalibus
1903 3914 1998 3956 aut
2022 3903 2270 3965 vecturis,
2295 3905 2389 3955 sed
2413 3906 2577 3971 pedi-
