2757 4413
272 328 275 329 ’
360 333 469 384 556

356 449 522 499 ximis
541 459 720 501 tamen
742 453 945 514 utilior,
965 466 1182 522 propter
1199 458 1423 509 subven-

355 520 562 571 tionem
632 532 684 573 et
743 525 1169 580 aedificationem.
1238 530 1424 581 Activa

348 601 553 652 autem,
603 597 850 660 quaedam
897 607 978 648 est
1021 600 1345 666 praelationis
1370 611 1423 652 et

355 661 781 728 praedicationi&
833 668 1078 732 quaedam
1134 670 1420 722 ministerii

350 741 407 781 et
436 731 558 782 vitae
584 737 908 788 communis.
941 739 1125 791 Sicubi
1175 757 1302 808 ergo
1338 744 1421 793 le-

350 802 500 868 gitur
545 806 768 856 activam
811 809 1044 874 praeferri
1086 815 1421 879 contem-pla-

353 875 496 935 tivae,
551 877 965 944 intelligendum
1011 893 1091 934 est
1145 885 1212 935 de
1253 886 1421 937 activa

350 946 678 1009 praelationis
707 960 760 998 et
784 953 1175 1015 praedicationis
1190 971 1205 1018 3
1232 956 1288 1006 in
1314 956 1421 1006 ali-

351 1031 462 1080 quo
511 1017 655 1067 enim
704 1023 906 1073 excedit
956 1024 1123 1076 activa
1174 1037 1421 1077 contem-

351 1087 628 1154 plativam,
657 1101 710 1140 et
736 1091 792 1142 in
823 1094 1006 1161 aliquo
1037 1099 1307 1149 exceditur
1328 1115 1422 1165 per

348 1157 517 1208 illam.

410 1246 449 1295 4
478 1233 642 1283 Ac'rro
668 1250 877 1287 nurmx
898 1256 931 1287 A
963 1255 1288 1294 noe-romnus
1319 1258 1421 1293 ms-

344 1315 557 1353 TmCTA.
587 1331 647 1341 -
676 1306 782 1355 Ubi
810 1308 1109 1371 sciendum,
1130 1314 1275 1378 quod
1302 1313 1419 1363 dis-

345 1373 611 1440 tinguitur
643 1379 839 1445 duplex
860 1383 997 1433 actio
1020 1400 1052 1435 a
1081 1386 1413 1437 doctoribus.

351 1444 474 1495 Una
500 1461 624 1512 quae
652 1450 991 1511 consistitjn
1019 1456 1270 1507 exercitio
1311 1457 1419 1508 vir-

347 1523 526 1564 tutum
573 1520 888 1581 moralium,
938 1532 988 1572 et
1026 1524 1128 1576 ista
1172 1527 1414 1592 disponit

342 1586 411 1634 ad
437 1590 963 1653 contemplationem.
998 1594 1154 1646 Unde
1192 1597 1414 1663 Grego-

342 1653 466 1704 rius
493 1673 510 1705 .·
539 1675 566 1703 α
596 1659 705 1718 Qui
735 1664 1205 1728 contemplationis
1234 1682 1411 1717 arcem

341 1736 523 1777 tenere
572 1730 902 1794 desiderant,
957 1751 1173 1787 necesse
1220 1749 1300 1788 est
1351 1749 1412 1790 ut

338 1799 493 1863 prius
520 1801 578 1850 in
604 1819 792 1870 campo
821 1808 1045 1859 actionis
1073 1826 1130 1860 se
1159 1813 1407 1876 probent.

342 1870 547 1920 Sedatis
574 1874 720 1923 enim
751 1877 1066 1941 passionum
1090 1883 1413 1933 tumultibus
1441 1919 1453 1928 .

344 1955 439 2005 per
479 1945 791 1996 exercitium
820 1949 1080 2000 virtutum
1105 1955 1410 2016 moralium,

342 2013 649 2080 disponitur
699 2020 878 2072 anima
931 2035 990 2074 ut
1030 2025 1201 2094 libere.
1242 2029 1415 2092 possit

343 2085 535 2135 elevari
556 2087 614 2137 in
638 2093 1140 2158 contemplationem
1169 2097 1408 2162 virtutis;

345 2168 411 2205 ex
438 2172 548 2222 quo
590 2169 732 2225 patet
758 2164 903 2229 quod
931 2164 1052 2216 talis
1086 2167 1223 2219 actio
1258 2170 1411 2219 ordi-

342 2236 503 2277 natur
526 2230 592 2278 ad
622 2235 1130 2299 contemplationem
1166 2240 1306 2290 sicut
1344 2242 1411 2291 ad

342 2295 540 2362 finem3
573 2299 701 2352 finis
744 2315 923 2355 autem
962 2308 1154 2360 melior
1202 2321 1284 2361 est
1324 2312 1412 2362 his

342 2382 465 2431 quae
505 2381 633 2421 sunt
676 2373 742 2423 ad
788 2374 969 2427 finem.
1012 2398 1040 2426 »
1085 2380 1152 2430 Et
1186 2381 1307 2432 ideo
1346 2382 1413 2433 de

341 2440 437 2490 tali
470 2444 677 2496 actione
715 2449 1016 2500 concedunt
1041 2467 1232 2503 omnes
1264 2456 1411 2520 quod

337 2520 722 2584 contemplatio
746 2533 827 2573 est
854 2524 1062 2577 melior.
1088 2555 1149 2565 -
1174 2528 1293 2579 Alia
1322 2545 1411 2579 au·

340 2596 449 2636 tem
500 2591 636 2640 actio
682 2603 780 2653 est,
831 2610 953 2660 quae
992 2598 1237 2662 sequitui·
1272 2615 1408 2649 con-

339 2660 760 2724 templationem,
800 2667 1090 2730 procedens
1129 2684 1192 2718 ex
1223 2670 1405 2735 pleni-

337 2727 526 2777 tudine
577 2735 1071 2800 contemplationis3
1129 2738 1267 2789 sicut
1328 2751 1409 2791 est

335 2800 524 2852 docere
550 2814 603 2854 et
629 2805 686 2855 in
707 2808 967 2873 regimine
996 2811 1300 2862 animarum
1333 2813 1409 2864 la-

336 2870 541 2932 borare,
579 2886 632 2925 et
659 2877 967 2942 hujusmodi
1014 2897 1176 2947 opera
1202 2882 1402 2948 facere3

336 2952 392 2994 et
410 2944 477 2995 de
502 2946 593 2996 tali
624 2950 832 3003 actione
862 2953 1050 3004 dicunt
1067 2955 1232 3021 aliqui
1259 2960 1405 3023 quod

335 3026 417 3066 est
456 3018 646 3069 melior
687 3021 802 3087 ipsa
846 3028 1318 3093 contemplatione3
1352 3041 1404 3082 et

330 3087 402 3137 de
457 3088 558 3139 ista
609 3091 816 3144 actione
879 3112 987 3146 non
1033 3099 1274 3163 loquitur
1312 3102 1403 3152 hic

334 3160 604 3220 Christus,
633 3174 693 3214 ut
735 3176 880 3231 patet
916 3168 1272 3223 intuentibus.
1291 3174 1401 3225 Alii

333 3248 460 3283 vero
515 3236 696 3286 dicunt
753 3240 898 3305 quod
958 3242 1120 3292 etiam
1185 3244 1241 3294 in
1300 3246 1402 3296 ista

331 3304 542 3355 actione
610 3312 990 3375 contemplatio
1048 3314 1242 3365 melior
1299 3326 1399 3382 est,

328 3373 460 3439 quia
492 3374 546 3424 id
583 3379 728 3442 quod
774 3380 1088 3446 simpliciter
1130 3387 1401 3453 praeeligi-

330 3452 422 3493 tur
459 3445 671 3497 videtur
710 3464 830 3499 esse
877 3451 1073 3502 melius
1124 3455 1395 3518 absolute,

328 3531 491 3582 quam
515 3519 570 3568 id
602 3522 747 3586 quod
776 3523 1102 3589 praeeligitur
1141 3527 1198 3577 in
1239 3544 1395 3592 casu3

327 3588 421 3637 sed
449 3592 830 3657 contemplatio
858 3602 939 3643 est
977 3610 1072 3660 per
1102 3610 1161 3645 se
1186 3598 1396 3664 eligen-

327 3656 396 3708 da
407 3672 423 3721 ;
452 3675 586 3711 ‘cura
610 3672 789 3713 autem
817 3664 1120 3715 animarum
1165 3666 1222 3717 in
1272 3684 1395 3719 casu

330 3734 656 3786 necessitatis
672 3735 920 3789 fraternae
936 3749 1019 3790 est
1036 3741 1393 3806 suscipienda.

329 3803 484 3855 Unde
524 3808 864 3873 Augustinus
895 3826 915 3860 .·
959 3829 986 3857 «
1033 3811 1223 3862 Otium
1264 3828 1393 3863 san-

327 3880 473 3922 ctum
515 3878 709 3942 quaerit
741 3878 948 3941 caritaS,
996 3881 1273 3947 negotium
1305 3883 1393 3947 ju-

307 3950 470 3994 -stum
520 3948 747 4013 suscipit
804 3950 1088 4003 necessitas
1136 3952 1391 4013 caritatis,

1069 340 1305 392 PRIMAE
1336 341 1584 393 PARTIS
1615 344 1849 397 CAPUT
1871 348 2008 400 LXI.

1527 475 1691 525 quam
1736 463 1996 517 sarcinam
2044 466 2089 517 si
2139 469 2325 521 nullus
2359 472 2601 540 ‘imponit

1529 530 1801 584 intuendae
1841 536 2047 587 veritati
2076 542 2372 592 vacandum
2413 554 2521 609 est;
2545 546 2595 597 si

1526 611 1706 652 autem
1765 604 2078 670 imponitur,
2123 613 2466 677 suscipienda
2497 627 2594 677 est,

1526 685 1742 740 propter
1811 678 2045 730 caritatis
2101 685 2473 736 necessitatem
2503 704 2525 738 t
2568 707 2595 736 n

1525 745 1639 797 haec
1668 749 2028 814 Augustinus.
2339 766 2342 769 ’

1585 816 1618 866 5
1651 818 1791 868 VrrA
1815 835 2002 871 acnvs
2047 839 2116 874 ET
2158 840 2596 879 conrnupnarrva

1524 901 1626 937 PER
1657 904 1792 940 Duas
1831 900 2062 943 sonum-:s
2095 910 2381 947 menna-m.
2412 925 2473 936 -—
2498 900 2595 950 He

1524 960 1645 1009 duae
1677 975 1888 1012 sorores
1910 963 2143 1016 Domino
2181 968 2406 1029 dilectae,
2444 970 2595 1020 scili-

1524 1039 1607 1079 cet
1632 1031 1840 1082 Martha
1871 1043 1922 1084 et
1950 1036 2133 1097 Maria,
2175 1039 2308 1087 duas
2335 1039 2473 1090 vitas
2496 1042 2595 1092 de—

1525 1114 1823 1156 monstrant
1859 1108 2181 1174 spirituales,
2219 1112 2424 1177 quibus
2451 1128 2594 1178 pru>-

1525 1190 1651 1226 sens
1718 1189 1990 1230 exercetur
2071 1182 2321 1234 Ecclesia.
2385 1185 2595 1237 Martha

1524 1249 1769 1311 activam,
1826 1267 1933 1318 qua
1975 1254 2224 1319 proximo
2275 1256 2331 1305 in
2381 1257 2595 1309 caritate

1523 1321 1879 1386 associamur3
1908 1324 2075 1374 Maria
2100 1326 2591 1391 contemplativam,

1522 1391 1705 1456 quain
1725 1392 1822 1442 Dei
1853 1408 2034 1445 amore
2058 1396 2410 1461 suspiramus·
2439 1398 2594 1449 Unde

1522 1479 1633 1513 non
1688 1465 1872 1526 Maria,
1920 1469 2015 1517 sed
2055 1469 2264 1519 Martha
2306 1470 2591 1521 Christum

1520 1535 1818 1600 suscepisse
1871 1537 2070 1588 dicitur
2125 1539 2181 1589 in
2250 1540 2415 1590 domo
2466 1556 2586 1605 sua3

1520 1605 1687 1655 Maria
1706 1606 1854 1656 enim
1877 1608 2170 1659 nonhabet
2191 1610 2440 1670 domurn,
2460 1611 2591 1677 quia

1515 1674 1626 1725 vita
1651 1678 2058 1744 contemplativa
2080 1695 2297 1729 omnem
2329 1680 2491 1746 hujus
2515 1696 2591 1732 se-

1517 1746 1621 1795 culi
1664 1748 1870 1812 spernit
1927 1749 2122 1800 habere
2172 1753 2587 1816 possessionem.

1517 1816 1728 1868 Sufficit
1761 1818 1815 1868 ei
1843 1820 1907 1868 ad
1936 1821 2098 1885 pedes
2125 1821 2343 1871 Domini
2384 1824 2588 1884 sedere,

1516 1899 1569 1938 et
1614 1890 1838 1941 verbum
1886 1891 1982 1940 Dei
2028 1907 2241 1958 semper
2286 1894 2488 1955 audire,
2526 1908 2588 1945 ac

1517 1971 1752 2011 mentem
1781 1962 1962 2027 potius
1989 1978 2154 2028 quam
2193 1974 2435 2014 ventrem
2480 1980 2590 2015 nu-

1515 2033 1661 2084 trire.
1708 2034 1916 2084 Sufficit
1962 2035 2031 2096 ei,
2079 2036 2298 2086 remotis
2332 2037 2590 2088 omnibus

1516 2104 1658 2155 curis
1691 2117 1745 2157 et
1782 2107 2255 2169 sollicitudinibus,
2284 2108 2502 2158 lectioni
2537 2120 2591 2160 et

1516 2177 1746 2228 orationi
1774 2178 1990 2230 assidue
2015 2178 2280 2241 insistere,
2312 2189 2364 2231 et
2399 2179 2457 2230 in
2486 2181 2587 2233 Dei

1515 2249 1964 2315 contemplatione
1999 2266 2201 2311 vacare,
2235 2252 2420 2302 crebra
2443 2267 2587 2318 quo-

1515 2336 1622 2386 que
1645 2320 2000 2387 lacrymarum
2032 2324 2465 2387 compunctione,
2488 2339 2587 2390 pro

1516 2400 1853 2453 peccatorum
1908 2392 2228 2442 remissione
2267 2403 2322 2443 et
2372 2404 2588 2445 aeternae

1513 2461 1637 2511 vitae
1683 2463 2020 2527 susceptione
2056 2463 2370 2514 dulcissime
2413 2464 2590 2531 suspi-

1514 2548 1647 2583 rare.
1677 2534 1836 2584 Tales
1864 2534 2012 2584 enim
2038 2536 2314 2600 Prophetae
2335 2536 2585 2599 fuerunt;

1513 2603 1643 2652 tales
1693 2611 1746 2652 et
1791 2604 2068 2668 Apostoli3
2134 2606 2270 2654 tales
2313 2615 2368 2655 et
2425 2606 2586 2657 multi

1511 2673 1622 2733 alii,
1671 2667 1860 2725 bmnia
1900 2676 2281 2741 relinquenteS,
2312 2678 2584 2729 mundum

1509 2744 1793 2809 fugientes,
1845 2761 1905 2795 ac
1946 2746 2182 2796 Domino
2226 2747 2583 2810 adhaerentes,

1511 2821 1761 2881 tanquam
1818 2818 1950 2867 nihil
1996 2818 2246 2869 habentes
2290 2826 2343 2869 et
2404 2819 2587 2872 omnia

1502 2888 1857 2953 possidentes·
1887 2889 2069 2939 Activa
2093 2906 2217 2940 vero
2242 2891 2350 2941 vita
2367 2892 2585 2951 dicitur,

1508 2959 1635 3025 quia
1674 2975 1889 3025 semper
1917 2960 1972 3009 in
1999 2970 2136 3022 actu,
2168 2977 2378 3027 semper
2408 2963 2465 3013 in
2495 2963 2585 3015 fa-

1507 3030 1764 3095 tigatione
1807 3040 1860 3080 et
1902 3030 2084 3080 labore
2127 3041 2225 3094 est,
2275 3044 2326 3083 et
2354 3034 2448 3083 vix
2475 3034 2582 3085 ali—

1507 3100 1723 3165 quando
1753 3100 1808 3149 in
1843 3099 2024 3165 quiete
2062 3111 2234 3165 potest
2263 3117 2396 3153 esse.
2424 3103 2584 3155 Unde

1508 3168 1599 3218 hic
1624 3169 1690 3219 de
1723 3169 1933 3219 Martha
1959 3170 2176 3231 dicitur,
2208 3172 2337 3237 quia
2365 3179 2584 3239 satagu-

1509 3241 1598 3289 bat
1622 3240 1768 3291 circa
1790 3240 2055 3305 frequens
2083 3243 2456 3294 ministerium.
2487 3243 2582 3294 Vi·

1503 3310 1695 3360 demus
1749 3311 1896 3361 enim
1959 3313 2165 3362 multos
2221 3313 2583 3364 Ecclesiarum

1505 3383 1823 3450 praepositos
1862 3394 1915 3435 et
1941 3384 2239 3446 ministros,
2283 3402 2343 3435 ac
2373 3388 2584 3439 multoe

1502 3456 1636 3506 alios
1679 3456 1909 3507 sollicite
1949 3456 2265 3518 discurrere,
2313 3458 2581 3521 laborate,

1501 3538 1741 3588 aestuare,
1771 3536 1823 3577 et
1847 3527 2039 3578 multis
2061 3528 2239 3578 modis
2265 3527 2495 3579 fratrum
2522 3541 2581 3581 et

1502 3597 1871 3663 proximorum
1902 3598 2323 3657 necessitatibus,
2362 3608 2415 3648 et
2462 3599 2579 3649 mi-

1497 3668 1800 3719 sericordiae
1865 3669 2121 3734 operibus
2177 3669 2463 3731 insudare,
2507 3680 2576 3721 ut

1498 3756 1591 3792 eos
1663 3757 1881 3808 quoque
1931 3758 2041 3792 non
2087 3742 2362 3802 immerito
2417 3743 2575 3794 circa

1484 3811 1749 3879 frequens
1784 3814 2135 3864 ministerium
2178 3820 2437 3879 satagere
2476 3814 2572 3864 di-

1497 3898 1698 3934 camus.
1728 3884 1795 3934 Et
1839 3883 1961 3933 ideo
2003 3883 2171 3933 Maria
2219 3885 2384 3943 sedet,
2433 3883 2572 3950 quin

1495 3953 1925 4021 contemplativa,
1962 3953 2161 4021 pacatis
2187 3953 2446 4005 vitiorum
2468 3963 2569 4007 tu·-
