2757 4413
426 316 528 369 532

422 428 792 483 et'Pharisaeos
811 443 826 477 :
848 441 965 477 non
998 425 1145 476 enim
1172 434 1280 476 erat
1303 434 1487 475 mate-

421 503 502 554 ria
559 499 865 560 alacritatis,
921 497 1014 549 sed
1071 497 1330 564 gemitus;
1389 498 1482 548 sed

420 576 548 642 quia
589 573 736 641 quod
772 572 1037 638 sapientes
1067 586 1176 620 non
1207 579 1482 631 noverant,

418 648 654 699 humiles
689 652 996 696 noverunt:
1015 661 1044 691 ιι
1076 642 1191 693 haec
1218 643 1485 709 Chr-rsus-

420 724 610 770 tomuS.
647 716 921 797 Accipitur
973 729 1099 795 ergo
1136 713 1229 764 hic
1267 713 1484 764 confes-

416 788 518 870 sio,
542 803 640 854 pro
673 786 964 854 gratiarum
992 784 1201 835 actione
1228 793 1283 835 et
1306 783 1481 847 laude,

414 859 561 927 quia,
589 867 652 908 ut
685 856 816 906 dicit
850 855 1242 935 HieronymuS,
1272 853 1485 905 confes—

415 930 498 980 sio
534 944 644 979 non
687 940 899 991 semper
936 923 1334 1007 poenitentiam,
1387 923 1482 974 sed

414 1011 468 1052 et
526 997 816 1066 gratiarum
874 996 1140 1047 actionem
1197 994 1481 1062 significat.

413 1071 571 1124 Unde
605 1081 658 1122 et
685 1069 1075 1136 Augustinus·
1054 1107 1071 1120 .
1104 1086 1132 1116 α
1166 1067 1289 1119 Νοιι
1312 1067 1485 1118 solius

414 1151 496 1192 est
547 1140 810 1191 confessio
838 1139 1169 1206 peccatoris,
1229 1139 1321 1189 sed
1372 1137 1484 1188 ‘ali-

414 1211 632 1278 quando
676 1210 837 1261 etiam
888 1209 1195 1260 laudatoris.
1241 1207 1485 1260 Confite-

414 1298 540 1333 mur
561 1297 689 1348 ergo
713 1281 826 1333 sive
847 1281 1130 1332 laudantes
1157 1281 1352 1344 Deum,
1372 1279 1485 1330 sive

412 1361 720 1404 accusantes
743 1351 1141 1418 nosmetipsos.
1122 1366 1143 1378 ·
1162 1368 1199 1399 τι
1220 1350 1338 1400 haec
1360 1350 1487 1401 Au·-

412 1423 685 1490 gastins,

582 1492 701 1543 Cen
772 1506 1008 1543 mavum
1074 1505 1340 1552 caenum,
1372 1505 1489 1541 sa-

414 1579 631 1616 murts
664 1579 810 1615 veno
852 1578 960 1614 ιιοιι
998 1562 1278 1614 ειιιιιιιιιιτί
1310 1590 1377 1602 -
1411 1562 1489 1614 Ετ

411 1637 490 1690 sic
556 1646 700 1703 patet
757 1636 904 1704 quod
979 1650 1137 1687 causa
1208 1651 1275 1687 et
1338 1646 1489 1702 parte

422 1709 755 1761 credentium
815 1708 919 1759 fuit
965 1723 1155 1759 eorum
1210 1708 1490 1760 humilitas

415 1796 538 1848 quae
572 1782 640 1830 ad
671 1779 989 1847 sapientiam
1017 1779 1303 1846 disposuit,
1340 1780 1491 1847 quia,

407 1860 473 1902 ut
536 1850 736 1901 dicitur
816 1849 876 1899 in
938 1849 1239 1901 Proverbiis
1299 1865 1314 1900 ι
1387 1851 1492 1905 Ubi

407 1929 582 1974 autem
618 1929 701 1972 est
738 1921 1038 1986 humilium,
1081 1921 1156 1972 ibi
1192 1921 1479 1988 sapientia.

406 1991 480 2045 Et
501 2030 515 2054 ,
562 2002 625 2043 ut
667 1992 801 2044 dicit
854 1990 1189 2043 Ptolomaeus
1237 1992 1491 2058 philoso-

413 2066 558 2133 phus
607 2083 623 2117 ι
677 2085 707 2114 ιι
761 2064 867 2125 Qui
911 2065 1050 2115 inter
1092 2064 1361 2131 sapientes
1410 2076 1492 2118 est

418 2136 714 2203 humilior,
759 2136 901 2188 inter
941 2135 1211 2202 sapientes
1259 2146 1341 2188 est
1397 2152 1504 2204 sa-¹

413 2208 669 2276 pientior.
707 2227 736 2257 ι)
788 2208 879 2260 Ex
930 2217 1089 2275 parte
1134 2216 1318 2259 ‘autem
1377 2225 1490 2259 non

414 2281 755 2333 credentium
806 2279 912 2331 fuit
985 2295 1175 2331 eorum
1238 2281 1490 2347 superbia

413 2369 536 2421 quae
569 2362 650 2404 est
695 2353 1001 2404 intellectus
1028 2352 1354 2404 excaecativa.
1370 2353 1489 2404 *Sed

411 2441 477 2478 ex
504 2436 652 2492 parte
682 2424 779 2476 Dei
813 2439 968 2476 causa
992 2424 1220 2492 simplex
1239 2427 1489 2477 voluntas

412 2498 612 2560 divina,
646 2507 699 2548 et
726 2498 831 2549 hoc
854 2508 936 2549 est
966 2499 1113 2565 quod
1136 2499 1355 2549 subdit:
1378 2499 1487 2564 Ita,

411 2571 600 2634 Pater,
624 2569 825 2620 factum
849 2578 948 2631 est,
981 2569 1231 2635 quoniam
1262 2571 1342 2622 sic
1358 2570 1490 2637 pla-

412 2640 575 2691 citum
607 2647 690 2691 est
709 2647 833 2691 ante
865 2646 933 2703 te,
965 2639 1021 2689 id
1043 2649 1124 2690 est
1150 2639 1250 2689 tibi
1278 2639 1336 2690 in
1355 2656 1489 2690 con-

414 2717 601 2775 spectu
627 2718 742 2772 tuo,
763 2717 887 2759 ante
925 2722 1090 2774 quem
1118 2707 1322 2760 scilicet
1349 2708 1489 2760 nihil

413 2778 675 2843 iniustum
721 2787 902 2845 potest
976 2778 1203 2844 placere.
1270 2779 1488 2830 Nullam

409 2863 538 2899 vero
566 2849 727 2900 aliam
771 2848 1038 2910 rationem
1072 2849 1293 2901 reddere
1316 2849 1492 2902 voluit

410 2919 605 2984 Filius,
643 2920 773 2986 quia
820 2920 975 2971 Pater
1005 2920 1129 2971 illos
1169 2921 1491 2988 reprobave-

412 2988 487 3040 rit
512 2999 565 3040 et
590 2989 692 3040 hos
720 2989 957 3056 elegerit,
981 2989 1087 3041 nisi
1119 2992 1297 3043 solum
1320 2991 1491 3044 bene-

414 3059 670 3125 placitum
715 3059 887 3126 ipsius
945 3059 1139 3125 Patris3
1191 3061 1248 3112 in
1301 3077 1492 3113 exem-

415 3128 587 3194 plum,
621 3145 691 3181 ne
732 3140 932 3183 secreta
954 3131 1060 3182 Dei
1102 3131 1489 3199 discutiamus,

416 3207 470 3249 et
511 3199 569 3249 in
610 3199 985 3252 confusionem
1024 3200 1249 3254 illorum
1286 3204 1384 3271 qui
1424 3206 1521 3270 tle,

415 3269 634 3322 secretis
661 3270 759 3322 Dei
784 3272 991 3323 volunt
1035 3288 1280 3340 quaerere
1321 3274 1492 3325 tatio-

416 3357 562 3395 nem.
588 3343 753 3395 Unde
794 3341 1150 3411 Gregorius.-
1178 3364 1207 3394 α
1240 3346 1346 3397 His
1373 3346 1493 3398 Do-

415 3412 554 3465 mini
616 3415 798 3467 verbis
857 3417 1133 3484 exempla
1162 3417 1491 3471 humili-tatis

416 3486 729 3555 accipimus,
767 3505 836 3541 ne
856 3500 1070 3542 temere
1098 3490 1364 3544 discutere
1388 3507 1490 3544 su-

415 3573 583 3625 perna
600 3560 833 3613 consilia
850 3561 918 3611 'de
940 3561 1174 3613 aliorum
1193 3563 1489 3626 vocatione,

415 3627 731 3682 aliorumve.
736 3630 1049 3698 repulsione
1066 3646 1486 3699 praesumamus.

417 3701 554 3753 Cum
594 3701 747 3754 enim
791 3703 1139 3770 praemisisset
1177 3714 1488 3774 utrumque,

419 3785 529 3822 non
573 3788 701 3825 mox
748 3773 1014 3826 rationem
1074 3774 1347 3841 reddidit3
1395 3776 1491 3828 sed

420 3840 501 3893 sic
516 3842 646 3896 Deo
680 3845 945 3911 ,placitum
974 3843 1136 3908 dixit,
1185 3845 1290 3898 hoc
1332 3847 1491 3899 vide-

419 3909 545 3963 licet
566 3912 862 3969 intendens
893 3915 1039 3984 quod
1073 3914 1331 3982 iniustum
1369 3933 1490 3972 esse

1047 309 1286 362 PRIMAE
1315 305 1567 360 Plutus
1589 306 1833 358 CAPUT
1874 305 2052 358 LVIII.

1593 439 1705 475 non
1749 432 1926 505 potest
1973 422 2120 491 quod
2162 420 2362 489 placuit
2399 421 2565 485 justo.
2599 421 2663 472 In

1590 494 1799 546 cunctis
1848 508 1974 560 ergo
2020 507 2143 560 quae
2186 490 2419 543 exterius
2462 507 2495 542 a
2544 491 2666 542 Dm

1590 566 1968 632 disponuntur,
2009 573 2191 631 aperta
2228 578 2388 614 causa
2430 562 2668 614 rationi

1587 648 1684 699 est,
1704 639 1907 689 occulta
1920 635 2124 703 judicia
2132 633 2437 687 voluntatis.
2454 654 2482 681 n
2498 635 2666 686 Unde

1586 718 1639 759 et
1676 706 2133 776 Chrysostomus.
2122 724 2137 737 ·
2165 724 2194 754 «x
2231 706 2353 756 Non
2387 705 2520 755 dicit
2551 719 2666 772 qm

1589 783 1796 833 ratione
1835 780 1921 832 sic
1959 780 2008 831 ei
2050 779 2265 846 placuit,
2298 779 2393 829 sed
2442 787 2663 829 tanturn

1591 853 1786 919 gratias
1812 852 1925 919 agit
1949 851 2089 902 Patri
2116 851 2244 918 quia
2261 849 2341 900 sic
2358 850 2409 900 ei
2425 850 2664 917 placuit.

1592 922 1680 973 Sic
1703 932 1765 973 et
1791 932 1853 973 tu
1884 937 2161 989 nunquam
2184 918 2440 971 discutias
2473 919 2667 970 consi-

1587 993 1661 1043 lia
1692 992 1835 1044 Dei
1822 1008 1881 1043 ιιι
1908 992 2161 1075 operibus
2194 991 2340 1057 ejus,
2370 990 2502 1057 quid
2531 990 2667 1042 fem

1589 1074 1683 1117 aut
1718 1079 1827 1132 qua
1850 1064 2059 1116 ratione
2089 1064 2243 1126 fecit;
2283 1064 2378 1113 sed
2405 1078 2668 1128 quom-

1592 1150 1702 1203 que
1743 1136 1909 1186 modo
1950 1149 2067 1186 rem
2099 1148 2259 1185 suam
2289 1133 2464 1184 voluit
2503 1133 2666 1197 ordi-

1590 1225 1733 1272 nare,
1758 1208 1956 1276 gratias
1970 1208 2020 1260 ei
2043 1222 2169 1275 agas
2197 1224 2213 1257 ε
2242 1205 2438 1257 sufficit
2459 1205 2563 1256 tibi
2593 1207 2666 1257 ad

1589 1280 1968 1331 testimonium
2004 1279 2122 1346 ipsa
2164 1277 2263 1328 Dei
2294 1286 2501 1338 natura,
2530 1276 2666 1344 quia

1593 1352 1739 1403 Deus
1773 1352 1897 1402 sine
1945 1352 2152 1402 ratione
2200 1358 2254 1401 et
2294 1351 2411 1401 sine
2453 1349 2665 1416 justitia

1589 1424 1729 1475 nihil
1751 1423 1908 1475 facit.
1938 1425 2061 1475 Non
2084 1423 2231 1475 enim
2265 1423 2332 1473 ad
2359 1423 2662 1473 discussio·

1591 1513 1717 1549 nem
1743 1512 1906 1548 *suam
1922 1533 1938 1562 ,
1973 1498 2066 1548 sed
2109 1498 2178 1547 ad
2203 1497 2467 1547 honorem
2494 1510 2662 1547 suum

1592 1567 1788 1620 creavit
1834 1576 1915 1631 τες
1963 1583 2075 1618 nec
2110 1566 2343 1633 judicem
2388 1574 2442 1616 te
2477 1567 2664 1617 ¹voluit

1592 1654 1707 1692 esse
1743 1648 1964 1689 actuum
2007 1652 2255 1699 suorum,
2306 1637 2401 1687 sed
2437 1651 2659 1688 ser-mm

1590 1719 1994 1778 ptaeceptorum.
2005 1710 2148 1760 Boni
2165 1708 2315 1760 enim
2332 1708 2556 1759 Domini
2579 1718 2663 1760 est

1593 1780 1780 1831 omnia
1816 1779 2094 1846 providere
2125 1794 2247 1845 quae
2272 1779 2339 1829 ad
2368 1778 2661 1828 utilitatem

1594 1850 1865 1917 pertinent
1909 1850 2079 1914 ser-vi3
2127 1849 2258 1900 ‘boni
2300 1859 2484 1899 autem
2516 1848 2660 1900 servi

1592 1934 1675 1975 est
1701 1923 1933 1975 fideliter
1953 1924 2161 1990 operari
2191 1933 2245 1974 et
2263 1936 2375 1973 non
2397 1922 2665 1974 discutere

1595 1996 1819 2048 Domini
1853 1995 1940 2047 sui
1966 2006 2161 2047 actusz
2180 2013 2214 2043 u
2245 1995 2362 2046 haec
2394 1995 2666 2062 Chr-ywe-

1592 2075 1783 2121 tomus.
1861 2068 2017 2120 Unde
2069 2077 2142 2119 ·et
2217 2067 2564 2134 Augustinus
2642 2083 2664 2118 τ

1595 2160 1620 2187 α
1651 2140 1830 2201 Quare
1871 2137 2027 2189 illum
2052 2137 2220 2189 trahit
2256 2147 2308 2188 et
2349 2136 2508 2187 illum
2550 2152 2664 2187 m

1591 2211 1775 2276 trahit,
1809 2209 1929 2262 noli
1967 2212 2102 2262 velle
2128 2209 2437 2275 dijudicare,
2465 2209 2511 2259 si
2545 2224 2663 2259 non

1592 2283 1679 2335 vis
1716 2297 1908 2334 errare.
1937 2300 1970 2330 ι»
2007 2282 2081 2333 Ut
2122 2291 2302 2332 autem
2341 2281 2475 2331 dicit
2510 2279 2666 2332 Pro-

1594 2371 1775 2428 spera·
1812 2373 1841 2403 α
1878 2355 2042 2407 Deus
2050 2354 2388 2405 resistentem
2417 2369 2529 2403 non
2552 2362 2666 2404 tm-

1596 2428 1708 2490 hit,
1774 2426 2115 2493 invitumque
2179 2441 2292 2477 non
2340 2424 2664 2491 compellit,

1597 2498 1690 2550 sed
1741 2513 1810 2550 ex
1859 2497 2079 2558 invito,
2151 2498 2428 2548 volentem
2496 2495 2662 2556 facit,

1593 2579 1647 2621 et
1701 2568 2078 2620 infidelitatem
2131 2567 2431 2619 resistentis
2503 2566 2668 2617 incli-

1593 2648 1690 2691 nat
1707 2676 1723 2704 ,
1785 2648 1848 2690 ut
1911 2653 2002 2689 cor
2063 2637 2333 2689 audientis
2389 2637 2665 2688 obedienti

1596 2711 1656 2760 in
1701 2724 1761 2761 se
1800 2708 2153 2760 delectatione
2200 2708 2380 2776 genita
2420 2708 2498 2758 ibi
2535 2722 2668 2759 sur·—

1595 2789 1705 2848 gat‚
1754 2779 1851 2831 ubi
1903 2779 2284 2847 ‘premebatur3
2367 2777 2495 2829 inde
2557 2792 2666 2829 ιιι.-

1594 2851 1676 2913 lit,
1705 2851 1803 2901 ubi
1833 2851 2062 2902 nolebat
2093 2866 2112 2901 t
2156 2867 2186 2898 n
2236 2850 2356 2901 hec
2398 2849 2663 2915 Prosper.

1596 2922 1663 2973 Et
1689 2922 1814 2973 licet
1852 2922 1913 2973 in
1957 2921 2172 2988 speciali
2205 2936 2329 2971 non
2366 2920 2539 2987 possit
2572 2933 2667 2970 an·-

1599 2993 1803 3059 signari
1829 2991 1968 3044 ratio
1991 3007 2161 3060 quare
2200 2993 2359 3044 illum
2406 2992 2583 3057 eligat,
2610 3001 2666 3042 et

1596 3064 1759 3115 illum
1785 3064 2070 3127 “dimitmt3
2114 3063 2222 3115 nisi
2274 3064 2388 3129 eius
2432 3062 2667 3128 simplex

1601 3135 1879 3198 voluntem
1919 3134 2082 3200 quod
2114 3142 2312 3184 tamen
2349 3132 2520 3199 aliqui
2547 3131 2668 3182 sint

1594 3203 1774 3266 electi,
1815 3214 1881 3255 et
1944 3202 2114 3271 aliqui
2169 3202 2467 3284 reprobati.
2525 3201 2668 3252 bens

1597 3285 1773 3342 potest
1803 3273 2079 3341 assignari
2132 3288 2290 3325 causa
2334 3274 2392 3323 in
2433 3286 2667 3339 genera-

1593 3345 1655 3408 li,
1679 3355 1922 3413 exparte
1946 3345 2065 3405 Dei,
2081 3354 2156 3396 ut
2185 3344 2266 3395 in
2280 3342 2463 3395 electis
2489 3356 2667 3409 appa-

1593 3426 1708 3467 reat
1778 3415 1877 3467 Dei
1955 3413 2353 3475 misericordia,
2409 3412 2469 3462 in
2539 3411 2666 3464 aliis

1594 3496 1778 3538 autem
1817 3486 1932 3552 ejus
1961 3485 2212 3551 justi-tia3
2249 3483 2379 3551 quia
2412 3482 2556 3533 sicut
2593 3481 2665 3532 ad

1593 3557 1824 3624 gloriam
1861 3556 2114 3623 regiset
2106 3556 2360 3606 ‘decorem
2389 3551 2477 3604 sui
2503 3551 2663 3618 regni

1593 3645 1707 3681 non
1761 3629 1941 3681 solum
1983 3628 2224 3695 perti-net
2264 3627 2405 3688 aula,
2439 3625 2507 3676 in
2541 3636 2665 3693 qia

1593 3702 1798 3755 strenui
1853 3700 2062 3758 milites
2120 3701 2491 3760 honorantur,
2563 3698 2663 3749 sed

1593 3773 1755 3825 etiam
1773 3772 2106 3841 patibulum
2091 3788 2149 3822 ιιι
2164 3785 2273 3839 quo
2279 3769 2663 3821 malefactores

1592 3845 1917 3911 puniuntur3
1956 3844 2035 3895 sic
2061 3843 2131 3894 ad
2157 3841 2391 3910 gloriam
2418 3840 2519 3892 Dei
2543 3855 2660 3891 nen

1591 3919 1770 3971 solum
1791 3918 2023 3987 pertinet
2045 3915 2342 3985 praemiatio
2359 3914 2658 3980 bonorum,
