2757 4413
425 296 520 346 DE
554 294 842 345 ARBORE
869 293 1370 345 INFRUCTUOSA
1402 294 1497 344 ET
1531 293 1845 345 MULIERE
1876 295 2229 346 CURVATA.

205 412 339 461 dum
363 421 443 461 est
466 410 671 468 multis,
693 426 757 460 ne
778 409 878 459 ista
895 418 1014 459 vota
1037 408 1269 458 inveniat

205 481 370 531 fracta
414 483 500 530 vel
553 481 692 530 male
725 480 1029 548 ⁴observata.
1083 479 1270 529 Cultor

206 552 368 602 etiam
401 552 565 617 hujus
593 545 762 602 vineae
795 560 967 616 potest
994 549 1108 614 ipsa
1136 549 1269 598 ratio

206 638 342 682 esse,
389 638 511 687 quae
542 623 697 671 debet
742 621 923 671 fodere
960 619 1098 670 circa
1134 635 1268 668 con-

207 692 489 744 scientiam
518 708 689 751 suam,
711 693 767 742 in
797 691 1037 742 faciendo
1062 690 1265 753 foveam

208 763 534 814 humilitatis
575 773 626 812 et
657 764 827 828 ipsam
861 763 1159 826 evacuando
1204 762 1270 810 ab

209 835 358 884 omni
384 833 621 899 appetitu
651 834 842 883 mundi
871 833 1034 897 hujus
1058 849 1072 881 ι
1099 842 1150 881 et
1179 832 1272 881 de-

210 909 296 958 bet
347 909 562 957 mittere
610 908 749 957 circa
807 907 955 956 illam
1012 916 1270 968 stercora,

210 980 594 1030 considerando
645 980 802 1043 hujus
850 979 1041 1029 mundi
1091 977 1271 1026 mise-

210 1054 363 1116 riam,
395 1053 524 1122 quia
548 1053 731 1103 omnia
762 1053 1045 1115 mundana,
1077 1067 1271 1102 secun-

128 1193 132 1197 ·
213 1125 341 1173 dum
366 1125 707 1188 Apostolum,
734 1140 841 1173 non
867 1133 993 1173 sunt
1020 1122 1122 1172 nisi
1147 1130 1273 1172 ster-

214 1210 367 1256 cora;
426 1205 478 1243 et
530 1194 757 1244 istorum
813 1193 1165 1244 consideratio
1223 1201 1273 1242 et

212 1267 376 1317 fossio
415 1267 670 1332 praedicta
701 1267 903 1317 faciunt
943 1267 1104 1316 ficum
1140 1281 1272 1315 con-

214 1338 447 1389 scientiae
474 1338 712 1404 religiosi
740 1336 1074 1388 fructificare.
1098 1337 1170 1386 Et
1192 1336 1276 1385 be-

215 1425 279 1459 ne
307 1425 403 1474 per
434 1409 678 1458 arborem
720 1407 804 1458 fici
842 1407 1160 1473 intelligitur
1186 1420 1275 1455 re-

216 1480 360 1545 ligio.
411 1479 613 1538 Prim0,
660 1480 786 1544 quia
822 1478 962 1528 sicut
998 1477 1133 1527 ficus
1175 1477 1275 1526 sub

217 1570 322 1604 uno
345 1553 543 1603 cortice
563 1553 733 1602 multa
759 1568 919 1617 grana
947 1552 1187 1601 continet
1219 1550 1273 1599 in

219 1627 447 1693 quadam
488 1625 793 1686 dulcedine;
832 1625 905 1674 ita
945 1624 1133 1690 religio
1176 1624 1275 1674 sub

216 1714 322 1747 uno
350 1697 517 1745 modo
546 1695 780 1754 vivendi,
814 1705 865 1744 et
902 1694 1004 1744 sub
1049 1710 1157 1744 una
1189 1710 1275 1744 re-

216 1767 353 1833 gula,
403 1766 607 1816 multos
651 1765 810 1815 habet
850 1764 1101 1815 homines
1144 1781 1276 1815 con-

217 1840 445 1890 corditer
506 1840 761 1889 viventes.
818 1839 1094 1896 Secund0‚
1153 1838 1278 1904 quia

219 1911 340 1960 folia
380 1909 517 1959 ficus
559 1910 760 1959 habent
812 1909 963 1974 quasi
1017 1908 1279 1958 similitu-
1352 1909 1361 1917 “

221 1981 400 2030 dinem
443 1995 639 2029 manus
682 1979 963 2042 humanae3
1008 1979 1084 2029 sic
1122 1979 1280 2029 verba

220 2052 617 2118 religiosorum,
653 2066 773 2117 quae
804 2068 897 2117 per
936 2051 1063 2102 folia
1106 2051 1280 2116 signi-

219 2125 465 2185 ficantur,
509 2124 701 2173 debent
742 2123 991 2189 operibus
1032 2125 1282 2189 adaequa·-

220 2196 283 2258 ri,
335 2206 398 2246 ut
450 2194 718 2261 quidquid
759 2193 964 2255 dicunt,
1019 2193 1151 2244 illud
1203 2193 1283 2243 fa·-

220 2269 376 2318 ciant.
414 2266 623 2326 Terti0,
653 2265 779 2331 quia
801 2266 938 2315 tauri
966 2265 1279 2316 ferocissimi

221 2340 470 2389 dicuntur
495 2353 883 2397 mansuescere,
912 2339 1129 2403 quando
1158 2337 1280 2388 ficui

220 2410 535 2475 alligantur3
572 2408 647 2458 sic
674 2409 893 2473 juvenes
921 2409 1210 2458 insolentes
1234 2418 1285 2458 et

221 2480 470 2531 dissoluti
518 2490 919 2539 mansuescunt,
976 2490 1028 2530 et
1082 2479 1285 2530 Christi

223 2555 343 2620 jugo
379 2552 666 2602 humiliter
700 2551 1076 2617 subjiciuntur,
1109 2568 1285 2618 quan-

222 2626 288 2675 do
316 2624 644 2689 religionem
691 2623 1083 2689 ingrediuntur,
1117 2633 1169 2673 et
1196 2639 1285 2674 ce-

226 2694 489 2745 remoniis
544 2693 768 2744 Ordinis
822 2694 1127 2759 alligantur.
1184 2694 1285 2743 Sed

226 2778 347 2817 nota
376 2763 613 2831 quod-in
639 2764 865 2814 Jeremia
886 2765 1117 2815 dicitur:
1146 2765 1289 2827 Quid

227 2843 275 2887 tu
323 2836 505 2895 vides,
553 2834 840 2885 Jeremia?
883 2836 1049 2885 Ficus
1095 2836 1283 2898 ὸοηας,

226 2910 389 2961 bonas
416 2907 577 2958 valde
586 2925 606 2970 ,·
633 2914 683 2957 et
718 2906 853 2957 ficus
884 2907 1075 2969 malem,
1115 2908 1289 2958 malas

227 2981 400 3043 valde,
448 2979 577 3044 quia
620 2979 835 3044 quando
880 2978 1165 3044 religiosus
1211 2991 1289 3030 est

228 3052 421 3110 bonus,
459 3066 570 3099 non
598 3059 678 3099 est
705 3049 898 3099 melior
923 3066 1015 3115 e0;
1040 3062 1092 3101 et
1116 3067 1289 3117 quan-

228 3123 291 3172 do
333 3132 415 3172 est
468 3122 661 3179 malus,
712 3137 820 3170 non
878 3130 957 3171 est
1007 3122 1160 3187 pejor
1207 3137 1288 3172 e0.

231 3194 383 3244 Unde
435 3192 782 3258 Augustinus
824 3211 840 3243 .·
890 3211 917 3238 «
966 3193 1293 3260 Simpliciter

229 3265 394 3318 fateor
455 3280 519 3315 ex
566 3281 675 3331 quo
722 3265 833 3316 Deo
883 3266 1079 3317 servire
1126 3267 1290 3333 coepi,

232 3338 492 3404 quoniam
512 3336 652 3386 sicut
670 3336 885 3386 difficile
904 3348 1151 3403 expertus
1170 3354 1291 3388 sum

233 3408 502 3466 melioreS,
533 3422 698 3469 quam
725 3406 818 3473 qui
858 3406 914 3456 in
954 3407 1295 3458 monasteriis

233 3479 596 3546 profecerunt3
628 3477 705 3528 sic
751 3494 861 3528 non
889 3494 1012 3528 sum
1048 3490 1296 3544 expertus

233 3554 454 3620 pejoreS,
496 3567 660 3617 quam
701 3552 794 3618 qui
840 3550 898 3601 in
952 3551 1031 3602 eis
1086 3551 1296 3602 defece-

237 3635 376 3675 runt.
408 3644 437 3672 >³

300 3695 326 3746 5
356 3696 502 3755 Qum
533 3709 617 3743 su·
640 3709 849 3743 remum
876 3708 1189 3743 murari-ER
1212 3709 1300 3743 oc-

239 3767 470 3823 cumne?
512 3794 574 3804 —
622 3767 889 3818 Docemur
927 3782 1053 3833 ergo
1109 3766 1197 3817 hic
1248 3776 1300 3816 et

229 3853 543 3900 monemur,
590 3846 650 3886 ut
703 3852 810 3886 non
850 3836 1023 3887 simus
1072 3836 1298 3897 sterileS,

243 3908 378 3962 sicut
415 3910 575 3961 arbor
615 3908 964 3970 infructuosa,
1012 3919 1064 3959 et
1104 3918 1299 3960 terram

2329 311 2434 363 719

1376 408 1640 458 inutiliter
1665 425 1774 458 non
1812 424 2162 474 occupemus3
2209 424 2276 459 ne
2317 410 2435 460 sine

1374 480 1551 529 fructu
1606 480 1874 530 bonorum
1934 496 2157 546 operum
2217 481 2433 540 inventi,

1376 552 1726 611 succidamur‚
1758 564 1809 602 et
1837 552 1895 602 in
1924 553 2104 619 ignem
2135 553 2433 603 mittamur.

1378 625 1535 686 Quia,
1572 636 1630 676 ut
1659 627 1733 676 ait
1763 628 2095 688 Bernardu3‚
2126 627 2301 677 arbori
2344 628 2433 677 in-

1376 697 1660 748 fructuosae
1689 698 1797 754 duo
1838 699 2116 761 debentur,
2148 699 2348 749 securis
2385 709 2437 749 et

1376 767 1535 833 ignis.
1569 770 1743 818 Potest
1769 780 1946 818 autem
1977 784 2071 834 per
2098 778 2292 819 terram
2323 779 2436 819 ste-

1377 838 1463 887 rili
1503 838 1605 887 ficu
1649 850 1957 904 occupatam
1996 840 2234 897 Ecclesia
2269 839 2437 905 signi-

1377 911 1548 972 ficari,
1599 928 1718 976 quae
1782 913 1940 962 noxia
1993 914 2332 979 praelatorum
2383 923 2435 963 et

1378 985 1788 1050 praepositorum
1826 986 2017 1035 umbra
2054 987 2333 1052 premitur,
2373 1002 2438 1036 ne

1378 1057 1562 1105 lumen
1594 1056 1829 1106 veritatis
1862 1057 2052 1117 videat,
2092 1067 2143 1107 et
2181 1057 2438 1123 exemplis

1378 1142 1566 1177 eorum
1609 1127 1916 1192 impeditur,
1950 1144 2016 1178 ne
2050 1129 2161 1178 sole
2197 1128 2440 1178 dilectio-

1382 1199 1466 1248 nis
1505 1199 1599 1248 Dei
1650 1200 1891 1261 calescat3
1939 1200 2004 1248 de
2052 1199 2252 1264 quibus
2303 1201 2438 1250 bene

1380 1270 1484 1320 dici
1524 1281 1697 1336 potest
1735 1287 1748 1320 z
1803 1271 1895 1320 Vae
1924 1270 2089 1332 vobiS,
2139 1271 2347 1321 Scribae
2387 1278 2439 1321 et

1383 1341 1670 1402 Pharisaei,
1694 1341 1784 1406 qui
1808 1339 2058 1390 clauditis
2084 1354 2310 1404 regnum
2341 1356 2442 1392 coe-

1383 1413 1554 1464 lorum
1584 1416 1706 1463 ante
1731 1413 1984 1463 homines·
2017 1413 2170 1462 Unde
2210 1415 2442 1464 Ambro-

1383 1484 1496 1534 sius
1538 1502 1556 1533 .·
1601 1502 1627 1529 «
1672 1483 1938 1533 Inutiliter
1988 1493 2179 1532 terram
2220 1495 2444 1549 occupat

1383 1555 1476 1621 qui
1508 1555 1685 1604 locum
1715 1571 1877 1620 quem
1911 1565 2070 1613 tenet,
2112 1555 2269 1604 bonis
2311 1572 2442 1621 ope-

1381 1625 1532 1675 ribus
1562 1641 1672 1675 non
1696 1636 1924 1688 exercet;
1953 1625 2048 1690 qui
2069 1626 2310 1690 exemplo
2332 1642 2444 1691 pra-

1383 1698 1562 1748 vitatis
1600 1698 2049 1763 impedimentum
2093 1708 2307 1763 praestat
2352 1715 2442 1748 ce-

1385 1770 1530 1820 teris,
1569 1789 1596 1816 ³>
1637 1771 1756 1829 Sed,
1801 1780 1861 1819 ut
1899 1770 1972 1820 ait
2008 1771 2382 1838 Hieronymus
2426 1788 2462 1821 :-

1386 1859 1412 1886 (ε
1437 1840 1542 1900 Qui
1572 1839 1765 1890 viderit
1789 1855 1844 1889 se
1869 1839 2281 1890 insufficientem
2311 1856 2443 1898 esse,

1385 1914 1467 1963 vel
1516 1929 1625 1963 non
1672 1913 1924 1978 proficere
1968 1913 2024 1963 in
2071 1914 2186 1963 loco
2236 1914 2291 1963 in
2336 1930 2444 1979 quo

1389 1984 1695 2034 ministrare
1729 1993 1780 2033 et
1820 1984 1940 2033 aliis
1978 1985 2229 2049 prodesse
2265 1985 2444 2043 debet,

1389 2067 1598 2106 tenetur
1637 2057 1837 2115 cedere,
1874 2071 1940 2105 ne
1983 2056 2223 2106 melioris
2270 2058 2446 2106 locum

1389 2135 1625 2191 occupet.
1651 2145 1678 2172 n
1706 2126 1809 2176 Ubi
1837 2136 1888 2175 et
1905 2127 2246 2192 Augustinus
2273 2145 2290 2176 .·
2314 2146 2340 2172 «
2363 2128 2404 2175 N
2413 2127 2449 2176 i-

1391 2196 1468 2247 hil
1514 2205 1592 2246 est
1632 2196 1777 2262 quod
1825 2196 1901 2245 sic
1940 2196 2186 2262 quisque·
2217 2197 2451 2263 cogitare

1390 2268 1596 2326 debeat,
1627 2267 1731 2317 nisi
1768 2278 1826 2317 ut
1855 2268 1911 2317 in
1941 2268 2289 2333 semetipsum
2315 2284 2450 2317 ocu-

1392 2342 1473 2390 los
1513 2350 1797 2400 convertat,
1839 2357 1896 2391 se
1942 2341 2127 2403 discat,
2167 2356 2222 2389 se
2264 2341 2449 2390 discu-

1392 2412 1505 2471 tiat,
1551 2426 1608 2461 se
1654 2422 1871 2477 quaerat,
1909 2422 1960 2461 et
2000 2427 2057 2461 se
2100 2412 2354 2474 inveniat;
2401 2423 2452 2463 et

1393 2485 1537 2551 quod
1573 2483 1834 2548 displicet,
1863 2480 2052 2548 necet,
2079 2485 2224 2549 quod
2261 2485 2446 2549 placet,

1393 2565 1535 2621 aptet
1562 2565 1614 2604 et
1652 2554 1869 2620 plantet.
1906 2555 2043 2604 Cum
2075 2555 2219 2604 enim
2255 2571 2309 2604 se
2347 2555 2452 2605 ho-

1395 2643 1485 2676 rno
1518 2627 1731 2676 inanem
1761 2625 2021 2676 invenerit
2049 2626 2332 2675 meliorum
2366 2627 2456 2677 bo·

1396 2714 1611 2757 norum,
1650 2696 1841 2762 utquid
1885 2707 1963 2746 est
2003 2696 2192 2747 avidus
2223 2697 2455 2747 exterio-

1395 2784 1516 2819 rum
1560 2765 1854 2817 bonorum?
1900 2767 2033 2816 Ecce
2076 2767 2207 2832 quid
2242 2768 2457 2832 prodest

1397 2840 1552 2903 plena
1576 2837 1735 2887 bonis
1765 2851 1898 2892 arca,
1932 2836 1977 2885 si
2008 2836 2186 2886 inanis
2215 2848 2293 2887 est
2321 2854 2455 2887 con-

1396 2909 1649 2962 scientia?
1686 2910 1830 2958 Bona
1872 2908 1954 2958 vis
2001 2909 2213 2972 habere,
2262 2919 2313 2959 et
2355 2910 2456 2959 bo-

1399 2997 1502 3032 nus
1531 2996 1641 3029 non
1676 2979 1758 3029 vis
1786 2978 1932 3029 esse!
1977 2978 2097 3029 Non
2140 2979 2288 3031 vides
2330 2996 2457 3030 eru-

1398 3056 1610 3104 bescere
1650 3060 1703 3100 te
1729 3051 1923 3101 debere
1963 3051 2030 3101 de
2058 3051 2218 3101 bonis
2258 3052 2384 3112 tuiS,
2411 3050 2456 3101 si

1399 3128 1593 3176 domus
1638 3132 1730 3172 tua
1774 3122 1930 3187 plena
1965 3133 2046 3172 est
2095 3123 2265 3183 boniS,
2316 3134 2367 3174 et
2407 3132 2460 3173 te

1399 3198 1559 3247 habet
1584 3194 1816 3245 malum?
1841 3195 1985 3254 Quid
2023 3196 2169 3245 enim
2207 3205 2286 3245 est
2314 3194 2458 3261 quod

1399 3270 1533 3321 velis
1595 3267 1798 3317 malum
1859 3266 2083 3328 habere,
2141 3268 2227 3317 dic
2279 3266 2458 3317 mihi?

1403 3338 1554 3390 Nihil
1598 3337 1842 3387 omnino·
1889 3338 2011 3387 Non
2061 3352 2301 3392 uxorem,
2351 3352 2461 3385 non

1402 3409 1594 3471 filium,
1650 3424 1758 3457 non
1808 3422 2042 3466 servum,
2098 3422 2205 3456 non
2256 3404 2460 3463 villam,

1404 3496 1508 3530 non
1555 3478 1816 3539 tunicam,
1859 3490 2130 3544 postremo
2178 3493 2285 3526 non
2330 3475 2462 3526 cali-

1405 3566 1552 3616 gam;
1605 3561 1659 3602 et
1708 3560 1887 3601 tamen
1931 3550 2012 3600 vis
2060 3548 2254 3598 habere
2296 3546 2462 3596 vitam

1405 3622 1630 3677 malam!
1677 3624 1830 3688 Rogo
1874 3631 1950 3680 te,
2005 3635 2251 3686 praepone
2278 3618 2458 3667 .vitam

1407 3704 1552 3744 tuam
1582 3692 1763 3758 caligae
1795 3702 1921 3745 tuae.
1958 3688 2156 3739 Omnia
2187 3702 2309 3754 quae
2352 3687 2460 3736 cir-

1406 3764 1696 3829 cumjacent
1746 3760 1917 3811 oculis
1961 3764 2066 3809 tuis
2113 3757 2372 3823 elegantia
2414 3766 2466 3807 et

1408 3836 1646 3903 pulchra,
1698 3832 1796 3882 tibi
1850 3843 1967 3881 cara
1999 3838 2146 3890 sunt,
2176 3839 2227 3879 et
2255 3828 2465 3894 tibiipsi

1406 3907 1531 3960 vilis
1570 3921 1644 3966 eS,
1675 3903 1848 3978 foedus
1893 3900 1977 3953 es!
2009 3901 2068 3951 Si
2098 3910 2318 3967 possent
2364 3900 2465 3951 tibi
