2757 4413
408 321 502 371 DE
535 319 1066 371 INCREPATIONE
1094 320 1629 371 PHARISAEORUM
1657 322 1753 373 ET
1782 323 2210 373 LEGISPERIT.

207 437 579 490 Ecclesiastico
614 436 847 487 dicitur:
878 436 1136 488 Miserere
1159 437 1274 486 ani-

208 525 308 561 mae
332 517 441 559 tuae
454 508 682 575 placens
708 508 844 558 Deo.
866 508 1092 557 Nullum
1124 507 1270 558 enim

209 588 345 645 opus
380 578 628 628 hominis
673 578 787 627 Deo
832 578 1035 643 placere
1079 586 1269 642 potest,

212 651 315 702 nisi
373 652 489 717 ipse
544 650 692 715 prius
745 651 962 715 placeat.
1010 650 1160 700 Unde
1215 649 1271 698 in

212 723 409 772 Genesi
453 721 702 787 legimus,
733 721 881 786 quod
930 721 1074 770 Deus
1121 719 1270 785 prius

212 793 445 858 respexit
472 793 539 841 ad
579 792 716 841 Abel
751 806 920 856 quam
940 791 1010 840 ad
1046 805 1270 840 munera

212 878 340 928 erus,
373 864 438 912 Et
466 875 596 913 tunc
637 871 895 944 superest,
927 871 989 912 ut
1014 861 1108 927 qui
1139 876 1269 927 pro—-

212 934 335 1001 priae
353 935 606 995 subvenit
633 934 888 994 miseriae,
915 933 1195 984 subveniat
1217 944 1269 984 et

211 1004 395 1055 alienae
429 1005 608 1054 dando
656 1005 1054 1084 eleemosynam
1080 1018 1268 1069 proce·-

212 1076 424 1126 dentem
448 1091 513 1125 ex
543 1075 652 1125 fide,
697 1085 749 1125 et
800 1074 1048 1137 caritate;
1098 1083 1150 1124 et
1192 1073 1270 1124 sic

211 1163 308 1214 per
339 1147 765 1201 misericordiam
809 1146 896 1197 sui
940 1157 993 1197 et
1035 1146 1267 1212 proximi

209 1219 382 1269 annia
411 1219 610 1268 munda
632 1224 755 1268 sunt
777 1227 832 1268 et
856 1218 1005 1268 nulla
1027 1227 1265 1283 mentem

211 1289 522 1355 inquinant,
566 1298 620 1339 et
658 1289 1001 1339 immundam
1045 1289 1265 1342 faciunt.

208 1360 347 1425 Ergo
381 1361 747 1411 misericordia
781 1369 834 1411 et
875 1360 1096 1411 abolitio
1139 1377 1266 1427 pec-

208 1431 307 1480 cati
347 1431 684 1496 promittitur
737 1431 992 1481 omnibus
1048 1431 1267 1482 miseri-

205 1503 444 1553 cordiam
497 1502 832 1554 facientibus.
890 1503 1048 1563 Quod
1087 1502 1267 1569 itaque

205 1575 297 1625 hic
323 1575 542 1635 dicitur,
578 1576 704 1625 date
744 1575 1155 1642 eleemosynam,
1201 1576 1266 1625 ad

205 1646 391 1697 omnia
418 1661 541 1711 quae
570 1645 690 1695 utili
735 1645 1082 1701 miseratione
1111 1645 1264 1705 fiunt,

205 1717 360 1767 valet.
423 1717 548 1766 Non
606 1716 752 1766 enim
802 1716 980 1766 solum
1026 1714 1120 1782 qui
1176 1717 1266 1766 dat

208 1786 470 1838 esurienti
500 1787 708 1846 cibum,
733 1795 787 1837 et
806 1796 978 1837 cetera
993 1787 1266 1852 hujusmo—

203 1857 284 1919 di;
315 1856 672 1906 verumetiam
715 1865 768 1906 et
805 1857 900 1923 qui
935 1858 1028 1907 dat
1050 1858 1296 1909 veniam-

201 1931 463 1999 peccanti,
492 1941 653 1997 atque
680 1940 796 1982 orat
822 1947 922 1997 pro
948 1948 1037 1996 e03
1069 1942 1121 1983 et
1166 1933 1261 1998 qui

198 2003 439 2069 corripit,
498 2013 549 2053 et
593 2003 695 2053 alia
721 2005 1078 2056 emendatoria
1105 2022 1262 2071 poena

197 2077 403 2142 plectit,
434 2075 830 2142 eleemosynam
872 2079 978 2130 dat.
1008 2080 1161 2130 Unde
1187 2079 1261 2130 ait

197 2148 542 2215 Augustinus
560 2165 579 2197 .·
595 2168 618 2192 ιι
639 2148 830 2198 Facere
865 2149 1258 2217 eleemosynam

195 2230 274 2269 est
302 2220 475 2269 facere
503 2218 945 2270 misericordiam.
992 2222 1047 2270 Si
1095 2221 1259 2271 intel-

193 2292 339 2358 ligis,
369 2307 401 2341 a
451 2301 505 2341 te
549 2290 743 2356 incipe.
774 2292 1061 2352 Quomodo
1111 2293 1256 2342 enim

195 2363 510 2413 misericors
552 2378 611 2412 es
652 2362 821 2423 alteri,
855 2362 900 2413 si
937 2363 1168 2413 crudelis
1202 2380 1258 2415 es

193 2434 318 2484 tibi?
384 2433 527 2483 Audi
556 2432 885 2499 scripturam
930 2434 1193 2483 dicentem
1241 2451 1255 2486 ε

194 2504 464 2554 Miserere
500 2504 696 2553 animae
736 2510 842 2554 tuoe
862 2503 1086 2569 placens
1122 2505 1266 2560 Deoa

195 2575 325 2625 Redi
359 2576 426 2625 ad
456 2575 842 2625 conscientiam
863 2585 1012 2625 tuam
1033 2575 1260 2640 quicun—

191 2660 296 2711 que
343 2646 488 2696 male
546 2656 637 2695 aut
674 2643 960 2695 infideliter
1002 2644 1158 2706 vivis,
1206 2657 1259 2697 et

191 2716 264 2766 ibi
311 2716 561 2767 invenies
589 2716 985 2766 mendicantem
1019 2716 1256 2767 animam

188 2796 356 2848 tuam,
388 2787 632 2837 invenies
656 2798 916 2853 egentem,
948 2803 1254 2854 pauperem,

185 2872 552 2908 aerumnosam
633 2858 875 2909 invenies
895 2897 909 2918 ‚
968 2857 1101 2909 forte
1158 2875 1256 2910 nec

184 2942 454 2996 egentem,
486 2930 579 2980 sed
614 2940 846 2995 egestate
872 2930 1253 2982 obmutescen-

183 3010 323 3063 tem;
359 3000 582 3066 quando
612 3000 881 3051 inveneris
913 3000 1153 3051 animam
1181 3011 1254 3052 ta·

183 3073 290 3122 lem
310 3072 468 3121 intus
495 3070 552 3120 in
576 3071 731 3121 corde
752 3081 862 3132 tue,
889 3072 969 3121 illi
994 3070 1075 3122 fac
1099 3072 1251 3137 prius

182 3145 607 3208 eleemosynam.
638 3144 699 3193 In
728 3143 925 3208 judicio
957 3152 1010 3194 et
1038 3143 1251 3195 caritate

180 3214 259 3264 fac
308 3214 712 3277 eleemosynam
760 3229 881 3262 cum
922 3213 1104 3264 anima
1140 3224 1247 3265 tua.

183 3284 330 3343 Quid
361 3292 449 3333 est
497 3282 790 3347 judicium?
844 3282 1079 3348 Displice
1127 3283 1247 3334 tibi.

183 3354 329 3414 Quid
360 3362 445 3404 est
470 3339 690 3404 caritas}
721 3353 899 3419 Dilige
926 3354 1122 3415 Deum,
1161 3354 1250 3403 di-

180 3425 287 3491 lige
312 3424 648 3491 proximum.
683 3425 831 3474 Hanc
856 3423 1249 3504 eleemosynam

181 3496 231 3546 si
267 3494 661 3562 praetermittis,
705 3493 1053 3561 quantumvis
1081 3510 1247 3557 ames»,

181 3566 323 3616 nihil
363 3566 514 3626 faciS,
563 3567 779 3632 quando
802 3575 983 3616 tecum
1020 3581 1134 3615 non
1164 3565 1250 3616 fa-

184 3638 264 3689 cis
291 3655 305 3688 :
346 3659 372 3684 ιι
405 3639 526 3690 haec
546 3639 904 3705 Augustinus,

241 3725 279 3773 4
322 3710 769 3760 REnAnouuN-'run
807 3710 1074 3758 Pumsm
1114 3723 1249 3757 Pno—

185 3794 322 3831 Fri-:R
352 3797 643 3833 AVARITIA!
681 3795 752 3831 nr
787 3795 1158 3831 cunnum-nn.
1185 3806 1247 3818 --

185 3849 250 3900 Et
276 3852 408 3917 quia
455 3851 715 3902 Pharisaei
746 3866 810 3902 ex
839 3849 1108 3918 hypocrisi
1138 3865 1246 3901 non

188 3922 363 3972 seium
394 3923 711 3988 quaerebant
737 3922 1056 3974 exteriorem
1080 3936 1250 3972 mun-

2302 158 2343 208 X

2328 321 2433 391 693

1380 436 1602 500 ditiam;
1636 439 1728 488 sed
1770 439 1930 489 etiam
1962 448 2303 504 apparentem
2346 439 2436 503 ju-

1381 510 1585 560 stitiam
1633 527 1693 562 ac
1723 512 1957 562 decimas
1983 512 2196 571 dabant,
2228 523 2278 562 et
2306 514 2437 563 elee-

1381 596 1662 646 mosynam
1751 583 2008 632 faciebant
2034 620 2047 640 ,
2120 592 2438 648 putaverunt

1381 651 1661 701 Christum
1694 652 1925 703 inaniter
1952 653 2121 718 loqui.
2163 653 2317 718 quasi
2355 651 2434 703 eis

1380 722 1473 788 qui
1505 723 1895 789 eleemosynam
1937 739 2046 773 non
2076 722 2333 784 facerent3
2384 732 2435 772 et

1378 810 1509 844 eum
1547 795 1603 844 in
1642 795 1896 846 cordibus
1944 794 2059 845 suis
2105 794 2433 846 deridebant.

1380 865 1503 913 Non
1556 865 1733 915 solum
1776 867 1921 916 enim
1962 865 2217 924 triticum,
2247 864 2435 914 vinum

1376 944 1431 984 et
1448 935 1648 996 oleum,
1677 935 1769 985 sed
1797 935 1958 986 etiam
1997 951 2081 984 res
2109 934 2433 1000 contempti-

1375 1004 1511 1054 biles
1532 1044 1547 1064 ,
1603 1005 1803 1056 scilicet
1851 1005 2127 1071 cyminum
2151 1044 2165 1066 ,
2219 1016 2430 1064 rutam,

1375 1075 1685 1135 mentham,
1737 1086 1790 1125 et
1840 1075 2149 1140 hujusmodi
2198 1075 2431 1127 decima-

1376 1146 1533 1208 bant;
1583 1156 1635 1196 et
1675 1145 1740 1195 de
1778 1146 1993 1195 residuo
2037 1147 2429 1211 eleemosynam

1374 1217 1638 1267 faciebant
1663 1256 1677 1278 ,
1750 1217 1894 1283 quod
1954 1232 2063 1266 non
2114 1217 2266 1266 facile
2308 1216 2431 1267 facit

1374 1286 1719 1337 Christianus
1740 1286 1938 1352 aliquis
1953 1301 1968 1349 ;
1999 1296 2060 1335 ut
2086 1302 2178 1351 per
2204 1287 2308 1337 hoc
2330 1303 2430 1352 ap-

1374 1368 1618 1422 parerent
1671 1357 1816 1423 justi,
1859 1356 2014 1422 quasi
2060 1357 2289 1407 volendo
2319 1357 2430 1407 im-

1373 1429 1517 1492 plere
1567 1429 1881 1478 mandatum
1924 1427 2022 1476 Dei
2083 1427 2147 1476 de
2201 1427 2430 1480 decimis

1372 1500 1677 1560 reddendiS‚
1706 1500 1863 1550 etiam
1905 1498 2042 1549 circa
2077 1498 2327 1562 minima3
2374 1511 2433 1550 ut

1373 1586 1466 1635 per
1493 1571 1595 1620 hoc
1618 1571 1958 1620 crederentur
1986 1570 2216 1619 multum
2243 1570 2432 1620 volun-

1371 1641 1493 1692 tarii
1516 1643 1581 1691 ad
1609 1641 1943 1706 implendum
1968 1639 2151 1689 divina
2163 1640 2431 1705 mandata,

1372 1730 1495 1764 cum
1518 1727 1697 1766 tamen
1723 1723 1901 1764 essent
1925 1724 2346 1778 transgressores
2374 1712 2429 1763 in

1371 1785 1700 1850 majoribus;
1732 1795 1784 1834 et
1812 1794 1870 1834 ut
1903 1783 1969 1832 de
1998 1782 2076 1834 eis
2100 1782 2363 1832 diceretur
2400 1798 2429 1833 a

1367 1857 1675 1908 videntibus
1689 1851 1965 1924 'quoniam
2005 1854 2251 1905 omnium
2279 1854 2429 1905 deci*-

1368 1943 1485 1979 mas
1504 1930 1649 1990 dant,
1670 1929 1762 1994 qui
1787 1928 1946 1978 etiam
1965 1927 2171 1975 olerum
2196 1926 2428 1977 decimas

1367 1999 1492 2048 dare
1513 2015 1621 2048 non
1651 1999 1948 2063 negligunt.
1989 1996 2252 2046 Dominus
2283 2012 2424 2056 vem,

1366 2069 1655 2134 cogitatum
1683 2084 1870 2118 eorum
1914 2065 2104 2128 scienS,
2131 2067 2423 2131 subjunxit,

1364 2142 1588 2192 dicens:
1639 2143 1747 2203 Voe,
1780 2140 1983 2190 scilicet
2027 2139 2421 2200 damnationiS‚

1365 2215 1515 2265 vobis
1544 2213 1846 2264 Pharisaeis
1873 2212 1963 2277 qui
1986 2212 2264 2262 decimatis
2290 2228 2424 2264 men-

1366 2285 1526 2346 tham,
1556 2290 1608 2334 et
1635 2291 1830 2345 rutam,
1859 2289 1912 2332 et
1951 2296 2101 2332 omne
2141 2282 2278 2344 oluS,
2314 2283 2422 2332 sci-

1364 2356 1484 2406 licet
1513 2355 1722 2405 minuta
1763 2363 1814 2404 et
1850 2353 2273 2417 contemptibilia
2318 2353 2423 2403 fru-

1364 2436 1546 2476 ctuum
1600 2435 1898 2475 vestrorum
1927 2462 1940 2483 ‚
2010 2430 2062 2472 et
2121 2423 2423 2489 proeteriti‘s

1364 2496 1603 2561 graviora
1637 2495 1814 2561 Legis,
1844 2494 2043 2544 scilicet
2076 2492 2342 2559 judicium
2371 2504 2422 2544 et

1362 2566 1646 2631 justitiam,
1656 2566 2028 2624 subvertendo,
2044 2579 2110 2613 ac
2125 2563 2418 2628 caritatem,

1363 2652 1523 2702 opera
1553 2636 1928 2686 misericordiae
1955 2633 2268 2685 omittendo,
2303 2634 2420 2684 Non

1362 2718 1440 2757 est
1465 2708 1566 2757 hoc
1579 2706 1746 2758 facere
1774 2705 2189 2756 misericordiam
2215 2714 2267 2753 et
2290 2704 2425 2754 elee-

1363 2795 1642 2845 mosynam
1697 2796 1711 2829 :
1768 2779 1927 2841 Hoec,
1990 2776 2135 2826 enirn
2162 2814 2175 2837 ,
2223 2775 2423 2827 scilicet

1347 2850 1617 2917 judicium
1644 2855 1695 2899 et
1724 2849 2018 2908 caritatem,
2049 2845 2284 2913 oportuit
2312 2845 2421 2911 sa-

1360 2936 1497 2985 cer-e„
1527 2922 1703 2987 primo
1741 2921 1874 2978 loco,
1904 2918 2034 2984 quia
2082 2918 2192 2967 haec
2224 2933 2421 2983 praece-

1360 3003 1449 3058 pta
1478 3003 1608 3043 sunt
1641 2992 1705 3041 ad
1747 2990 1844 3041 Dei
1891 2990 2179 3051 honorem3
2222 2994 2273 3038 et
2300 2988 2413 3051 illa,

1360 3062 1560 3113 scilicet
1597 3061 1860 3112 decimam
1896 3070 1949 3109 et
1998 3026 2414 3123 eleemosynam,

1273 3149 1291 3170 ⁸
1358 3148 1462 3183 non
1496 3134 1759 3194 omittere,
1791 3145 1912 3211 quae
1938 3139 2065 3180 sunt
2091 3130 2158 3179 ad
2182 3128 2417 3179 sacerdo·

1357 3213 1471 3253 tum
1523 3213 1575 3253 et
1621 3201 1852 3283 proximi
1903 3199 2289 3250 necessitatem.
2323 3197 2416 3248 Ina

1357 3274 1527 3334 facite,
1558 3283 1615 3323 et
1636 3274 1741 3322 ista
1776 3271 2086 3351 praeponite.
2117 3270 2237 3318 Non
2266 3267 2414 3318 enim

1355 3361 1454 3427 per
1474 3345 1867 3426 eleemosynam
1904 3342 2102 3392 emitur
2125 3336 2414 3404 impunitas

1356 3417 1415 3467 in
1442 3416 1722 3482 iniquitate
1749 3412 2110 3465 manentibus,
2138 3409 2412 3460 Deciman-

1354 3497 1435 3538 tes
1462 3487 1625 3553 igitur
1652 3496 1704 3537 et
1722 3487 2116 3550 eleemosynam
2145 3480 2408 3541 faciente8‚

1353 3557 1613 3607 exteriora
1643 3557 2008 3617 mundabant3
2038 3553 2132 3603 sed
2155 3550 2281 3617 quia
2323 3548 2409 3612 ju·

1354 3631 1556 3681 dicium
1608 3640 1660 3680 et
1693 3632 1966 3682 caritatem
2018 3622 2409 3689 relinquebant,

1354 3702 1611 3753 interiora
1655 3717 1765 3751 non
1818 3698 2160 3750 mundabant.
2193 3691 2412 3757 Optime

1353 3786 1534 3827 autem
1555 3775 1955 3857 conjunguntur
1966 3768 2232 3837 judicium
2255 3771 2306 3814 et
2326 3779 2410 3814 ca-

1352 3848 1507 3909 ritaS,
1553 3846 1681 3913 quia
1721 3843 1980 3910 judicium
2029 3839 2145 3890 sine
2198 3836 2413 3886 caritate
2460 3874 2463 3879 .

1350 3919 1523 3987 vergit
1557 3918 1614 3970 in
1653 3915 2050 3976 crudelitatem·
2078 3909 2265 3961 caritas
2294 3907 2411 3974 sine
