2757 4413
338 327 446 394 478

342 460 445 510 pus
494 453 547 494 et
594 441 832 493 scientiae
859 439 1079 491 facultas
1106 440 1276 505 adsit;
1309 439 1403 491 sed

342 514 676 581 promittitur
717 511 988 572 securitas,
1041 511 1087 562 si
1134 512 1235 563 ista
1283 511 1408 562 defi·

341 582 511 637 ciant,
557 584 715 644 Quod
749 582 1058 649 frequenter
1102 583 1407 648 contigebat

343 661 400 711 in
449 658 721 725 primitiva
775 657 1038 722 Ecclesia,
1098 658 1226 725 quia
1274 668 1403 708 tunc

342 746 485 797 saepe
533 729 715 780 fideles
747 728 1002 780 illitterati
1040 739 1093 780 et
1132 727 1405 794 simplices

342 801 524 852 subito
573 800 919 851 trahebantur
964 800 1030 850 ad
1089 800 1291 864 judices
1355 808 1449 849 et=

346 872 628 934 Praesides3
684 881 736 921 et
790 871 934 921 Deus
986 870 1219 935 providit
1273 870 1403 922 illis.

278 998 283 1004 ,
343 943 498 995 Unde
528 957 637 991 non
665 940 858 991 debent
891 951 1108 1006 propter
1138 941 1406 1007 hoccon-

343 1011 566 1070 turbari‚
596 1010 641 1061 si
667 1010 769 1060 ista
786 1009 1054 1069 deficiant,
1075 1011 1202 1076 quia
1235 1009 1410 1061 homi·

343 1086 507 1136 nibus
530 1085 595 1134 de
611 1083 721 1134 Deo
753 1082 1147 1134 confidentibus
1171 1083 1407 1150 Spiritus

343 1157 569 1207 Sanctus
606 1170 710 1204 non
752 1153 930 1204 deficit
974 1153 1032 1204 in
1080 1154 1408 1214 necessitate,

343 1242 468 1276 cum
512 1241 622 1275 non
660 1235 888 1290 possunt
916 1224 1069 1276 aliter
1113 1241 1408 1277 occurrere.

346 1297 417 1348 Et
440 1296 588 1356 item,
635 1296 763 1362 quia
806 1296 860 1346 in
907 1296 1000 1346 tali
1051 1312 1175 1347 casu
1214 1296 1413 1348 sufficit

346 1370 412 1421 ad
456 1369 682 1419 salutem
723 1369 964 1420 confiteri
1002 1379 1307 1419 constanter
1353 1368 1410 1419 in

343 1440 573 1506 generali
619 1438 799 1501 fidem,
842 1441 989 1507 quod
1036 1450 1211 1507 potest
1247 1440 1415 1491 facere

255 1523 267 1535 ·
345 1510 574 1576 quilibet
598 1510 960 1570 Christianus,
1007 1520 1415 1576 quantumcun—

348 1598 456 1648 que
479 1581 728 1648 simplex.
765 1582 836 1632 Et
870 1591 1011 1648 patet
1040 1597 1105 1632 ex
1143 1581 1415 1647 praedictis

349 1653 497 1719 quod
540 1668 649 1702 non
698 1653 939 1718 loquitur
976 1652 1067 1702 hic
1115 1653 1183 1702 de
1235 1652 1415 1702 verbis

350 1721 729 1789 praedicatoris.
760 1723 927 1773 Debet
968 1723 1115 1773 enim
1153 1721 1416 1788 praedica-

346 1805 433 1845 tor
478 1794 627 1844 verbi
662 1793 828 1843 divini
860 1793 1203 1859 praecogitare
1234 1792 1415 1859 quali-

346 1874 428 1914 ter
460 1864 647 1915 debeat
686 1864 909 1914 verbum
943 1863 1040 1915 Dei
1071 1879 1364 1930 proponere
1399 1881 1414 1915 z

345 1935 500 1986 aliter
528 1944 754 1985 tentaret
784 1935 984 1993 Deum,
1032 1934 1079 1985 si
1123 1935 1417 2000 negligeret

347 2005 414 2056 de
443 2006 546 2054 hoc
569 2005 820 2070 cogitare,
849 2005 979 2055 dum
1008 2015 1187 2055 tamen
1224 2006 1290 2056 de
1314 2007 1418 2056 hoc

346 2085 562 2141 tempus
602 2086 967 2141 opportunum
999 2074 1166 2141 possit
1202 2076 1415 2134 habere.

351 2148 503 2197 Hanc
549 2146 804 2213 prohibet
834 2146 1100 2197 Dominus
1146 2147 1417 2214 provisio-

350 2237 477 2271 nem
519 2219 577 2269 in
625 2219 894 2279 dicendis,
939 2231 1188 2271 ornatum
1237 2231 1289 2273 et
1340 2220 1419 2271 ni·

350 2291 517 2341 miam
563 2290 1003 2350 sollicitudinem,
1054 2307 1147 2357 per
1182 2292 1416 2342 multum

351 2363 628 2429 temporiS.
663 2363 837 2414 Facile
864 2373 945 2413 est
968 2365 1115 2415 enim
1140 2364 1416 2415 veritatem

349 2435 544 2501 dicere,
582 2452 702 2503 quae
749 2435 868 2486 sine
909 2447 1097 2487 ornatu
1138 2438 1419 2503 persuadet

350 2518 413 2559 ut
434 2508 725 2574 recipiatur
757 2507 980 2575 ubique.

413 2578 447 2629 6
470 2581 908 2630 Psasscuriomzu
933 2592 1235 2628 parram-ua
1257 2592 1419 2627 amu

348 2665 417 2698 AB
451 2664 625 2699 ,unms
654 2664 719 2697 ετ
754 2661 1100 2697 ΡΑιεκι-ιιιυε.
1141 2674 1203 2684 -
1255 2647 1322 2696 Et
1351 2662 1421 2696 ne

351 2723 406 2772 in
429 2721 631 2772 auxilio
658 2719 959 2771 amicorum
1004 2729 1098 2769 aut
1133 2729 1418 2785 parentum

352 2793 644 2854 confidant,
671 2792 952 2858 subjungit
976 2792 1275 2858 graviorem
1309 2809 1423 2858 pei-

352 2864 702 2924 secutionem,
748 2878 870 2929 quae
916 2874 995 2914 est
1032 2863 1100 2914 ab
1145 2863 1333 2914 amicis
1369 2873 1423 2915 et

362 2935 694 3002 parentibus.
716 2934 874 2994 Quia,
902 2935 1199 2985 secundum
1217 2936 1424 3003 Grego-

352 3007 511 3069 rium,
562 3006 684 3071 plus
729 3005 787 3055 in
844 3005 1004 3056 nobis
1054 3021 1116 3058 ea
1157 3017 1424 3058 tormenta

352 3075 594 3137 saeviunt,
644 3091 766 3142 quae
808 3077 875 3127 ab
920 3076 1031 3127 illis
1075 3077 1309 3143 patimur
1355 3078 1423 3127 de

351 3149 550 3215 quibus
593 3150 1086 3215 praesumebamus;
1137 3151 1265 3217 quia
1296 3167 1422 3202 cum

350 3220 550 3270 damno
595 3219 834 3285 corporis
888 3222 1027 3271 mala
1057 3236 1156 3271 nos
1187 3221 1425 3273 cruciant

356 3290 569 3342 amissae
608 3291 862 3342 caritatis.
922 3292 1078 3344 Unde
1116 3293 1191 3343 ait
1223 3310 1237 3343 ε
1274 3295 1425 3344 Tra-

351 3362 443 3412 det
462 3368 639 3412 autem
671 3361 852 3419 frater
873 3363 1136 3429 fratrem,
1169 3365 1427 3432 pater-fi-

361 3432 506 3496 lium,
536 3439 588 3488 et
618 3433 779 3500 filius
809 3441 1067 3499 parentes
1109 3434 1161 3484 in
1185 3442 1425 3497 mortem,

357 3502 559 3554 scilicet
600 3502 834 3554 infidelis
885 3505 1116 3556 fidelem.
1172 3505 1333 3566 Quia,
1368 3516 1430 3556 ut

349 3574 424 3624 ait
449 3574 842 3643 Hieronymus,
880 3592 991 3626 non
1042 3587 1122 3626 est
1157 3574 1300 3627 inter
1338 3591 1443 3627 eos·

348 3645 495 3695 ullus
518 3643 659 3694 fidus
685 3644 925 3710 affectus,
956 3662 1189 3713 quorum
1218 3645 1434 3696 diversa

344 3715 477 3766 fides
509 3727 606 3766 est.
653 3716 807 3768 Unde
839 3728 892 3768 et
942 3718 1366 3787 chrysostomus
1417 3744 1435 3778 ,-

349 3806 377 3833 α
405 3788 578 3838 Nemo
607 3801 783 3854 speret
809 3790 867 3841 in
890 3790 1150 3857 patroniS,
1179 3804 1343 3840 nemo
1375 3789 1435 3838 in

342 3857 552 3920 amicis,
608 3871 700 3911 aut
756 3861 811 3912 in
863 3861 1174 3927 parentibus
1232 3876 1246 3910 ι
1302 3877 1429 3911 cum

337 3927 497 3978 etiam
540 3929 702 3982 frater
739 3931 956 3985 fratrem
991 3932 1286 3984 traditurus
1323 3942 1419 3984 est

991 323 1230 375 1>leAE
1265 323 1513 374 PARTIS
1545 323 1779 375 CAPUT
1813 322 1923 375 L11.

1511 438 1566 489 in
1592 448 1841 502 mortem,
1864 448 2012 504 pater
2038 437 2212 489 filium
2235 448 2287 490 et
2315 437 2465 489 filius
2496 454 2584 505 pa—

1511 520 1666 561 trem.
1691 509 1829 560 Vide
1875 511 2034 575 quale
2085 520 2214 560 tunc
2265 510 2583 561 incendium

1513 580 1896 647 persecutionis
1913 581 2138 641 ardebit,
2160 592 2221 631 ut
2239 597 2336 632 nec
2349 582 2456 632 sibi
2473 582 2583 648 ipsi

1513 666 1690 718 parcat
1710 652 1925 704 natura!
1948 654 2234 713 Quomodo
2252 664 2433 705 autem
2455 664 2587 705 tunc

1514 735 1860 791 patronorum
1917 736 2011 776 aut
2058 726 2358 776 amicorum
2414 725 2587 777 fidem

1515 795 1779 860 integram
1803 810 2027 862 quaeras,
2057 811 2182 846 cum
2205 794 2406 845 videris
2437 795 2588 845 ami-

1514 864 1694 915 citiam
1742 865 2089 917 fraternitatis
2143 876 2197 916 et
2248 864 2589 931 paternitatis

1514 951 1631 986 esse
1665 935 2021 988 exstinctam?
2068 936 2126 986 Si
2162 935 2308 986 enim
2344 934 2590 986 amicitia

1516 1007 1571 1057 in
1616 1007 1733 1074 ipsa
1786 1019 1975 1059 natura
2015 1007 2244 1067 deficiet,
2302 1007 2588 1072 quomodo

1516 1078 1821 1129 invenietur
1870 1088 2017 1129 extra
2074 1087 2317 1127 naturam
2348 1077 2367 1126 'r
2403 1096 2432 1123 »
2468 1076 2590 1128 haec

1519 1148 1959 1216 ChrysostomuS.
1993 1149 2069 1199 Et
2090 1148 2247 1198 eritis
2275 1148 2399 1198 odio
2422 1147 2592 1198 omni-

1518 1220 1615 1270 bus
1661 1219 1986 1282 hominibuS,
2039 1220 2277 1269 humana
2317 1217 2589 1283 sapienti-

1520 1289 1640 1348 buS,
1669 1287 1870 1339 scilicet
1908 1289 2239 1339 amatoribus
2264 1288 2457 1337 mundi
2488 1287 2591 1353 qui

1520 1358 1733 1411 inimici
1771 1360 2040 1410 suntDei.
2071 1361 2250 1410 Homo
2299 1358 2452 1409 enim
2497 1358 2592 1409 hic

1521 1430 1694 1495 magis
1713 1429 1841 1480 dicit
1870 1429 2083 1490 vitium,
2123 1446 2287 1496 quam
2313 1440 2590 1490 naturam,

1520 1501 1651 1568 quia
1677 1500 1912 1551 multum
1938 1510 2197 1566 repugnat
2216 1516 2369 1550 amor
2383 1500 2503 1561 Dei,
2538 1510 2594 1551 et

1522 1573 1712 1623 mundi
1754 1589 1769 1624 z
1808 1572 2010 1624 distant
2053 1572 2199 1623 enim
2250 1573 2371 1638 plus
2422 1586 2591 1638 quam

1521 1644 1716 1695 coelum
1736 1653 1788 1695 et
1819 1653 1976 1694 terra.
2002 1642 2169 1702 Quasi
2198 1643 2338 1693 dicat
2367 1661 2382 1693 ι
2407 1643 2593 1694 Eritis

1519 1715 1643 1766 odio
1664 1730 1773 1764 non
1797 1714 1977 1764 solum
2017 1713 2273 1773 inimicis,
2305 1714 2399 1763 sed
2425 1713 2592 1764 ctiam

1520 1786 1739 1851 amicis3
1776 1802 1887 1836 non
1928 1787 2107 1836 solum
2150 1785 2438 1849 extraneis;
2499 1787 2595 1839 sed

1522 1861 1680 1912 etiam
1722 1859 2063 1926 propinquis,
2117 1859 2321 1909 scilicet
2348 1858 2597 1925 parenti-

1523 1933 1625 1982 bus
1672 1942 1725 1982 et
1769 1930 2044 1982 fratribus,
2094 1931 2393 1997 Sequentes
2443 1929 2596 1980 enim

1521 2003 1800 2055 Christum
1873 2002 2176 2070 frequenter
2239 2013 2367 2053 sunt
2418 2002 2598 2053 odiosi

1520 2075 1658 2136 aliis,
1693 2076 1854 2126 etiam
1883 2077 2183 2137 carnalibus
2219 2076 2494 2128 fratribus.
2533 2077 2600 2126 Et

1521 2150 1805 2210 subditur,
1844 2156 2074 2218 propter·
2147 2164 2330 2201 nomen
2384 2164 2596 2213 meum,

1520 2222 1666 2288 quod
1721 2221 1936 2273 additur
1999 2231 2216 2287 propter
2263 2220 2600 2272 consolatio-

1522 2309 1646 2344 nem
1684 2309 1906 2354 eorum,
1957 2293 2087 2360 quia
2150 2292 2463 2343 delectabile
2518 2302 2602 2343 est

1521 2375 1739 2431 propter
1809 2379 2047 2415 amorem
2089 2362 2330 2413 nominis
2374 2361 2602 2412 Domini

1521 2453 1637 2489 esse
1665 2438 1934 2488 odiosum.
1969 2436 2130 2497 Quod
2180 2434 2328 2486 enim
2370 2436 2606 2486 habetur

1523 2508 1668 2571 odio,
1692 2514 1918 2575 propter
1953 2521 2138 2557 nomen
2185 2505 2409 2568 Christi,
2445 2521 2607 2557 causa

1525 2588 1605 2629 est
1638 2578 1913 2629 sufficiens
1961 2577 2222 2642 patienter
2263 2576 2609 2641 persecutio-

1527 2666 1623 2702 nes
1675 2649 2008 2712 sustinendi;
2038 2661 2090 2700 et
2116 2650 2181 2699 ad
2207 2650 2311 2699 hoc
2342 2664 2608 2714 magnum

1526 2720 1766 2787 sequitur
1810 2718 2114 2785 praemium,
2144 2718 2273 2784 quia
2320 2735 2430 2768 non
2470 2735 2612 2771 mar—

1528 2799 1699 2861 tyrem
1728 2793 1851 2844 facit
1878 2808 2052 2859 poena,
2080 2793 2172 2842 sed
2202 2806 2377 2843 causa.

1591 2881 1623 2932 7
1665 2865 1924 2914 Pau-:mun
1971 2878 2470 2913 ratissimum-mus
2520 2878 2613 2913 ius-

1530 2952 1846 2987 raourssuu.
1875 2964 1937 2974 —
1963 2935 2031 2986 Et
2073 2950 2141 2984 ne
2190 2934 2247 2984 in
2302 2933 2612 2985 tribulatio·

1530 3006 1692 3057 nibus
1716 3004 1982 3069 deficiant,
2014 3004 2321 3056 consolatur
2353 3019 2465 3065 eos,
2488 3006 2615 3056 sub-

1529 3079 1756 3144 jungens
1787 3093 1800 3126 :
1835 3076 1942 3137 Qui
1968 3082 2145 3126 autem
2177 3078 2615 3141 perseveraverit

1532 3163 1695 3214 usque
1755 3148 1809 3198 in
1847 3147 2035 3213 finem,
2068 3146 2275 3197 scilicet
2328 3147 2385 3197 in
2437 3148 2614 3214 gratia

1532 3220 1914 3286 permanendo,
1945 3235 2055 3268 non
2094 3217 2326 3268 finaliter
2370 3235 2618 3270 succum·

1536 3291 1739 3353 bendo;
1787 3289 1888 3352 vel,
1927 3289 2222 3339 secundum
2271 3289 2612 3357 Remigium,

1535 3359 1629 3427 qui
1683 3368 1942 3426 proecepta
1981 3357 2106 3409 fidei
2155 3375 2266 3408 non
2317 3359 2620 3412 deseruerit

1536 3444 1587 3484 et
1614 3432 1668 3483 in
1702 3430 2165 3498 persecutionibus
2195 3447 2304 3482 non
2339 3432 2618 3497 defecerit,

1537 3503 1623 3554 hic
1659 3502 1846 3554 salvus
1882 3502 2005 3565 erit,
2035 3501 2161 3567 quia
2195 3501 2341 3563 finis,
2366 3519 2476 3553 non
2507 3521 2620 3571 pu-

1539 3590 1663 3641 gna,
1718 3582 1984 3624 coronat:
2014 3588 2125 3622 non
2172 3573 2319 3623 enim
2369 3575 2620 3641 coepisse,

1541 3646 1634 3697 sed
1681 3645 1980 3712 perfecisse,
2023 3644 2241 3695 virtutis
2282 3656 2378 3696 est.
2412 3649 2474 3697 In
2504 3665 2621 3715 quo

1543 3734 1652 3768 non
1713 3716 1980 3768 modicam
2034 3716 2125 3767 dat
2190 3718 2623 3773 consolationem

1541 3788 1682 3839 inter
1712 3786 2107 3855 persecutiones
2136 3796 2189 3837 et
2235 3787 2291 3837 in
2339 3789 2624 3844 tolerantia

1541 3858 1966 3922 tribulationum,
1991 3855 2120 3923 quia
2149 3874 2259 3907 non
2302 3857 2626 3914 inchoanti-

1544 3932 1665 3997 buS,
1697 3932 1791 3983 sed
1845 3930 2311 3998 perseverantibus
2342 3935 2629 3991 confertur
