2757 4413
630 314 723 364 DE
753 313 1095 369 ADVENTU
1128 313 1383 365 DOMINI
1416 314 1487 365 IN
1524 313 1923 366 NAZARETH.

197 432 335 483 -tentia
382 431 647 490 absoluta,
701 431 794 481 sed
855 430 1116 490 ordinata,
1170 445 1231 480 ac

196 501 520 567 congruitatis
548 511 600 551 et
621 501 892 562 decentiae,
912 516 1019 567 qua
1044 516 1102 552 se
1128 501 1231 550 dis-

194 584 415 639 posuerat
461 589 571 623 non
618 572 899 637 facturum,
948 573 1078 639 quia
1119 587 1229 623 non

201 657 291 696 ent
324 646 512 696 decens
544 656 600 696 et
629 661 928 712 congruum
971 645 1117 711 quod
1155 644 1229 694 ibi

200 719 423 769 miracula
480 718 693 782 faceret,
734 729 789 768 et
840 718 1038 783 multa;
1098 715 1231 766 fides

197 791 316 842 enim
343 791 685 842 credentium
718 802 801 841 est
838 788 1129 850 meritoria,
1165 789 1231 838 de

188 879 422 930 congruo,
462 864 613 930 quod
661 863 744 915 eis
788 850 919 915 fiadt
955 862 1230 913 miracula.

194 936 294 986 Ideo
326 947 505 988 autem
546 936 754 1002 aliquas
787 935 1013 986 virtutes
1042 933 1118 983 ibi
1151 932 1232 983 fe-

186 1007 263 1068 cit,
289 1017 347 1059 ut
372 1008 561 1061 fideles
586 1008 940 1068 confirmaret,
962 1016 1017 1057 et
1048 1004 1232 1056 infide-

195 1078 255 1127 1ae
299 1079 696 1130 excusationem
742 1079 809 1129 de
863 1084 1074 1143 peccato
1130 1091 1230 1125 suo

195 1163 282 1199 non
308 1149 587 1212 haberent,
622 1150 753 1199 dum
790 1163 954 1214 opera
987 1145 1232 1196 divinita·

195 1220 250 1270 tis
270 1210 325 1271 in
351 1237 414 1271 eo
437 1222 706 1286 viderent;
738 1235 832 1271 nec
845 1219 991 1285 fecit
1014 1218 1228 1277 multaS,

194 1309 248 1343 ne
286 1294 527 1345 infideles
565 1295 800 1361 amplius
830 1295 1230 1351 damnarentur,

188 1365 236 1414 id
267 1375 343 1416 est
374 1366 500 1431 plus
537 1366 875 1431 punirentur,
913 1365 1045 1414 dum
1081 1361 1232 1413 scili-

185 1445 258 1486 cet
279 1446 697 1486 contemnerent.
729 1435 878 1486 Unde
907 1435 1234 1502 Chrysosto-

193 1522 290 1557 mus
318 1525 334 1557 .·
359 1525 386 1553 (ι
410 1508 585 1559 Pauca
625 1505 753 1557 fecit
779 1506 950 1572 signa,
979 1520 1046 1555 ne
1087 1503 1232 1553 dice-

193 1589 291 1627 rent
314 1595 326 1628 :
354 1578 540 1628 Hostis
578 1587 661 1627 est
690 1577 868 1637 nobis,
895 1587 947 1626 et
985 1574 1232 1641 proprios

191 1650 406 1716 despicit,
427 1652 474 1701 si
500 1651 637 1701 facta
660 1659 838 1700 essent
860 1650 1032 1716 signa,
1054 1657 1107 1698 et
1134 1663 1233 1697 nos

190 1721 356 1787 utique
390 1721 825 1772 credidissemus.
868 1721 1092 1785 Propter
1132 1719 1234 1769 hoc

188 1808 300 1859 ergo
333 1794 472 1855 fecit,
514 1803 577 1844 ut
615 1794 761 1859 quod
795 1808 955 1844 suum
995 1801 1075 1842 est
1121 1791 1232 1841 im-

190 1868 336 1931 pleat3
380 1867 474 1917 sed
523 1866 811 1926 continuit,
850 1875 913 1916 ut
952 1881 1063 1915 non
1111 1864 1233 1913 illos

189 1939 403 2004 amplius
432 1939 773 1989 condemnet.
800 1956 829 1985 n

246 2012 275 2081 8
322 2013 617 2063 ExurLuu
652 2026 813 2062 suun·
859 2010 1128 2061 Canis-rus
1179 2021 1233 2056 m

188 2084 314 2135 Em
344 2101 412 2134 ετ
452 2084 687 2135 Ειιειῑο.
722 2111 785 2122 —-
812 2083 895 2133 Ad
932 2081 1015 2132 sui
1052 2089 1233 2131 autem

189 2155 587 2217 excusationem,
630 2168 797 2222 quare
829 2154 943 2220 ipse
964 2151 1234 2203 Dominus

190 2228 242 2277 in
269 2227 427 2293 patria
445 2242 543 2277 sua
566 2227 661 2276 ubi
691 2236 935 2292 acceptus
959 2241 1070 2275 non
1102 2232 1232 2282 erat,

186 2299 366 2348 multas
405 2298 634 2348 virtutes
667 2312 771 2347 non
804 2296 960 2361 fecit,
998 2293 1236 2346 ostendit

190 2369 412 2435 exemplo
439 2368 576 2419 Eliae
602 2377 655 2419 et
679 2367 875 2427 Elisaei,
914 2368 1060 2434 quod
1090 2365 1236 2416 simi-

184 2439 294 2490 liter
337 2439 617 2504 Prophetae
675 2448 878 2489 veteres
928 2438 985 2488 in
1044 2436 1232 2501 majori

189 2513 374 2563 honore
402 2512 744 2562 habebantur
770 2511 911 2576 apud
937 2519 1232 2570 extraneos,

190 2597 333 2648 quam
380 2583 526 2648 apud
581 2582 934 2644 domesticos;
986 2590 1040 2630 et
1087 2579 1265 2650 quod.

191 2655 322 2717 plura
354 2653 616 2703 miracula
645 2651 908 2702 faciebant
933 2650 1073 2716 apud
1101 2648 1233 2700 alie-

191 2738 287 2782 nos,
309 2738 475 2790 quam
504 2722 648 2786 apud
674 2737 819 2775 suos.
855 2720 999 2771 Elias
1026 2719 1175 2770 enim
1205 2734 1235 2768 a

188 2795 364 2845 Judaeis
384 2794 753 2859 expellebatur
780 2803 834 2844 et
862 2793 1235 2844 contemneba-

191 2878 289 2929 tur3
336 2884 366 2918 a
413 2866 684 2918 Gentibus
721 2876 898 2916 autem
949 2876 1000 2917 et
1043 2864 1235 2915 alienis

189 2939 524 3004 recipiebatur
558 2948 613 2989 et
650 2938 1030 2998 honorabatur,
1070 2947 1122 2987 et
1157 2937 1233 2987 ibi

190 3011 430 3062 miracula
451 3011 788 3075 operabatur.
815 3009 1046 3071 Missua,
1069 3008 1233 3072 enim,

179 3081 250 3130 -ad
285 3081 504 3131 viduam
539 3081 593 3130 in
630 3081 887 3146 Sarepta,
920 3080 1054 3129 urbe
1090 3079 1238 3129 Sido-

188 3153 280 3203 niae
319 3153 626 3218 provinciae,
665 3161 904 3218 receptus
943 3163 1024 3203 est
1056 3152 1238 3203 hono-

185 3223 342 3284 rifice,
378 3224 567 3290 ibique
612 3224 721 3273 duo
755 3222 1011 3273 miracula
1056 3223 1181 3274 fecit
1222 3241 1236 3274 z

178 3295 304 3359 -quia
331 3295 509 3345 farina
540 3304 592 3345 et
639 3295 820 3345 oleum
870 3310 983 3345 non
1027 3295 1236 3357 defecit,

189 3374 235 3415 et
263 3364 437 3415 filium
476 3364 648 3415 viduae
693 3373 994 3427 mortuum,
1039 3366 1238 3416 scilicet

188 3436 366 3486 Jonam
410 3436 750 3501 Prophetam,
781 3436 1075 3488 suscitavit.
1115 3438 1238 3487 Non

192 3522 303 3573 ergo
347 3509 401 3558 in
442 3508 639 3569 Israel,
688 3509 782 3559 ubi
828 3509 1012 3561 multae
1060 3509 1239 3560 viduae

188 3587 350 3640 eram,
393 3580 488 3630 sed
530 3579 590 3629 in
635 3580 878 3643 Sidonia,
921 3581 1239 3647 operabatur

194 3649 450 3710 miracula,
497 3650 627 3715 quia
683 3650 860 3703 viduae
919 3651 1078 3702 Israel
1129 3667 1237 3702 non

192 3730 330 3771 erant
365 3722 439 3773 ita
480 3723 704 3787 devotae,
739 3723 877 3774 sicut
909 3724 1000 3775 illa
1045 3724 1240 3775 mulier

190 3790 481 3857 ¹Sareptana,
510 3803 564 3843 et
583 3793 713 3859 quia
744 3794 890 3844 Elias
916 3794 1241 3860 persecutio-

200 3875 308 3911 nem
339 3865 635 3928 patiebatur
667 3864 725 3914 in
752 3874 891 3916 terra
918 3867 1095 3930 Israel,
1117 3882 1239 3932 quae

174 3931 453 3987 debuisset
494 3936 601 3987 sibi
649 3951 767 3988 esse
811 3947 957 4003 grata
1009 3949 1062 3989 et
1115 3953 1240 4004 gra-

2288 313 2389 366 601

1335 430 1488 481 tiosa.
1528 429 1750 496 Sarepta
1784 432 1917 482 urbs
1948 431 2188 482 Sidonioe
2215 440 2313 495 est,
2340 430 2400 482 in

1333 501 1514 551 littore
1567 501 1759 563 maris,
1808 512 1930 553 ante
1982 502 2134 566 cujus
2190 512 2399 567 portam

1334 572 1637 622 ostenditur
1663 573 1813 623 locus
1841 572 1933 623 ubi
1970 572 2116 622 Elias
2145 571 2295 622 venit
2333 572 2401 622 ad

1334 642 1551 692 viduam
1584 643 1825 708 ejusdem
1863 642 2045 708 urbis;
2094 642 2291 693 deinde
2318 652 2402 693 est

1334 713 1581 778 quoedam
1620 715 1835 779 capella,
1865 714 1960 764 ubi
2001 723 2112 764 erat
2150 727 2399 763 coenacu-

1334 788 1451 836 lum
1491 786 1547 836 in
1592 802 1703 853 quo
1739 787 1963 853 quievit,
1998 796 2052 837 et
2085 785 2179 835 ubi
2221 783 2398 834 filium

1334 857 1512 908 viduae
1539 858 1832 908 suscitavit.
1861 858 2039 917 Quare
2078 867 2261 907 autem
2288 870 2400 906 ora-

1334 929 1484 978 tione
1525 929 1661 980 Eliae
1717 930 1958 981 clausum
1990 935 2077 980 ‘est
2107 928 2314 992 coelum,
2349 933 2401 978 et

1325 1003 1489 1068 sacta
1501 1003 1705 1069 sameS,
1734 1003 1975 1055 ostendit
2006 1002 2269 1065 Basilius,
2312 1001 2399 1051 di-

1334 1090 1493 1124 cens:
1515 1093 1545 1121 a
1561 1073 1631 1124 Ut
1651 1074 1797 1124 enim
1817 1074 2024 1140 aspexit
2042 1090 2107 1124 ex
2126 1072 2401 1123 saturitate

1336 1165 1442 1197 non
1479 1148 1753 1199 modicum
1784 1148 2023 1215 generari
2068 1147 2167 1198 Dei
2200 1162 2402 1212 oppro-

1339 1220 1538 1277 brium.
1579 1235 1673 1286 per
1726 1219 1925 1270 famem
1975 1219 2086 1270 illis
2137 1218 2398 1283 jejunium

1335 1290 1531 1353 attulit,
1557 1305 1668 1356 quo
1691 1291 1905 1355 culpam
1931 1289 2170 1351 illorum,
2193 1303 2315 1355 quae
2343 1286 2400 1338 in

1337 1361 1668 1413 immensum
1721 1363 2014 1420 crescebat,
2061 1360 2323 1411 cohibuit.
2372 1379 2400 1407 n

1339 1437 1458 1485 Non
1479 1451 1607 1503 ergo
1629 1452 1770 1486 nunc
1794 1436 2056 1486 mirentur
2079 1435 2329 1484 homines
2355 1434 2401 1484 si

1339 1517 1554 1572 propter
1604 1522 1792 1558 eorum
1848 1507 2120 1557 lasciviam
2171 1505 2261 1555 fiat
2320 1505 2403 1555 fa·-

1338 1595 1471 1631 meS.
1508 1580 1733 1631 Elisaeus
1766 1580 1928 1630 etiam
1961 1595 1992 1630 a
2017 1579 2215 1630 Judaeis
2257 1576 2405 1628 deri—-

1337 1667 1432 1702 sus
1467 1661 1521 1702 et
1554 1662 1918 1718 contemptus;
1943 1667 1976 1702 a
2000 1652 2242 1701 Naaman
2267 1651 2403 1715 Syro

1337 1723 1525 1773 devote
1557 1732 1639 1773 est
1670 1723 1947 1789 quaesituS,
1983 1737 2145 1788 quem
2188 1736 2220 1771 a
2259 1721 2404 1785 lepra

1337 1810 1436 1844 sua
1469 1794 1693 1854 curavit,
1738 1794 1868 1861 quia
1903 1793 2245 1844 devotionem
2288 1791 2404 1855 ejus

1337 1867 1569 1932 agnovit,
1595 1868 1690 1934 qui
1716 1876 1841 1918 ante
1867 1867 2200 1918 curationem
2229 1865 2403 1915 bonus

1338 1937 1460 2003 fuit,
1485 1938 1613 2004 quia
1650 1953 1745 2003 per
1768 1938 1923 1988 illum
1949 1938 2093 1987 Deus
2122 1935 2290 2002 Syriae
2319 1935 2406 1985 de-

1337 2009 1442 2067 dit,
1473 2019 1525 2059 et
1557 2020 1680 2074 post
1708 2008 2043 2059 curationem
2077 2008 2252 2058 adhuc
2287 2021 2404 2057 me-

1337 2080 1441 2129 lior
1471 2094 1531 2129 ac
1559 2080 1712 2130 valde
1752 2090 1933 2146 gratus
1971 2081 2083 2129 Deo
2120 2089 2173 2128 et
2209 2077 2405 2128 Elisaeo

1337 2153 1457 2202 fuit.
1500 2151 1721 2203 Curavit
1747 2168 1875 2219 ergo
1907 2152 2145 2202 alienum
2174 2160 2226 2202 et
2254 2151 2405 2200 Gen-

1338 2227 1514 2289 tilem;
1547 2226 1641 2276 sed
1673 2242 1785 2276 non
1815 2226 2063 2276 concives
2093 2236 2145 2275 et
2181 2238 2406 2274 consor-

1338 2309 1436 2357 tes,
1472 2306 1690 2362 propter
1720 2312 1910 2347 eorum
1951 2311 2074 2361 erga
2115 2296 2289 2345 Deum
2328 2294 2410 2344 in-

1338 2367 1740 2433 gratitudinem,
1794 2367 1922 2432 quia
1972 2382 2200 2431 regnum
2250 2365 2407 2415 lsrael

1337 2439 1689 2490 declinaverat
1706 2437 1772 2488 ad
1791 2437 2165 2497 idololatriam,
2181 2436 2407 2487 colendo

1337 2511 1536 2560 vitulos
1587 2524 1776 2560 aureos
1824 2524 1963 2575 quos
2019 2508 2213 2559 fecerat
2256 2508 2407 2558 Jero-

1340 2585 1517 2633 boam.
1546 2582 1604 2633 Si
1633 2597 1761 2649 ergo
1791 2581 1880 2632 isti
1909 2580 2254 2632 famosissimi
2286 2581 2408 2631 Pro-

1338 2655 1514 2720 phetae
1551 2668 1661 2703 non
1692 2651 1913 2703 fuerunt
1941 2651 2138 2717 accepti
2184 2665 2406 2716 compa-

1339 2726 1517 2777 triotis
1543 2725 1676 2784 suis,
1707 2741 1817 2774 non
1857 2735 2073 2789 propter
2109 2739 2287 2784 suam,
2313 2724 2406 2774 sed

1338 2808 1556 2865 propter
1613 2797 2087 2862 compatriotarum
2145 2796 2406 2847 malitiam

1339 2883 1393 2922 ct
1429 2872 1720 2933 invidiam;
1749 2870 1922 2920 multo
1948 2868 2144 2920 fortius
2172 2885 2269 2920 nec
2307 2870 2407 2920 mi-

1343 2958 1502 2994 nores
1542 2942 1822 3008 Prophetae
1862 2940 2081 2992 fuerunt
2118 2942 2318 3007 accepti
2351 2941 2406 2991 in

1343 3014 1513 3079 patria
1563 3028 1683 3064 sua.
1735 3014 1821 3064 Ex
1871 3028 1983 3078 quo
2028 3022 2172 3078 patet
2219 3028 2406 3064 verum

1342 3100 1458 3135 esse
1519 3085 1664 3150 quod
1732 3084 1936 3134 dixerat
1992 3099 2005 3133 :
2062 3085 2208 3145 Quia
2259 3098 2408 3134 nemo

1343 3155 1616 3220 Propheta
1634 3161 1882 3220 acceptus
1901 3160 1983 3205 est
2011 3153 2064 3204 in
2076 3155 2267 3221 patria
2288 3167 2406 3204 sua.

1407 3242 1441 3293 9
1481 3227 1699 3276 Munna
1727 3227 2042 3275 SanarrAnA
2075 3240 2142 3274 Er
2186 3226 2408 3274 Nasium

1343 3314 1397 3348 m
1421 3312 1583 3347 seusu
1602 3313 1838 3348 urs-rim.
1864 3325 1924 3334 —
1947 3296 2218 3346 Moraliter
2232 3306 2408 3346 autem

1342 3368 1521 3428 vidua,
1555 3368 1621 3418 de
1645 3383 1753 3434 qua
1783 3368 1989 3418 dictum
2010 3376 2108 3427 est,
2142 3366 2186 3416 si
2196 3365 2412 3432 gnificat

1342 3441 1583 3491 animam
1629 3439 1991 3507 peccatricem,
2035 3454 2159 3505 quae
2210 3438 2415 3503 privata

1342 3521 1425 3562 est
1451 3511 1789 3576 amplexibus
1822 3509 2008 3576 sponsi
2054 3510 2138 3560 sui
2173 3508 2409 3572 Christi;

1345 3583 1506 3632 modo
1550 3582 1733 3633 multae
1778 3581 1955 3633 viduae
2005 3582 2137 3631 tales
2183 3589 2311 3629 sunt
2352 3578 2411 3629 in

1347 3656 1570 3716 mund0,
1601 3665 1782 3706 tamen
1824 3655 1888 3705 ad
1924 3655 2130 3704 nullam
2181 3651 2414 3702 mittitur

1347 3726 1509 3786 Elias,
1543 3726 1648 3776 nisi
1676 3726 1742 3775 ad
1772 3725 1920 3776 illam
1958 3739 2080 3789 quae
2112 3732 2193 3772 est
2225 3722 2283 3771 in
2316 3723 2414 3773 Sa·-

1346 3806 1492 3862 repta
1540 3796 1796 3847 Sidoniae.
1837 3797 2054 3859 Sarepta
2098 3793 2415 3857 interpreta-

1345 3879 1436 3919 tur
1462 3869 1777 3931 incendium,
1810 3868 1893 3919 vel
1927 3867 2189 3932 angustia
2215 3866 2383 3934 panis
2395 3884 2415 3930 ,-

1345 3939 1826 4001 Sidonia,·venatio
1857 3937 2081 4002 inutiliS,
2117 3949 2169 3989 et
2197 3937 2414 4005 signifi-
