2757 4413
384 299 488 348 700
955 294 1195 347 PRIMAE
1224 299 1473 355 PARTIS
1505 304 1740 359 CAPUT
1773 310 2024 366 LXXVII.

383 412 523 448 sum.
566 420 589 445 »
638 403 789 456 Unde
841 417 894 457 et
931 409 1134 462 Seneca
1164 430 1182 463 .-
1212 432 1240 460 «
1272 416 1448 469 Potest

386 482 565 522 nostra
604 479 939 540 providentia
982 483 1280 550 longiorem
1313 506 1443 555 pro-

381 556 566 606 rogare
615 546 741 597 huic
773 554 1089 616 corpusculo
1128 572 1353 620 moram,
1397 562 1441 611 si

381 614 681 680 voluptates
711 621 913 686 quibus
947 627 1118 692 major
1145 645 1265 694 pars
1286 633 1440 698 perit,

377 687 674 749 poterimus
727 707 927 759 regere,
974 707 1025 746 et
1073 715 1309 754 coercere
1358 723 1370 754 ε
1411 725 1440 754 »

379 756 493 807 haec
539 761 759 814 Seneca.
794 765 1017 832 Propter
1058 772 1441 828 abundantiam

378 841 594 893 quoque
642 842 694 882 et
732 837 1151 900 superfluitatem
1191 844 1441 897 ciborum

369 905 427 946 et
462 908 707 962 potuum,
738 920 885 956 mors
915 910 1210 973 plurimum
1243 911 1443 968 accele-

374 976 538 1017 ratur.
601 971 783 1023 Plures
837 976 980 1028 enim
1026 996 1090 1030 ex
1146 985 1442 1049 repletione

371 1051 541 1101 quam
594 1056 657 1090 ex
707 1049 1068 1102 attenuatione
1113 1055 1436 1108 moriuntur.

376 1107 527 1159 Unde
580 1112 709 1164 dicit
752 1117 1133 1188 Hippocrate-5,
1182 1130 1327 1193 quod
1373 1145 1439 1180 ex

371 1181 731 1249 plenitudine,
776 1207 1112 1263 quaecunque
1163 1201 1440 1267 aegritudi-

375 1270 468 1305 nes
504 1273 840 1322 generantur.
879 1268 1015 1320 Vitae
1042 1272 1202 1323 etiam
1237 1291 1439 1341 paupe-

373 1341 493 1376 rum
547 1334 731 1384 nullus
774 1340 933 1389 struit
968 1342 1214 1408 insidias;
1245 1347 1440 1400 divites

367 1406 550 1448 ¹autem
602 1402 660 1452 in
701 1408 851 1457 omni
902 1411 1037 1473 loc0‚
1063 1414 1182 1465 cibo
1217 1427 1273 1467 et
1307 1429 1438 1484 potu

370 1469 566 1523 timent
636 1492 739 1530 eaS.
822 1482 976 1534 Unde
1043 1487 1367 1556 Theophilus
1419 1511 1438 1544 .-

371 1557 399 1586 «
427 1542 543 1592 Hoc
569 1545 701 1596 dicit
728 1550 994 1604 Dominus
1039 1557 1281 1610 refellens
1309 1577 1436 1613 ava-

369 1628 552 1664 rorum
628 1618 950 1675 intentiones
976 1665 989 1687 ‚
1036 1630 1131 1694 qui
1185 1632 1437 1684 videntur

368 1697 673 1736 coacervare
693 1690 921 1758 divitiaS,
937 1699 1090 1762 quasi
1113 1701 1205 1750 diu
1216 1703 1428 1754 victuri.

369 1754 468 1809 Sed
499 1760 766 1823 numquid
814 1773 865 1813 te
909 1769 1183 1831 opulentia
1226 1773 1431 1839 longae-

367 1841 494 1874 vum
525 1827 750 1882 efficiet?
792 1834 932 1892 Quid
962 1839 1125 1905 igitur
1153 1846 1432 1898 manifeste

367 1895 603 1946 sustines
629 1902 766 1952 mala
799 1913 907 1954 tam
943 1907 1156 1962 incertae
1196 1915 1428 1979 quietis?

368 1966 505 2017 Nam
533 1969 760 2022 dubium
789 1987 871 2027 est
894 1993 963 2028 an
983 1981 1174 2035 debeas
1190 1987 1429 2054 attinge—

367 2055 424 2089 re
464 2041 697 2105 senium,
749 2049 901 2114 cujus
943 2055 1115 2118 gratia
1157 2059 1428 2113 thesauri-

363 2124 469 2160 zas.
500 2130 527 2158 »

430 2179 457 2232 3
488 2183 804 2240 Smimruno
845 2210 1038 2247 mvi-ns
1092 2216 1301 2254 nonam
1341 2222 1431 2256 na-

361 2270 601 2306 sTRUERE
651 2276 923 2319 vomitus,
974 2299 1037 2310 -
1094 2274 1160 2325 Et
1199 2278 1269 2327 ad
1328 2280 1427 2330 de-

364 2329 666 2380 testandum
708 2337 1001 2402 avaritiam,
1044 2355 1099 2396 et
1144 2347 1212 2395 ad
1263 2364 1424 2400 suum

362 2400 696 2463 propositum
752 2407 1126 2466 declarandum
1151 2455 1164 2478 ,
1220 2418 1427 2473 inducit

362 2468 805 2528 similitudinem.⁴
850 2481 1005 2534 Unde
1052 2486 1196 2539 idem
1244 2491 1424 2543 Theo-

354 2541 537 2605 philus
574 2561 591 2595 .·
620 2564 647 2592 ι(
672 2548 804 2600 Dico
841 2556 988 2618 quod
1041 2573 1106 2608 ex
1151 2561 1424 2616 affluentia

358 2628 523 2679 opum
557 2634 669 2669 non
703 2626 994 2686 protelatur
1028 2631 1137 2682 vita
1164 2633 1419 2699 humana,

357 2686 425 2734 ad
465 2687 627 2753 hujus
668 2691 829 2748 fidem
856 2700 1158 2762 parabolam
1197 2706 1418 2760 subdit:

356 2756 609 2809 Hominis
655 2764 933 2831 cujusdam
985 2771 1169 2824 divitis
1234 2777 1420 2829 uberes
1459 2813 1464 2818 ·

344 2828 569 2891 fructus
600 2848 739 2899 ager
782 2842 979 2906 attulit,
1027 2845 1084 2894 id
1117 2857 1201 2902 est
1240 2849 1418 2901 abun-

356 2897 540 2948 dantes
582 2911 632 2952 et
672 2909 841 2959 multo
884 2914 1064 2976 plures
1107 2932 1271 2982 quam
1299 2922 1415 2971 sol-

354 2964 499 3017 licito
536 2986 696 3024 cursu
726 2982 1032 3047 consuevit3
1057 2992 1109 3036 et
1137 2989 1415 3054 cogitabat

354 3051 461 3099 prae
502 3040 888 3110 sollicitudine,
920 3054 1050 3118 quia
1088 3059 1417 3113 abundantia

347 3106 660 3163 divitiarum
721 3115 926 3171 inducit
972 3126 1409 3193 sollicitudinem,

352 3188 406 3229 et
445 3196 541 3246 per
593 3201 929 3255 consequens
962 3197 1130 3248 animi
1166 3203 1410 3255 anxieta-

349 3259 477 3312 tem,
524 3255 653 3320 quia
703 3275 809 3310 non
861 3270 1109 3332 supplent
1151 3272 1408 3340 indigen-

348 3322 555 3375 tiam-»
596 3330 913 3398 Cogitabat,
971 3339 1213 3407 inquam,
1262 3347 1407 3399 intra

347 3409 405 3445 se
443 3397 641 3463 dicem,
675 3419 785 3455 non
833 3420 978 3462 extra
1010 3428 1070 3463 se
1109 3417 1403 3483 proferenS,

344 3480 411 3515 ne
425 3468 700 3523 audiretur
712 3490 728 3537 ;
754 3476 904 3529 dives
924 3479 1076 3532 enim
1090 3500 1279 3537 avarus
1293 3504 1406 3539 otn-

343 3552 464 3588 nem
494 3540 771 3597 hominem
803 3549 971 3603 timet.
1014 3554 1172 3621 Nam,
1207 3574 1402 3611 secun-
1432 3563 1442 3577 '

341 3608 471 3660 dum
517 3616 912 3684 Augustinum,
962 3624 1104 3677 videt
1158 3629 1398 3693 divitem,

340 3690 392 3731 et
434 3688 664 3739 aestimat
708 3694 1039 3760 praedonem;
1082 3699 1226 3751 videt
1262 3719 1399 3767 pau-

339 3769 537 3820 perem,
589 3773 643 3812 et
684 3767 982 3832 suspicatur
1024 3770 1216 3824 furem.
1257 3778 1402 3839 Quid

326 3826 553 3893 faciam,
592 3836 717 3898 quia
756 3854 858 3889 non
895 3841 1093 3896 habebo
1122 3862 1226 3911 quo
1262 3864 1396 3900 con-

334 3912 559 3964 gregem
572 3904 806 3968 fructus>
821 3913 1006 3965 meos?
1028 3917 1395 3983 Angustiaba-

1550 432 1638 474 tur
1675 427 1778 478 iste
1822 431 1970 483 dives
2010 448 2074 483 ex
2110 436 2393 500 opulentia,
2422 440 2578 494 infelix

1551 494 1606 543 in
1645 503 2000 562 praesentibus
2042 505 2217 567 boniS,
2246 507 2498 561 infelicior
2527 513 2577 563 in

1547 565 1770 637 futuris3
1810 589 1932 640 ager
1959 577 2105 627 enim
2134 578 2186 628 ei
2216 595 2327 629 non
2356 591 2456 631 tam
2484 585 2578 634 red·

1547 639 1709 703 ditus,
1737 659 1901 710 quam
1937 648 2169 714 gemitus
2200 652 2375 702 attulit
2405 655 2577 719 gravio-

1548 724 1654 774 res;
1699 724 1750 763 et
1798 717 2101 768 sollicitudo
2147 720 2318 771 nimia
2354 724 2504 774 crevit
2533 724 2574 774 ei

1546 798 1609 832 ex
1639 787 1875 850 avaritia,
1905 801 1957 840 et
1976 793 2227 858 angustia
2253 811 2318 845 ex
2348 796 2571 848 satietate.

1545 855 1835 908 Destruam
1887 861 2082 912 horrea
2134 879 2252 916 mea
2301 873 2354 917 et
2394 868 2574 935 majora

1546 927 1763 984 faciam.
1797 931 1917 982 Non
1942 936 2222 1000 oportebat
2261 953 2383 988 eum
2413 939 2575 990 horrea

1543 997 1780 1061 dilatare,
1823 1003 1959 1054 bene
1996 1016 2148 1056 erant
2187 1007 2375 1059 horrea
2405 1020 2571 1074 parata,

1544 1070 1745 1123 scilicet
1769 1090 2065 1141 pauperum
2095 1080 2441 1132 esurientium
2462 1098 2572 1132 ven—

1543 1153 1674 1207 trem
1713 1148 1808 1196 sed
1853 1165 1963 1199 non
2007 1153 2266 1203 meminit
2298 1154 2573 1235 communis

1544 1226 1765 1278 naturae,
1812 1235 1910 1270 nec
1962 1221 2164 1273 sciebat
2213 1225 2451 1290 cogitare,
2486 1225 2572 1274 nisi

1542 1285 1607 1334 de
1633 1292 2041 1354 congregatione
2067 1296 2368 1360 temporali,
2393 1312 2490 1345 non
2521 1295 2574 1344 de

1541 1360 1760 1421 coelesti,
1786 1364 1942 1428 cujus
1977 1366 2171 1418 horrea
2197 1379 2326 1419 sunt
2352 1383 2573 1435 pauperes

1543 1429 1762 1482 Christi.
1808 1435 1888 1484 Et
1942 1436 2089 1500 illuc,
2136 1438 2337 1505 inquit,
2375 1453 2574 1519 congre-

1540 1501 1700 1565 gab0‚
1744 1518 1867 1553 cum
1896 1520 1926 1555 e
1960 1509 2234 1559 contrario
2268 1510 2469 1560 deberet
2497 1510 2573 1588 di·-

1540 1574 1655 1620 cere
1696 1572 2002 1640 dispergam
2041 1579 2384 1644 pauperibuS‚
2422 1592 2570 1630 omma

1538 1658 1657 1708 quae
1696 1653 1825 1696 nata
1863 1655 1989 1698 sunt
2014 1651 2161 1713 mihi,
2193 1652 2249 1701 id
2284 1661 2362 1701 est
2386 1660 2570 1717 propter

1538 1729 1624 1764 me
1652 1717 1848 1777 solum,
1883 1720 1965 1768 vel
1994 1736 2117 1770 meo
2156 1722 2357 1781 labore,
2385 1727 2432 1770 et
2454 1722 2567 1800 bona

1536 1800 1667 1847 inea,
1698 1787 1757 1837 in
1784 1804 1896 1854 quo
1923 1789 2051 1841 dicit
2077 1792 2434 1851 mendacium,
2460 1805 2565 1856 quia

1535 1871 1599 1906 ex
1642 1856 1926 1924 iniquitate
1954 1861 2281 1927 dictumest
2316 1878 2480 1913 meum
2520 1872 2564 1911 et

1533 1940 1708 1994 tuum,
1736 1947 1862 1981 cum
1890 1934 2075 1984 omnia
2112 1935 2236 2000 jure
2273 1947 2459 1986 naturae
2489 1949 2562 1984 es·-

1532 2012 1652 2052 sent
1688 2006 2015 2057 communia.
2046 2007 2196 2059 Bona
2225 2024 2321 2059 sua
2350 2017 2564 2074 reputant

1533 2078 1863 2141 temporalia,
1889 2094 2014 2129 cum
2036 2087 2223 2130 tamen
2250 2080 2564 2159 hominis‚·ut

1533 2145 1699 2196 homo
1755 2157 1868 2208 est,
1919 2148 2030 2198 sint
2082 2150 2226 2200 bona
2269 2151 2560 2217 spiritualia,

1532 2226 1584 2266 et
1620 2233 1730 2267 non
1770 2228 1997 2270 terrena.
2031 2221 2190 2271 Unde
2234 2221 2516 2289 Gregorius
2542 2235 2561 2269 t

1533 2305 1560 2333 α
1598 2288 1720 2338 Non
1757 2299 1840 2339 est
1863 2289 2106 2341 hominis
2136 2301 2348 2343 terrena
2377 2304 2562 2356 posses-

1531 2359 1613 2409 sio
1635 2399 1649 2423 ,
1706 2362 1799 2411 sed
1856 2362 2111 2413 coelestis·
2164 2382 2196 2411 n
2249 2366 2314 2414 Et
2358 2363 2561 2444 Amin-f)-

1530 2431 1644 2481 sius
1673 2450 1695 2482 :
1737 2452 1762 2479 «
1798 2435 1922 2483 Non
1977 2444 2103 2485 sunt
2139 2435 2284 2486 bona
2333 2436 2560 2491 hominis,

1528 2518 1649 2568 quae
1689 2519 1868 2555 secum
1902 2506 2041 2556 ferre
2077 2522 2193 2557 non
2229 2517 2424 2573 potest;
2466 2504 2560 2553 sola

1527 2575 1892 2627 misericordia
1935 2588 2018 2628 est
2067 2594 2250 2629 comes
2307 2577 2560 2655 defuncto·

1527 2660 1665 2695 rum.
1703 2665 1732 2693 ³>
1776 2647 1932 2697 Unde
1972 2647 2110 2697 dixit
2150 2649 2373 2715 quidam
2398 2646 2557 2712 philo-

1521 2717 1745 2781 sophus,
1787 2718 1883 2783 qui
1911 2718 1978 2769 de
2019 2717 2279 2771 incendio‘
2308 2725 2555 2770 evaserat:

1523 2787 1636 2852 Ego
1676 2786 1818 2836 nihil
1865 2789 2093 2854 perdidi,
2136 2790 2280 2840 bona
2320 2804 2432 2839 mea
2467 2800 2556 2836 me-

1522 2872 1644 2906 cum
1671 2868 1825 2921 sunt3
1856 2859 2040 2909 animo
2082 2860 2234 2910 enim
2272 2860 2361 2909 illa
2404 2865 2552 2923 porto,

1519 2942 1630 2976 non
1686 2928 1947 2979 humeris,
1978 2930 2147 2980 ¹Bona
2187 2940 2386 2988 nostra,
2433 2927 2553 2976 bona

1518 2998 1729 3049 interna
1766 3010 1911 3051 sunt.
1960 3000 2112 3051 Unde
2142 3002 2345 3051 Seneca
2376 3018 2392 3049 :
2427 3017 2454 3045 α
2476 2999 2557 3077 Sa·

1516 3070 1670 3136 piens
1697 3071 1838 3121 intra
1871 3087 1930 3121 se
1959 3086 2122 3121 omne
2148 3072 2349 3123 bonum
2385 3081 2551 3120 termi-

1516 3144 1683 3194 nabit.
1713 3163 1740 3191 i>
1762 3145 1833 3194 Et
1854 3145 1986 3196 dicit
2006 3146 2152 3195 idem
2180 3148 2394 3206 Seneca,
2424 3140 2550 3221 qupd

1514 3213 1755 3279 quidam,
1781 3226 1935 3280 capta
1961 3215 2132 3281 patria
2149 3226 2202 3265 et
2218 3215 2399 3266 liberis
2413 3225 2551 3262 amis·
2600 3277 2604 3284 Δ

1513 3284 1605 3345 sis⁹
1634 3301 1757 3335 cum
1796 3303 1862 3337 ex
1887 3288 2134 3348 incendio
2165 3288 2376 3367 publico
2403 3285 2546 3343 soluS,

1512 3366 1564 3406 et
1598 3365 1778 3407 tamen
1815 3358 2017 3422 beatus»,
2060 3360 2226 3410 exiret
2277 3376 2291 3409 :
2341 3367 2549 3434 interro-

1510 3426 1657 3492 ganti
1678 3423 1884 3478 'victori
1914 3445 2045 3479 num
2085 3429 2290 3495 aliquid
2317 3425 2550 3493 perdidis-

1508 3507 1604 3547 set.
1626 3497 1795 3558 Nihil,
1815 3498 2011 3565 inquit,
2030 3499 2262 3564 perdidi;
2288 3499 2419 3578 bona
2444 3505 2547 3543 mea

1508 3583 1720 3618 mecum
1744 3578 1888 3618 sunt.
1907 3570 1986 3619 Et
2009 3569 2184 3619 dicam
2205 3581 2396 3618 ammae
2412 3576 2543 3645 ηξεᾱῗ»

1507 3638 1563 3687 id
1615 3649 1697 3689 est
1734 3639 2040 3691 animilitati
2079 3656 2229 3700 meae,
2272 3640 2354 3690 vel
2390 3635 2547 3686 mihi-

1506 3708 1738 3775 metipsi,
1770 3711 2060 3760 secundum
2098 3712 2242 3778 quod
2275 3720 2416 3792 totus
2446 3706 2540 3787 119,-

1506 3797 1594 3831 mo
1621 3782 2000 3834 denominatur
2032 3799 2064 3834 a
2099 3795 2244 3849 parte
2274 3783 2497 3859 digniori
2521 3789 2536 3823 ε

1501 3852 1697 3902 Anima
1726 3869 1861 3917 mea,
1888 3854 2051 3906 habes
2070 3856 2236 3907 multa
2265 3855 2415 3934 bona,
2437 3860 2536 3897 11110

1501 3923 1797 3975 habebatur
1832 3927 1910 3997 ‘ab
1964 3927 2063 3989 eis,
2112 3926 2326 3994 posita,
2375 3923 2427 3975 id
2462 3934 2533 3977 est
