2757 4413
291 298 403 368 7715

308 418 438 469 Hoec
467 426 646 468 autem
674 415 785 467 'tria
824 430 920 482 per
955 413 1246 479 quamdam
1276 428 1371 462 ex-

306 488 605 540 cellentiam
635 486 760 538 facit
795 484 951 536 nobis
988 484 1257 534 Dominus
1281 499 1372 533 no-

308 569 435 622 ster,
476 569 538 610 ut
581 560 775 611 merito
818 559 992 609 bonus
1037 567 1219 622 pastor
1264 556 1370 607 dici

307 634 504 685 debeat
561 651 576 684 ι
631 633 831 685 etenim
887 647 988 682 nos
1044 630 1234 696 pascit.
1271 646 1372 681 nos

265 704 276 717 '
310 707 509 774 diligit,
557 723 654 757 nos
685 705 941 756 defendit.
991 704 1247 755 Ostendit
1282 703 1373 753 ita-

307 791 420 844 que
459 777 708 828 Christus
756 776 857 825 sub
893 774 1211 840 metaphora
1245 787 1375 839 prae-

310 846 453 898 dicta
498 848 643 914 quod
685 861 781 912 per
819 861 945 895 eum
981 855 1240 910 tanquam
1281 859 1376 909 per

309 918 514 970 ostium
581 917 653 967 sit
710 918 1053 977 intrandum,
1111 925 1165 966 et
1228 914 1375 981 quod

309 988 430 1055 ipse
471 998 651 1056 pastor
704 990 877 1039 bonus
928 988 998 1038 sit
1049 987 1374 1051 sequendus,

314 1062 528 1112 Bonum
590 1078 719 1128 ergo
772 1072 1038 1128 pastorem
1085 1058 1374 1109 Christum

309 1147 639 1199 sequamur3
720 1133 823 1182 sub
897 1133 1011 1197 ejus
1095 1128 1380 1195 disciplina

311 1217 665 1265 maneamus;
721 1212 776 1252 et
829 1217 1014 1253 vocem
1074 1208 1378 1266 praecepto-

313 1287 436 1323 rum
467 1289 527 1324 ac
548 1274 901 1325 consiliorum
934 1274 1049 1338 ejus
1077 1272 1376 1330 audiamus,

309 1352 375 1394 ut
397 1343 508 1394 ab
496 1360 615 1412 ipso
633 1345 775 1410 pasci
802 1340 1132 1394 mereamur¹
1168 1342 1380 1400 Quanta

312 1429 441 1466 vero
477 1414 642 1467 fuerit
678 1415 841 1480 hujus
885 1412 1118 1480 piissimi
1145 1411 1380 1478 pastoris

313 1487 380 1538 ad
402 1489 638 1556 perditas
665 1503 794 1538 oves
820 1485 1206 1537 sollicitudinis
1234 1499 1377 1545 cura,

313 1571 622 1629 quantaque
674 1560 984 1620 clememia,
1038 1559 1152 1624 ipse
1199 1559 1382 1609 bonus

311 1643 498 1699 pastor
533 1634 662 1685 alibi
714 1634 771 1684 in
833 1632 1085 1699 parabola
1147 1634 1381 1697 pastoris

309 1712 369 1754 et
397 1704 522 1755 ovis
556 1705 857 1755 centesimae
897 1703 1134 1769 perditae,
1178 1702 1381 1752 multa-

315 1790 424 1841 que
466 1791 591 1826 cura
636 1777 894 1841 quaesitae,
936 1791 994 1824 ac
1029 1774 1264 1824 tandem'
1289 1774 1380 1823 in-

313 1855 505 1905 ventae,
533 1854 588 1895 et
641 1846 699 1894 in
744 1846 986 1895 humeris
1017 1861 1139 1894 cum
1183 1845 1380 1911 gaudio

311 1923 612 1979 reportatae,
656 1914 744 1980 pia
789 1915 1101 1980 metaphora
1147 1914 1377 1978 indicat;

309 1983 412 2033 sed
466 1983 558 2034 hic
600 1982 848 2035 sermone
897 2000 1147 2050 expresso
1200 1994 1381 2051 aperte

316 2053 565 2118 declarat,
582 2071 712 2105 cum
756 2055 938 2105 dicit·
978 2056 1163 2106 Bonus
1181 2062 1380 2123 pastor

311 2125 548 2176 animam
570 2140 724 2176 suam
754 2127 852 2177 dat
877 2140 985 2192 pro
1012 2126 1200 2177 ovibus
1231 2127 1370 2177 suis.

308 2195 423 2247 Et
407 2213 471 2248 m
499 2213 561 2249 eo
610 2197 744 2248 illud
768 2197 1145 2265 propheticum
1174 2213 1298 2248 vere
1328 2208 1381 2248 et

314 2270 548 2337 peffecte
565 2271 821 2339 impletur
845 2289 858 2322 ε
882 2272 1036 2323 Sicut
1046 2278 1243 2338 pastor
1259 2287 1383 2338 gre·

313 2357 439 2409 gem
466 2357 620 2394 suum
642 2349 865 2410 pascet5
894 2358 1018 2393 nam
1041 2352 1257 2410 propter
1277 2344 1380 2394 hoc

310 2415 542 2476 labores,
579 2415 927 2466 lassitudines
954 2425 1006 2465 et
1034 2415 1237 2465 inedias
1266 2429 1381 2480 pas-

309 2500 441 2550 sus3
490 2486 631 2537 inter
654 2486 1055 2536 Pmrisaeorum
1080 2485 1305 2535 insidias
1327 2495 1381 2535 et

309 2557 551 2623 ,pericula
588 2558 777 2617 multa,
830 2555 1246 2621 evangelizando
1287 2571 1377 2606 re—

315 2642 485 2693 gnum
510 2628 626 2687 Dei,
656 2628 898 2677 civitates
921 2626 1188 2675 circuibat
1222 2636 1274 2676 et
1297 2641 1381 2676 ca-

320 2699 505 2762 stella;
556 2709 739 2749 noctes
775 2698 1009 2748 ducebat
1047 2697 1108 2746 in
1134 2696 1380 2747 oratione

317 2771 635 2838 pervigilem
677 2787 778 2822 nec
814 2771 1209 2822 Pharisaeorum
1233 2770 1380 2821 veri-

321 2852 412 2894 tus
431 2860 683 2896 murmur
714 2856 767 2896 et
794 2846 1123 2908 scandalum,
1147 2844 1383 2911 publica-

323 2916 413 2967 nis
440 2933 500 2968 se
527 2920 798 2984 praebebat
824 2920 1113 2979 affabilem,
1138 2934 1382 2969 asserens

314 3000 535 3055 *propter
559 2992 697 3042 male
730 2992 988 3043 habentes
1009 3008 1066 3044 se
1089 2991 1301 3043 venisse
1322 2991 1380 3041 in

324 3064 623 3128 mundum;
683 3066 748 3115 ad
799 3066 1113 3131 poenitentes
1162 3081 1383 3132 quoque

318 3144 598 3202 paternum
660 3138 1020 3202 praetendebat
1090 3135 1335 3187 affectum
1365 3176 1380 3198 ,

320 3218 565 3274 apertum
619 3207 698 3259 eis
726 3210 1011 3260 ostendens
1041 3209 1239 3260 divinae
1268 3209 1380 3259 mi-

297 3279 619 3331 ‘sericordiae
648 3279 851 3331 sinum.

380 3352 414 3403 8
472 3354 823 3403 Exnonrarro
868 3369 936 3402 An
998 3368 1264 3403 msromzs
1307 3368 1381 3403 ur

313 3439 542 3474 nmium
610 3424 888 3474 Pasa-otum
949 3439 1257 3475 niwenruit.
1318 3452 1380 3462 —

281 3494 508 3545 *Audite
546 3495 679 3555 haec,
731 3504 1005 3561 pastores,
1052 3504 1103 3543 et
1148 3494 1214 3545 ab
1263 3509 1378 3544 uno

318 3564 535 3616 Pastore
573 3565 704 3616 boni
752 3574 992 3631 pastores
1037 3580 1155 3615 esse
1211 3564 1378 3615 disci-

312 3646 395 3701 te;
444 3639 592 3705 quod
645 3638 760 3705 ipse
806 3636 949 3700 fecit,
991 3636 1103 3687 'hoc
1150 3647 1203 3688 et
1260 3653 1376 3699 vos,

311 3708 358 3759 si
386 3726 602 3762 necesse
646 3710 824 3771 fuerit,
869 3709 1039 3760 facite.
1083 3709 1167 3759 Ut·
1197 3720 1376 3761 autem

279 3779 484 3845 ‘Hugo
522 3781 703 3832 dicit:
747 3800 775 3827 «
812 3750 1066 3831 Animam
1111 3795 1219 3845 pro
1260 3780 1380 3830 ovi-

278 3848 416 3897 ·bus
459 3852 630 3916 ponit,
680 3853 775 3918 qui
837 3852 1201 3917 periculosum
1247 3850 1382 3915 regi-

281 3917 484 3969 minis
513 3922 690 3971 locum
734 3924 1046 3986 ascendens,
1090 3920 1270 3971 clauso
1296 3920 1377 3970 si-

821 297 1068 347 PRIMAE
1102 294 1352 346 PARTIS
1385 294 1622 346 CAPUT
1657 294 1939 347 LXXXVI.

1476 410 1629 462 lentii
1658 411 1818 472 ostio,
1840 411 2203 462 claustralium
2229 427 2451 478 gregem
2488 413 2560 464 in

1480 498 1606 549 pace
1639 484 1912 548 ‹custodit5
1959 483 2194 533 animam
2237 484 2408 549 ponit,
2448 486 2558 551 qui

1476 554 1630 604 solus
1657 553 1802 604 inter
1827 554 2101 604 mundana
2126 555 2362 620 pericula
2393 567 2563 606 exte—

1476 625 1619 675 riora
1672 625 1887 691 negotia
1941 640 2133 675 curans
2152 663 2167 686 ,
2242 627 2562 676 necessaria

1477 696 1704 762 quoerit3
1731 696 1965 747 animam
1995 696 2166 763 ponit,
2197 697 2293 762 qui
2320 698 2387 747 ad
2412 712 2561 749 sus-

1487 767 1711 817 tinenda
1760 767 1933 834 turgia
1960 768 2034 817 rei
2084 766 2369 818 familiaris
2417 767 2561 830 ex'i't,

1482 836 1578 905 qui
1607 838 1748 889 inter
1776 838 2115 890 adulantium
2154 848 2208 890 et
2247 839 2561 891 detrahen-

1478 913 1620 963 tium
1659 913 1873 980 linguas
1919 913 2129 966 medius
2174 914 2394 976 incedit,
2448 915 2558 982 qui

1483 999 1583 1049 pro
1620 983 1864 1036 ‘infirmis
1896 985 2103 1036 laborat
2154 996 2209 1036 et
2236 986 2561 1037 laborantes

1483 1057 1667 1122 pascit,
1707 1058 2011 1109 consolatur
2047 1058 2445 1124 pusillanimes,
2504 1070 2561 1110 et

1485 1142 1613 1176 cum
1659 1127 1910 1193 superbis
1953 1128 2276 1195 increpando
2318 1139 2563 1179 conten-

1482 1197 1565 1247 dit
1592 1215 1668 1248 ε.»
1699 1199 1817 1250 haec
1852 1200 2043 1267 Hugo.
2078 1201 2283 1267 Nempe
2308 1201 2375 1251 ad
2403 1215 2562 1251 onus

1483 1284 1623 1320 curae
1647 1272 1930 1336 pastoralis
1962 1273 2282 1338 portandum
2320 1282 2373 1323 et
2396 1273 2566 1323 salu-

1480 1347 1592 1389 tem
1626 1341 1998 1405 proximorum
2030 1344 2391 1408 quoerendam,
2414 1343 2562 1394 hor-

1481 1418 1625 1460 tatur
1650 1412 1966 1463 Ber-nardus
2006 1414 2070 1463 ad
2100 1414 2389 1479 quemdam
2428 1414 2560 1464 Ab·

1482 1480 1684 1542 batem,
1707 1481 1785 1532 sic
1805 1483 2074 1535 scribens:
2097 1503 2125 1531 «
2151 1486 2336 1534 Pascas
2359 1485 2558 1546 verbu,

1484 1569 1668 1618 pascas
1706 1556 1971 1621 exemp10,
2010 1571 2193 1622 pascas
2237 1567 2290 1607 et
2332 1567 2561 1608 sancta-

1486 1640 1608 1675 rum
1634 1626 1817 1676 fructu
1844 1627 2173 1678 orationum.
2196 1629 2420 1678 Manent
2446 1628 2562 1679 ita-

1484 1711 1593 1762 que
1621 1696 1723 1747 tria
1747 1697 1861 1747 haec
1898 1714 1913 1747 ε
1942 1700 2186 1759 verbum,
2217 1699 2557 1765 exemphnn,

1485 1766 1672 1827 orati0,
1701 1769 1870 1833 major
1896 1779 2078 1820 autem
2109 1769 2197 1820 his
2236 1778 2316 1820 est
2342 1770 2554 1834 orati03

1482 1853 1609 1888 nam
1628 1838 1729 1889 etsi
1759 1839 1904 1890 vocis
1932 1840 2102 1890 virtus
2120 1841 2197 1890 sit
2218 1856 2376 1906 opuS,
2395 1841 2557 1906 operi

1484 1916 1664 1958 tamen
1690 1918 1742 1960 et
1758 1909 1875 1959 voci
1894 1911 2118 1975 gratiam
2151 1910 2561 1979 efficaciamque

1482 1990 1821 2045 promeretur
1844 1981 2035 2032 oratio,
2064 1981 2211 2042 Quid
2237 1982 2480 2033 causaris
2504 1992 2559 2033 te

1478 2049 1812 2117 aliquorum,
1850 2052 1952 2119 qui
1982 2063 2158 2103 tecum
2187 2063 2332 2113 sunt,
2374 2054 2560 2121 magis

1484 2126 1692 2192 gravari
1728 2127 2022 2189 consorti0,
2057 2143 2221 2194 quam
2251 2128 2358 2178 frui
2398 2130 2559 2180 sola-

1483 2200 1591 2253 tio?
1627 2202 1870 2271 Denique
1908 2203 1965 2254 in
1994 2214 2259 2271 quantum
2291 2203 2555 2270 gravaris,

1483 2271 1540 2321 in
1565 2282 1781 2325 tantum
1810 2275 2060 2338 lucraris3
2095 2286 2147 2326 et
2192 2275 2248 2325 in
2280 2286 2556 2341 quantum

1480 2344 1699 2408 juvaris,
1730 2344 1790 2394 in
1828 2354 2033 2395 tantum
2063 2356 2156 2395 tua
2183 2344 2282 2394 tibi
2320 2345 2558 2411 praemia

1483 2414 1738 2465 minuis·
1727 2415 1919 2482 ‚elige
1938 2430 2070 2481 ergo
2099 2431 2238 2481 quos
2263 2415 2555 2500 eligas,an

1483 2488 1578 2554 qui
1608 2490 1873 2555 gravando
1897 2490 2099 2555 juvant,
2130 2504 2199 2539 an
2230 2489 2325 2555 qui
2350 2490 2556 2554 juvan-

1483 2558 1554 2609 do
1584 2570 1822 2625 gravant.
1871 2560 1945 2610 Hi
1990 2559 2090 2610 tibi
2147 2560 2556 2625 promeritores,

1484 2631 1566 2682 illi
1591 2631 1920 2683 fraudatores
1947 2633 2265 2683 meritorum
2289 2633 2555 2685 existunt.

1483 2705 1620 2754 Nam
1642 2705 1738 2770 qui
1760 2704 1894 2755 socii
1924 2704 2145 2765 laboriS,
2164 2707 2356 2771 procul
2379 2706 2555 2756 dubio

1482 2787 1535 2827 et
1568 2777 1831 2827 mercedis
1858 2777 2147 2844 participes
2164 2787 2338 2827 erunt.
2360 2778 2557 2829 Sciens

1484 2863 1611 2914 ergo
1640 2858 1692 2898 te
1721 2848 1949 2899 missum
1992 2849 2190 2913 juvare,
2219 2863 2325 2898 non
2354 2848 2553 2929 juvini,

1485 2918 1634 2969 illius
1674 2928 1728 2968 te
1773 2926 1823 2969 et
1861 2934 2088 2986 agnosce
2124 2918 2410 2980 vicarium,
2451 2920 2551 2987 qui

1485 2993 1629 3043 vemt
1653 2992 1984 3055 ministrare,
2016 2997 2071 3042 et
2097 3006 2198 3042 non
2226 2992 2558 3044 ministrari.

1485 3062 1634 3112 Beati
1670 3061 1718 3111 si
1754 3061 1832 3111 sic
1875 3061 2333 3127 permanserimus
2379 3077 2560 3131 usque

1485 3133 1543 3184 in
1573 3131 1764 3195 finem;
1798 3148 2012 3198 semper
2069 3140 2122 3183 et
2167 3133 2372 3200 ubique
2400 3149 2557 3201 quae-

1479 3216 1662 3256 rentes
1700 3221 1814 3255 non
1871 3220 1993 3271 quae
2024 3215 2207 3256 nostra
2264 3217 2412 3262 sunt.
2454 3208 2555 3259 sed

1483 3291 1604 3342 quae
1621 3276 1747 3326 Jesu
1763 3275 1965 3326 Christi
1987 3293 2050 3326 :m
2077 3277 2189 3326 haec
2208 3277 2552 3327 Ber-nardus·

1483 3346 1590 3397 Sed
1612 3346 1677 3396 ad
1707 3346 1824 3396 haec
1853 3346 2095 3397 facienda
2113 3362 2328 3397 necesse
2357 3347 2558 3398 estha-

1485 3418 1607 3468 bere
1664 3432 1753 3467 cor
1799 3418 1934 3467 bene
1997 3417 2103 3467 sibi
2154 3417 2440 3468 conscium
2498 3426 2555 3468 et

1484 3489 1863 3540 conscientiam
1893 3504 2151 3540 securam.
2202 3489 2359 3540 Unde
2399 3489 2552 3539 idem

1486 3562 1803 3612 Ber-nardus
1832 3579 1849 3611 .·
1884 3579 1911 3606 α
1938 3561 1998 3610 In
2020 3561 2278 3611 omnibus
2305 3560 2440 3611 actis
2464 3562 2552 3611 vel

1481 3631 1641 3682 dictis
1662 3632 1795 3689 suiS,
1826 3630 1967 3681 nihil
1989 3647 2150 3681 suum
2180 3630 2305 3697 quis
2348 3640 2559 3696 quaerat

1483 3703 1576 3752 sed
1596 3711 1828 3752 ·tantum
1848 3710 1946 3751 aut
1995 3701 2091 3751 Dei
2136 3701 2421 3762 honorem,
2455 3709 2552 3751 aut

1483 3776 1708 3825 salutem
1745 3775 2135 3840 proximorum,
2181 3783 2278 3823 aut
2325 3783 2550 3823 utrum-

1482 3861 1607 3912 que.
1635 3846 1742 3895 Nec
1770 3860 1905 3911 pure
1945 3845 2081 3895 valet
2104 3844 2221 3904 Dei,
2260 3843 2342 3895 vel
2373 3842 2551 3909 proxi·

1484 3918 1571 3969 mi*
1592 3932 1833 3985 quaerere
1866 3919 2032 3978 lucra,
2061 3917 2157 3983 qui
2189 3916 2410 3983 propria
2433 3931 2544 3966 non
