2757 4413
517 321 610 370 DE
650 319 1101 371 REFECTIONE
1134 319 1457 379 QUINQUE
1492 320 1789 372 MILLIUM
1822 321 2184 374 HOMINUM.

241 446 312 488 ex
369 434 624 485 miraculo
679 445 976 502 perpetrato
1027 451 1138 485 non
1195 434 1312 485 fieri

242 504 622 570 pusillanimes
643 506 700 555 in
720 505 1162 556 coarctationibus
1189 519 1314 571 pau·

242 576 482 641 pertatiS.
509 576 577 627 Et
604 576 738 627 bene
764 576 995 643 panibus
1027 576 1169 641 pavit
1193 575 1313 625 hor·

239 646 471 709 deaceis‚
516 647 650 712 quia
693 647 844 713 panis
890 647 1149 697 delicatus
1199 662 1310 697 non

241 716 353 781 hic,
397 718 491 768 sed
539 718 597 767 in
634 718 814 768 futuro
866 727 946 769 est
994 719 1308 784 gustandas.

240 786 471 847 Quoties
517 799 697 840 autem
736 789 1031 839 Dominum
1077 789 1309 857 legimus

237 875 306 910 ex
331 860 517 926 paucis
540 862 772 927 panibus
796 862 992 912 multas
1014 861 1305 913 hominum

235 932 427 983 turbas
483 935 721 999 pavisse,
783 949 893 984 non
958 943 1168 985 tantum
1227 945 1308 986 est

235 1004 584 1064 mirandum,
616 1015 880 1071 quantum
925 1007 1305 1057 venerandum.

233 1074 364 1124 Non
393 1084 476 1125 est
504 1075 705 1125 mirum
734 1076 862 1141 quia
892 1076 1051 1142 pavit,
1081 1077 1174 1127 sed
1203 1093 1308 1142 po-

231 1144 348 1195 tius
364 1147 749 1206 venerandum,
771 1147 899 1212 quia
918 1146 1085 1198 facere
1103 1149 1304 1210 voluit3

231 1215 333 1281 qui
367 1214 522 1265 enim
566 1230 631 1265 ex
663 1216 836 1266 nihilo
880 1228 1067 1268 cuncta
1092 1218 1304 1280 creavit,

233 1301 350 1337 non
398 1297 479 1336 est
516 1288 737 1348 mirum,
765 1288 811 1338 si
838 1303 902 1338 ex
929 1288 1112 1355 paucis
1147 1288 1309 1356 pani-

234 1356 341 1407 bus
366 1359 569 1408 multas
595 1359 780 1408 turbas
805 1359 964 1425 pavit.

294 1443 334 1495 9
398 1428 721 1478 Exrucmo
773 1443 1104 1480 Attacorum
1144 1444 1309 1480 ausus

228 1512 519 1548 mcum.
560 1526 621 1536 -
666 1499 888 1564 Mystice
932 1514 1034 1565 per
1082 1499 1308 1565 quinque

225 1582 427 1636 panes,
462 1570 702 1635 quinque
755 1569 877 1620 libri
929 1570 1162 1635 Moysis3
1206 1584 1308 1636 per

229 1641 383 1690 duos·
417 1640 618 1705 pisces,
671 1641 950 1706 Prophetae
1000 1650 1054 1691 et
1104 1640 1304 1691 Psalmi

227 1710 638 1776 intelliguntur.
672 1712 733 1761 In
783 1711 869 1760 his
916 1710 1063 1761 enim
1107 1711 1303 1773 tribuS,

224 1783 440 1833 scilicet
457 1798 471 1831 :
491 1783 645 1848 Lege,
666 1782 962 1848 Prophetis,
987 1792 1041 1833 et
1063 1783 1304 1844 Psalmis,

225 1862 416 1902 totum
445 1852 610 1902 Vetus
628 1853 1033 1902 Testamentum
1056 1868 1305 1918 compre-

222 1924 515 1975 henditur.
549 1925 645 1975 Per
676 1925 904 1990 quinque
928 1934 1106 1975 autem
1133 1925 1306 1975 millia

221 1998 509 2059 virorum,
566 1997 864 2047 Dominum
931 1997 1302 2063 sequentium,

220 2067 586 2132 designantur
630 2067 785 2118 activi
833 2082 1022 2117 omnes
1065 2068 1307 2134 quinque

223 2137 491 2189 sensibus
546 2137 892 2188 interioribus
941 2147 994 2188 et
1039 2137 1308 2188 exteriori-

225 2212 364 2274 bus,
395 2226 534 2276 quos
570 2211 865 2277 possident,
894 2211 1028 2262 bene
1059 2221 1304 2272 utentes;

224 2298 334 2352 per
366 2283 617 2333 mulieres
638 2298 765 2333 vero
795 2293 849 2333 et
877 2284 1123 2348 parvulos
1145 2283 1307 2349 signi·

223 2353 467 2404 ficantur
526 2351 728 2402 infirmi
797 2354 1040 2403 nondum
1107 2368 1305 2419 pugnae

226 2424 444 2485 idonei,
491 2423 586 2490 qui
632 2439 858 2473 numero
903 2434 1029 2474 sunt
1072 2424 1303 2490 indigni.

227 2497 307 2548 Hi
340 2512 468 2563 ergo
499 2496 737 2563 praedicti
771 2506 908 2547 recte
936 2496 1176 2563 quinque
1202 2511 1304 2561 pa-

226 2568 402 2618 nibus
450 2567 687 2629 aluntur,
736 2566 865 2632 quia
918 2567 1048 2617 tales
1090 2582 1304 2617 necesse

225 2649 317 2689 est
348 2638 608 2703 legalibus
633 2637 808 2687 adhuc
836 2638 1113 2704 praeceptis
1139 2637 1304 2688 insti-

226 2708 347 2772 tui3
373 2723 498 2758 nam
538 2708 636 2773 qui
674 2709 878 2758 mundo
913 2710 979 2760 ad
1024 2709 1301 2774 integrum

227 2780 567 2841 renuntiant,
609 2790 844 2846 quatuor
865 2790 992 2831 sunt
1035 2780 1224 2844 millia,
1248 2789 1302 2831 et

228 2861 445 2916 septem
497 2849 726 2915 panibus
778 2848 1011 2901 refecti:
1070 2850 1171 2900 hoc
1221 2860 1303 2900 ωε

230 2924 557 2990 Evangelica
588 2923 912 2989 perfectione
944 2924 1224 2984 sublimes,
1249 2935 1302 2974 et

228 2994 502 3060 spirituali
548 3004 679 3044 sunt
728 2992 898 3060 gratia
948 2993 1112 3044 docti.
1159 2993 1301 3043 Cum

230 3080 365 3131 ergo
393 3064 454 3114 in
498 3064 600 3115 hoc
628 3064 875 3114 convivio
911 3063 1134 3114 Domini
1178 3073 1302 3114 tan-—

228 3137 521 3188 tmnmodo
548 3136 655 3186 viri
687 3135 855 3186 fuisse
877 3135 1148 3197 dicuntur,
1189 3151 1304 3201 my·

228 3207 368 3260 stice
396 3222 700 3268 monemur,
732 3217 795 3257 ut
832 3206 880 3257 si
921 3221 1085 3272 quam
1123 3206 1304 3259 suavis

229 3279 310 3331 sit
340 3278 628 3339 DominuS,
670 3288 885 3344 gustare
911 3278 1300 3337 desideramus,

228 3351 360 3414 siri,
383 3350 439 3400 id
466 3360 547 3401 est
568 3350 733 3401 fortes
768 3360 954 3401 contra
981 3349 1300 3401 tentationes

230 3421 406 3473 simus
425 3436 440 3484 ;
477 3421 561 3471 vir
596 3421 741 3471 enim
773 3436 805 3471 a
829 3420 1035 3471 viribus
1082 3419 1298 3480 dicitur,

231 3503 288 3544 et
312 3492 555 3543 virorum
594 3492 816 3544 nomine
862 3493 985 3543 illos
1024 3491 1299 3558 Scriptura

230 3576 414 3617 sancta
476 3566 758 3632 designare
833 3564 1140 3624 consuevit,
1203 3563 1296 3630 qui

229 3635 457 3687 viriliter
507 3645 839 3686 tentamenta
885 3636 1143 3686 vicerunt.
1191 3634 1298 3694 Qui

231 3720 362 3771 ergo
413 3722 616 3757 coenam
670 3705 887 3755 Domini
955 3704 1297 3766 manducant,

230 3778 428 3832 virtute
450 3778 649 3830 mentis
676 3789 727 3828 et
754 3794 914 3829 sensu
935 3778 1038 3829 viri
1059 3792 1174 3827 esse
1201 3777 1299 3827 de-

233 3849 388 3910 bent,
405 3866 516 3900 non
534 3851 589 3900 in
604 3848 1053 3915 concupiscentiis
1071 3848 1298 3898 emolliti

232 3922 374 3976 sicut
396 3922 630 3985 feminae,
675 3939 771 3975 nec
799 3923 1059 3989 puerilem
1077 3937 1298 3973 sensum

2373 323 2478 391 617

1422 435 1695 498 habentes,
1727 437 1868 488 sicut
1901 438 2070 503 pueri.
2111 439 2210 488 Per
2249 439 2485 490 discubi-

1422 516 1529 560 tum
1574 520 1771 575 autem,
1804 520 1856 560 et
1881 511 2178 561 sessionem
2222 513 2480 578 corporis,

1418 580 1733 648 intelligitur
1758 582 1911 648 quies
1944 583 2170 646 mentis3
2206 584 2300 650 qui
2335 585 2480 635 enim

1417 667 1448 702 a
1478 653 1590 703 Deo
1622 653 1973 718 spiritualiter
2020 656 2165 722 pasci
2196 655 2477 717 desiderat,

1416 738 1625 792 oportet
1651 728 1797 793 quod
1842 728 2039 788 sedeat,
2067 729 2122 780 id
2147 739 2227 779 est
2260 745 2292 780 a
2332 731 2478 782 curis

1416 797 1733 878 superfluis,
1798 807 1851 848 et
1900 799 2297 850 turbationibus
2346 816 2481 851 con-

1415 868 1668 934 quiescat.
1688 869 1996 919 Secundum
2017 870 2219 920 Bedam
2241 885 2475 937 quoque,

1415 952 1577 1004 super
1606 938 1796 1003 fenum
1838 939 2239 990 discumbentes
2284 941 2478 992 Domi-

1416 1007 1552 1058 nicis
1594 1019 1883 1073 pascuntur
1928 1010 2219 1070 alimentis,
2253 1013 2348 1078 qui
2383 1028 2478 1078 per

1414 1078 1805 1130 continentiam
1840 1080 2050 1132 calcatis
2084 1083 2477 1148 concupiscen-

1413 1150 1514 1209 tis,
1573 1150 1853 1200 audiendis
1912 1151 2309 1218 implendisque
2377 1154 2477 1204 Dei

1411 1221 1587 1271 verbis
1628 1236 1844 1286 operam
1891 1221 2222 1287 impendunt.
2268 1224 2477 1274 Fenum

1413 1293 1557 1343 enim
1608 1308 1821 1343 carnem
1866 1294 2149 1360 significat,
2184 1298 2476 1348 secundum

1416 1365 1549 1414 illud
1578 1381 1593 1414 t
1626 1364 1813 1415 Omnis
1852 1379 1981 1416 caro
2008 1366 2237 1431 senum5
2272 1384 2368 1419 nec
2408 1369 2476 1419 ad

1415 1451 1651 1486 mensam
1694 1436 1792 1486 Dei
1831 1435 1991 1501 digne
2030 1436 2214 1486 sedere
2260 1439 2476 1502 poterit,

1414 1505 1508 1570 qui
1539 1518 1752 1556 carnem
1782 1522 1877 1572 per
1917 1506 2227 1556 servitutem
2261 1508 2473 1573 spiritui

1416 1594 1525 1628 non
1565 1578 1797 1644 subjicit.
1850 1579 1957 1640 Qui
2005 1595 2132 1644 ergo
2173 1580 2291 1630 vult
2331 1580 2472 1631 refici

1414 1665 1547 1716 pane
1594 1652 1777 1717 gratiae
1822 1651 2136 1718 spiritualiS,
2175 1667 2475 1718 congruum

1413 1730 1493 1771 est
1519 1731 1579 1770 ut
1602 1722 1780 1772 sedeat
1807 1736 1967 1787 super
1990 1719 2198 1781 fenum,
2224 1722 2278 1771 id
2308 1733 2388 1772 est
2414 1733 2477 1773 ut

1411 1792 1717 1843 dominetur
1744 1793 1955 1858 corpori
2003 1808 2120 1853 suc,
2160 1806 2213 1844 et
2240 1793 2477 1844 mortifi-

1411 1872 1492 1912 cet
1537 1877 1749 1912 carnem
1796 1878 1969 1913 suam.
2017 1864 2256 1914 Salvator
2295 1874 2475 1915 autem

1412 1948 1523 1982 non
1566 1949 1704 1983 nova
1734 1933 1928 1984 creavit
1967 1934 2183 1995 cibaria,
2212 1935 2305 1985 sed
2335 1950 2473 2001 prae-

1411 2003 1655 2054 sentibus
1678 2005 1952 2055 benedixit
1962 2022 1983 2068 ;
2012 2006 2141 2070 quia
2167 2007 2391 2057 veniens
2418 2006 2474 2056 in

1410 2089 1584 2138 carne,
1630 2090 1739 2124 non
1775 2074 1877 2125 alia
1912 2091 2074 2141 quam
2116 2091 2237 2143 quae
2278 2077 2388 2127 Lex
2423 2086 2476 2126 et

1412 2146 1690 2212 Prophetae
1734 2146 2087 2212 praedixerant
2147 2146 2499 2216 praedicavit,⁴

1408 2226 1461 2268 et
1495 2233 1555 2267 ea
1599 2217 1871 2284 mysteriis
1914 2218 2098 2283 gratiae
2124 2219 2339 2285 gravida
2377 2219 2478 2270 de-

1409 2287 1743 2338 monstravit.
1789 2288 2028 2352 Aspexit
2068 2289 2121 2338 in
2170 2289 2376 2352 coelum,
2414 2297 2477 2339 ut

1409 2356 1536 2406 illuc
1563 2357 1899 2423 dirigendam
1941 2358 2142 2408 mentis
2178 2358 2366 2421 aciem,
2396 2358 2471 2408 ibi

1407 2426 1583 2476 lucem
1614 2427 1852 2477 scientiae
1875 2428 2062 2477 doceat
2086 2442 2201 2476 esse
2221 2442 2473 2492 quaeren-

1407 2496 1548 2547 dam.
1587 2497 1690 2547 Sed
1729 2497 2009 2563 tripliciter
2033 2497 2328 2563 impeditur
2349 2498 2473 2564 quis

1409 2583 1476 2618 ne
1494 2570 1679 2618 oculos
1695 2568 1934 2618 sublevet
1953 2570 2019 2618 ad
2042 2569 2246 2618 Deum:
2275 2568 2469 2634 primo,

1405 2640 1619 2705 quando
1664 2638 1830 2689 nimis
1866 2649 2155 2703 occupatur
2183 2639 2316 2689 circa
2341 2655 2471 2690 sen-

1405 2710 1600 2772 sibilia,
1630 2711 1684 2760 id
1712 2719 1792 2760 est
1823 2720 2057 2760 terrenas
2083 2710 2317 2771 divitias,
2341 2712 2472 2777 quia

1405 2792 1534 2832 tunc
1559 2780 1747 2831 oculus
1779 2779 2008 2831 foedatur
2046 2781 2263 2846 pulvere
2292 2781 2469 2831 avari-

1406 2851 1520 2914 tiae3
1576 2850 1839 2911 secundo,
1898 2850 2112 2917 quando
2181 2861 2470 2917 occupatur

1404 2924 1545 2974 circa
1586 2923 1933 2984 delectabilia,
1972 2923 2027 2973 id
2062 2933 2144 2974 est
2182 2924 2320 2974 circa
2349 2940 2469 2975 car-

1407 2994 1552 3044 nales
1578 2994 1810 3058 delicias,
1853 2994 1982 3060 quia
2009 3003 2136 3044 tunc
2160 2996 2347 3044 oculus
2376 3010 2470 3045 ex-

1406 3074 1627 3114 caecatur
1652 3064 1777 3130 igne
1799 3064 2267 3130 concupiscentiae3
2293 3065 2466 3125 terti0,

1405 3134 1620 3201 quando
1662 3145 1955 3201 occupatur
2010 3135 2150 3185 circa
2194 3135 2464 3195 sublimia,

1405 3204 1460 3254 id
1488 3216 1566 3256 est
1600 3205 1738 3256 circa
1777 3206 2104 3257 ambitiones
2135 3207 2463 3269 mundanas;

1406 3276 1532 3343 quia
1570 3287 1698 3328 tunc
1742 3279 1930 3328 oculus
1959 3280 2276 3329 obscuratur
2317 3277 2468 3329 fumo

1405 3346 1686 3412 superbiae.
1724 3348 1924 3414 Fregit
1969 3364 2205 3415 quoque,
2251 3358 2303 3398 et
2349 3356 2471 3409 ante

1408 3422 1590 3472 turbas
1640 3424 1917 3488 ponendos
1975 3423 2257 3489 discipulis
2298 3435 2472 3487 panes

1408 3494 1571 3556 dedit,
1592 3495 1720 3560 quia
1741 3495 1919 3546 clausa
1945 3504 2269 3545 sacramenta
2292 3492 2468 3559 Legis,

1404 3573 1456 3613 et
1484 3564 1781 3630 Prophetiae
1804 3565 2000 3615 sanctis
2022 3563 2351 3622 doctoribus,
2371 3562 2468 3628 qui

1405 3633 1520 3684 haec
1564 3639 1676 3685 toto
1710 3637 1840 3687 orbe
1889 3636 2174 3701 praedicent
2202 3632 2462 3698 patefecit.

1406 3705 1562 3765 Quod
1622 3719 1800 3758 autem
1848 3706 2024 3758 turbis
2079 3712 2375 3771 supererat,
2434 3719 2466 3756 a

1403 3775 1682 3841 discipulis
1704 3777 1893 3843 colligi
1915 3775 2102 3835 voluit,
2130 3772 2259 3839 quia
2287 3789 2465 3824 secre-

1405 3848 1539 3900 tiora
1610 3850 1999 3915 intelligentiae,
2057 3858 2109 3898 et
2185 3847 2467 3898 sacratiora

1406 3923 1677 3989 mysteria,
1719 3938 1841 3989 quae
1884 3938 1915 3973 a
1955 3921 2179 3972 rudibus
2213 3920 2329 3986 capi
2361 3937 2462 3972 ne-
