2757 4413
373 292 476 344 500

369 409 451 459 tui
481 407 835 459 necessarium
872 417 955 459 est
980 407 1289 457 renuntiare
1315 423 1439 457 om-

372 480 558 542 nibus,
607 488 874 544 quantum
925 479 991 528 ad
1050 477 1318 539 affectum,
1371 486 1470 528 ne·

370 550 498 616 quis
528 549 601 600 ita
630 542 890 601 afficiatur
912 550 978 599 ad
1003 550 1145 599 bona
1167 558 1440 614 tempora-

369 623 463 682 lia,
493 632 555 672 ut
577 632 867 688 postponat
907 632 1122 682 aeterna,
1176 631 1231 672 et
1256 637 1439 672 amore

370 695 751 760 temporalium
782 706 1059 761 superatus
1088 694 1277 745 ordine
1313 710 1439 760 per-

369 782 527 817 verso
552 767 745 832 diligat
772 766 1068 818 creaturam
1093 782 1254 833 super
1283 767 1442 817 Crea-

371 847 563 888 torem.
616 838 859 888 Secundo
886 837 1225 903 discipulatui
1256 852 1439 887 neces-

368 910 581 959 sarium
620 919 701 959 est
744 910 930 960 omnia
969 910 1286 976 relinquere,
1330 925 1438 959 non

371 983 549 1032 solum
601 990 863 1047 quantum
918 982 983 1032 ad
1038 981 1302 1040 affectum,
1345 982 1438 1031 sed

371 1054 536 1104 etiam
564 1063 830 1119 quantum
859 1054 926 1103 ad
967 1068 1080 1103 rem
1123 1053 1182 1104 in
1229 1052 1437 1114 effectu,

371 1126 511 1176 sicut
568 1126 811 1191 Apostoli
867 1126 1050 1193 omnia
1107 1126 1439 1193 reliquerunt

372 1212 468 1264 per
508 1197 864 1248 voluntariam
892 1208 1278 1263 paupertatem.
1313 1197 1436 1247 Non

368 1286 499 1336 ergo
525 1286 715 1321 omnes
750 1279 1001 1321 tenentur
1049 1270 1233 1320 ornnia
1280 1270 1440 1320 relin-

370 1358 554 1410 quere,
586 1353 847 1410 quantum
898 1344 963 1394 ad
1010 1343 1277 1405 effectum,
1327 1342 1435 1394 nisi

370 1413 607 1480 perfecti,
639 1413 734 1481 qui
762 1424 886 1465 voto
930 1414 1259 1480 paupertatis
1306 1424 1438 1465 sunt

369 1485 641 1548 adstricti;
674 1501 863 1536 omnes
885 1501 1013 1535 vero
1046 1495 1296 1536 tenentur
1344 1501 1436 1536 re-

370 1557 617 1606 nuntiare
639 1556 897 1607 omnibus
925 1567 1184 1622 quantum
1212 1558 1278 1607 ad
1306 1557 1436 1608 affe-

370 1641 537 1688 etum,
589 1642 657 1677 ne
703 1628 825 1692 plus
873 1626 1172 1677 afficiantur
1216 1628 1281 1678 ad
1334 1627 1436 1678 ista

369 1712 536 1763 quam
559 1698 624 1747 ad
652 1698 844 1747 Deum.
890 1725 953 1736 —
994 1697 1239 1748 Secundo
1266 1697 1435 1748 relin-

366 1768 572 1833 quendi
617 1777 743 1818 sunt
772 1778 1019 1833 parentes
1046 1777 1098 1818 et
1140 1769 1434 1836 propinqui

366 1842 664 1892 secundum
693 1856 927 1900 carnem,
970 1851 1023 1891 et
1049 1841 1206 1892 amici
1237 1858 1435 1893 secun-

369 1914 503 1964 dum
530 1913 796 1976 seculum3
829 1911 956 1978 quia
1001 1912 1157 1963 aliter
1196 1930 1306 1964 non
1336 1930 1437 1979 po-

369 1992 473 2033 test
527 1983 651 2049 quis
709 1998 827 2033 esse
854 1982 1057 2033 Christi
1115 1984 1433 2050 discipulus.

370 2055 552 2114 Quod,
572 2063 837 2119 quantum
861 2054 925 2103 ad
943 2054 1181 2118 primum
1205 2054 1438 2121 discipu·

370 2126 560 2184 latum,
600 2123 679 2173 sic
705 2123 1119 2188 intelligendum
1148 2135 1246 2186 est,
1288 2127 1436 2193 quod

369 2195 539 2247 homo
598 2195 911 2262 hujusmodi
981 2195 1318 2264 propinquos
1386 2209 1438 2250 et

368 2266 572 2317 amicos
605 2282 712 2316 non
738 2276 898 2327 amet,
929 2266 1036 2316 nisi
1066 2266 1124 2316 in
1153 2268 1342 2320 ordine
1368 2270 1437 2320 ad

368 2336 632 2387 honorem
675 2336 773 2386 Dei
805 2352 819 2387 :
848 2346 902 2387 et
931 2337 1052 2388 ideo
1092 2338 1138 2389 si
1182 2340 1439 2406 instigent

368 2408 435 2459 ad
458 2408 663 2475 aliquid
692 2409 838 2474 quod
878 2408 950 2460 sit
985 2421 1165 2462 contra
1191 2410 1437 2463 divinum

367 2479 656 2538 honorem,
693 2490 822 2529 tunc
859 2490 987 2531 sunt
1009 2482 1225 2532 odiendi
1270 2492 1321 2532 et
1349 2499 1441 2533 re-

366 2550 664 2617 linquendi.
697 2553 817 2614 Sed,
844 2563 1106 2618 quantum
1136 2555 1203 2604 ad
1238 2570 1440 2605 secun-

369 2621 501 2670 dum
521 2621 922 2687 discipulatum,
949 2623 1291 2689 relinquendi
1311 2636 1442 2676 sunt

369 2691 599 2752 realiter,
632 2703 900 2758 quantum
920 2696 987 2744 ad
1019 2711 1240 2746 omnem
1267 2698 1442 2747 convi-

370 2770 520 2812 ctum
573 2762 932 2825 mundanum,
980 2765 1142 2816 etiam
1172 2766 1228 2816 in
1256 2766 1439 2828 licitis,

371 2832 479 2882 nisi
496 2843 763 2898 quantum
784 2835 927 2885 cedit
943 2836 1009 2885 ad
1039 2836 1300 2889 honorem
1319 2838 1439 2891 Dei.

368 2930 435 2941 —
453 2902 660 2963 Terti0‚
690 2904 1113 2970 relinquendum
1137 2919 1219 2959 est
1243 2924 1441 2975 corpus

368 2973 649 3039 proprium
697 2984 749 3024 et
796 2974 905 3026 vita
932 2979 1244 3042 corporalis,
1292 2982 1440 3047 quod

370 3042 640 3110 significat
691 3044 961 3096 Dominus
1014 3063 1112 3114 per
1164 3050 1401 3101 animam
1416 3090 1436 3116 ,

371 3117 669 3167 secundum
696 3133 871 3169 unum
899 3134 1142 3183 sensum,
1170 3138 1296 3174 cum
1323 3124 1400 3176 ait
1423 3142 1438 3176 ε

370 3187 561 3238 Adhuc
612 3195 789 3240 autem
843 3196 896 3241 et
954 3193 1191 3244 annnam
1249 3210 1403 3247 suam
1418 3215 1442 3260 ,-

371 3257 486 3317 ubi,
517 3268 580 3308 ut
609 3275 769 3326 supra
791 3261 996 3313 dictum
1017 3274 1115 3325 est,
1141 3265 1322 3317 anima
1346 3283 1441 3318 ac·-

370 3328 574 3394 cipitur
589 3346 687 3395 pro
709 3330 819 3381 vita
863 3332 1103 3396 animali,
1136 3347 1298 3401 prout
1319 3337 1442 3387 ani-

369 3414 461 3450 ma
481 3399 714 3451 vivificat
750 3417 946 3468 corpus
971 3413 1024 3454 et
1062 3405 1352 3458 delectatur
1378 3408 1439 3458 in

372 3484 454 3520 eo,
497 3470 563 3520 Et
590 3469 687 3532 sic,
733 3475 1034 3524 secundum
1056 3477 1436 3544 Augustirtmm

369 3540 553 3591 anima
581 3550 663 3590 est
691 3542 980 3609 dupliciter
1027 3547 1257 3599 odienda
1281 3564 1298 3599 t
1325 3565 1439 3600 uno

370 3614 555 3675 modo,
596 3624 659 3664 ut
686 3615 853 3666 homo
887 3628 1116 3669 mortem
1145 3636 1243 3685 pro
1272 3621 1438 3672 Chri-

373 3694 457 3734 sto
482 3701 591 3735 non
635 3684 841 3748 timeat,
871 3697 934 3738 ut
969 3704 1097 3739 cum
1132 3689 1352 3742 Christo
1380 3691 1438 3743 in

369 3765 691 3822 perpetuum
742 3758 913 3824 vivat3
974 3761 1083 3813 alio
1133 3763 1325 3828 modo,
1375 3775 1439 3816 ut

372 3826 536 3892 hujus
571 3829 695 3881 vitae
748 3830 1157 3885 delectationem
1202 3845 1436 3902 respuat,

372 3905 438 3947 ut
453 3899 782 3965 voluptatem
803 3901 1029 3955 feliciter
1057 3904 1116 3957 in
1148 3921 1316 3973 regno
1335 3906 1437 3959 Dei

1012 291 1249 342 PRIMAE
1284 292 1531 343 PARTIS
1560 293 1796 345 CAPUT
1828 295 1962 347 LIV.

1544 409 1800 460 inveniat.
1836 411 1901 460 Et
1948 422 2241 480 utrumque
2290 413 2494 466 horum
2534 427 2621 467 est

1544 480 1921 543 necessarium,
1968 482 2015 532 si
2037 483 2267 534 velimus
2297 500 2414 534 esse
2439 484 2618 535 disci-

1544 551 1658 616 puli
1685 551 1906 613 Christi,
1936 564 2203 619 quantum
2227 554 2295 604 ad
2313 555 2620 621 discipula·

1542 631 1663 671 tum
1705 634 2016 689 utrumque.
2051 625 2188 674 Nam
2237 626 2416 690 primo
2445 624 2618 676 disci-

1548 692 1754 756 pulatui
1791 695 2151 744 necessarium
2181 704 2280 759 est,
2305 705 2367 744 nt
2395 694 2526 760 quis
2554 695 2617 744 in

1543 775 1702 811 causa
1727 761 1849 812 fidei
1900 762 2260 830 interrogatus
2294 775 2348 815 et
2374 774 2618 825 exactus,

1543 832 1681 881 mori
1709 849 1806 898 pro
1830 834 2049 885 Christo
2079 852 2191 885 non
2213 834 2399 886 timeat
2424 851 2621 886 secun-

1543 901 1677 952 dum
1726 905 2165 970 praeparationem
2215 904 2403 966 animi,
2428 920 2619 971 quan-

1544 983 1661 1023 tum
1676 976 1741 1024 ad
1756 976 2008 1041 primum;
2028 987 2082 1028 et
2094 977 2153 1027 in
2166 977 2619 1028 delectationibus

1542 1046 1908 1110 corporalibus
1936 1048 2001 1097 ad
2028 1048 2351 1114 peccandum
2390 1049 2621 1099 nullate·

1542 1130 1645 1164 nus
1674 1116 1987 1181 acquiescat,
2025 1128 2290 1184 quantum
2312 1119 2378 1168 ad
2412 1134 2620 1168 secun-

1541 1189 1693 1239 dum.
1740 1189 1992 1240 Secundo
2035 1201 2215 1242 autem
2264 1191 2618 1258 discipulatui

1545 1261 1909 1311 necessarium
1942 1271 2132 1331 est,*ut
2156 1263 2281 1329 quis
2307 1264 2469 1314 etiam
2502 1279 2618 1313 non

1541 1342 1775 1391 exactus,
1805 1347 1928 1382 cum
1956 1333 2022 1384 de
2044 1333 2150 1384 fide
2177 1334 2449 1401 agitur,ad
2472 1351 2621 1386 mor·

1543 1411 1658 1452 tem
1686 1417 1745 1452 se
1776 1402 1980 1464 offerat,
2015 1414 2068 1454 et
2107 1405 2210 1455 hoc
2249 1416 2518 1470 quantum
2545 1407 2619 1456 ad

1542 1473 1815 1538 primum3
1868 1489 2056 1524 rursus
2104 1485 2364 1541 quantum
2415 1476 2483 1525 ad
2522 1491 2618 1526 se-

1540 1546 1776 1596 cundum
1800 1545 1929 1596 huic
1967 1546 2309 1613 discipulatui
2340 1548 2619 1609 convenit,

1542 1625 1605 1666 ut
1634 1616 1760 1682 quis
1799 1632 1905 1666 non
1937 1617 2115 1667 solum
2166 1633 2277 1667 non
2333 1617 2619 1684 frangatur

1538 1687 1892 1738 delectatione
1942 1689 2161 1750 carnali,
2206 1690 2297 1740 sed
2339 1689 2504 1740 etiam
2550 1700 2620 1742 ut

1540 1773 1739 1823 corpus
1785 1775 1897 1809 non
1927 1760 2198 1811 nutriatur
2227 1770 2444 1827 propter
2462 1761 2620 1811 volu·

1542 1838 1759 1893 ptatem,
1795 1830 1888 1879 sed
1929 1841 2144 1897 propter
2191 1832 2362 1882 solam
2405 1841 2618 1882 naturae

1540 1900 1936 1965 necessitatem3
1993 1917 2090 1951 nec
2126 1902 2230 1953 hoc
2267 1912 2487 1968 propter
2530 1916 2617 1962 se,

1539 1971 1633 2021 sed
1676 1980 1892 2036 propter
1933 1972 2199 2023 honorem
2246 1972 2518 2034 divinum,
2548 1985 2621 2024 ut

1538 2057 1605 2092 ex
1651 2041 1754 2091 hoc
1803 2042 1914 2092 Deo
1960 2043 2262 2108 expeditius
2313 2043 2582 2093 serviatur
2599 2082 2617 2104 ,

1540 2112 1615 2162 ita
1660 2112 1806 2178 quod
1854 2113 2021 2162 homo
2076 2113 2402 2179 imaginetur
2452 2114 2617 2179 quasi

1540 2185 1686 2236 Deus
1738 2185 1916 2235 sedeat
1959 2184 2015 2236 in
2053 2195 2232 2237 mente
2263 2203 2277 2237 ε
2312 2186 2617 2253 expetendo

1540 2256 1779 2322 corporis
1852 2258 2146 2308 necessaria
2207 2268 2464 2324 tanquam
2523 2258 2616 2309 sui

1543 2326 1819 2393 mancipii.
1852 2328 1919 2378 Et
1946 2328 2025 2379 sic
2046 2328 2318 2395 quidquid
2351 2329 2520 2379 homo
2543 2329 2620 2380 de

1541 2399 1666 2450 cibo
1698 2401 1941 2465 veljpotu
1972 2400 2157 2461 sumit,
2189 2401 2404 2466 perhoc
2427 2401 2617 2452 inten-

1542 2471 1635 2521 dat
1682 2487 1794 2521 non
1820 2473 2000 2522 solum
2025 2487 2138 2522 suae
2169 2471 2464 2523 necessitati
2488 2473 2623 2523 sub—

1541 2541 1742 2606 venire,
1796 2543 1889 2592 sed
1910 2543 2071 2593 etiam
2098 2544 2211 2593 Deo
2249 2542 2622 2609 principaliter

1545 2613 1868 2676 ministrare,
1911 2624 1963 2665 et
1995 2615 2358 2681 propinquare
2389 2631 2488 2681 pro
2521 2617 2618 2667 sui

1548 2685 1800 2752 mancipii
1875 2686 2284 2737 sustentatione.
2349 2687 2622 2739 Similiter

1544 2765 1628 2806 est
1652 2755 2065 2822 intelligendum
2093 2757 2161 2807 de
2181 2756 2427 2824 quolibet
2454 2773 2621 2809 com-

1543 2829 1710 2880 modo
1763 2830 2048 2895 corporali.
2073 2859 2136 2869 -—
2160 2832 2385 2892 Quart0,
2443 2832 2623 2882 relin-

1545 2903 1759 2969 quenda
1776 2914 1861 2954 est
1876 2903 2057 2954 anima
2085 2903 2319 2970 propria,
2349 2905 2626 2970 accipien-

1544 2973 1616 3022 do
1663 2989 1762 3039 pro
1811 2974 2068 3024 nobiliori
2103 2974 2155 3025 vi
2191 2973 2404 3035 animae,
2435 2976 2625 3041 qualis

1543 3053 1624 3096 est
1657 3045 1934 3108 voluntas3
1969 3054 2022 3095 et
2053 3046 2349 3095 secundum
2402 3045 2506 3095 hoc
2556 3046 2623 3097 in

1546 3116 1845 3182 preposite,
1869 3116 2175 3184 relinquere
2191 3116 2448 3180 animam,
2472 3118 2626 3169 nihil

1543 3196 1624 3239 est
1641 3188 1786 3239 aliud
1801 3204 1965 3254 quam
1980 3189 2310 3239 voluntatem
2335 3189 2623 3255 propriam

1546 3259 1853 3325 relinquere
1887 3268 1939 3309 et
1976 3274 2094 3309 eam
2121 3258 2321 3309 divinae
2347 3259 2622 3312 voluntati

1544 3331 1902 3382 conformare.
1944 3332 2105 3392 Quod
2132 3332 2398 3399 contingit
2423 3332 2625 3398 dupli-

1543 3403 1675 3454 citer
1697 3404 1994 3455 secundum
2023 3404 2292 3471 duplicem
2313 3404 2625 3471 discipula-

1547 3482 1667 3524 tum
1696 3489 1712 3524 ε
1736 3490 1845 3525 uno
1865 3475 2028 3524 modo
2055 3485 2317 3541 quantum
2337 3476 2403 3526 ad
2426 3473 2624 3528 divina

1547 3555 1829 3613 praecepta,
1869 3547 2072 3613 quibus
2126 3547 2295 3598 homo
2332 3563 2442 3597 non
2478 3549 2624 3602 velit

1545 3618 1854 3686 aliqualiter
1877 3619 2137 3671 contraire
2151 3660 2166 3682 ,
2190 3630 2242 3672 et
2269 3620 2374 3671 hoc
2401 3630 2485 3672 est
2509 3637 2622 3673 ne-

1544 3694 1839 3745 cessarium
1868 3694 2046 3760 primo
2085 3695 2460 3763 discipulatui3
2502 3696 2620 3748 alio

1544 3765 1726 3829 modo,
1780 3775 2044 3833 quantum
2073 3766 2141 3816 ad
2183 3766 2388 3832 quaevis
2429 3766 2622 3822 divina

1545 3835 1892 3903 beneplacita,
1935 3837 2134 3903 quibus
2164 3836 2336 3887 homo
2355 3838 2620 3891 volunta-

1541 3916 1651 3959 tem
1702 3923 1857 3960 suam
1898 3907 1955 3961 in
1983 3918 2249 3976 quantum
2276 3909 2377 3961 scit
2419 3921 2472 3963 et
2504 3925 2619 3978 po·-
