2757 4413
420 306 521 359 612

417 446 672 497 pugnare,
706 433 751 483 si
797 446 1015 482 necesse
1040 432 1129 493 sit,
1158 434 1251 500 qui
1281 434 1478 487 nolunt

417 503 587 567 legere
613 513 952 569 pugnatores.
996 504 1267 569 Imperent
1309 506 1477 556 silen-

417 575 556 625 tium
585 575 846 636 infideles,
878 587 1114 642 spectent
1137 578 1345 644 pugiles
1371 579 1478 629 dia·

416 645 636 707 bolicos,
666 647 761 713 qui
814 648 1042 697 athletas
1094 648 1314 699 Domini
1349 665 1475 716 spe-

415 726 555 766 ctare
619 728 1003 781 contemnunt;
1082 735 1180 769 nos
1263 721 1475 772 divinas

412 786 638 837 virtutes
658 787 956 853 loquimur,
999 788 1302 851 scribimus,
1333 806 1475 856 prae-

412 856 670 907 dicamus.
701 857 1024 909 Prohibeant
1046 859 1246 921 aemuli,
1297 861 1474 927 impe-

415 939 539 980 rent
592 929 869 981 silentium
916 932 1096 982 timidi
1118 972 1133 993 ,
1189 935 1474 984 verberent

417 1012 852 1063 contemnentes,
900 1003 1131 1069 legentes
1179 1004 1470 1070 increpent,

412 1071 639 1122 libenter
703 1074 815 1123 haec
864 1075 1139 1125 audientes
1191 1087 1467 1139 accusent;

412 1145 677 1210 gloriosos
736 1146 936 1197 faciunt
994 1148 1196 1199 milites
1248 1149 1472 1201 vulnera

416 1233 513 1283 pro
538 1218 880 1284 Imperatoris
904 1221 1058 1271 laude
1080 1231 1342 1287 suscepta,
1373 1238 1470 1287 pro

413 1291 562 1355 cujus
616 1306 798 1341 amore
834 1291 996 1341 etiam
1039 1292 1245 1341 animas
1273 1308 1471 1357 ponere

413 1361 638 1411 libenter
656 1372 921 1428 optamuS.
938 1362 1301 1430 Triumphum
1318 1364 1471 1414 Chri·

412 1430 502 1492 sti,
520 1447 580 1481 ac
608 1431 885 1483 victoriam
914 1433 1165 1483 laboriosi
1184 1433 1466 1497 exercitus,

409 1504 475 1553 de
493 1502 715 1553 occ‘ultis
738 1503 879 1554 foras
895 1505 1469 1573 proferimus.‚Scimus

409 1574 555 1625 enim
587 1591 706 1642 quae
740 1576 818 1626 illi
841 1576 1126 1628 visibiliter
1154 1577 1291 1643 passi
1317 1586 1467 1637 sunt,

1023 312 1264 362 PmMAE
1290 313 1539 365 mans
1568 284 1804 369 CAPUT
1837 319 2043 371 van.

1587 429 1934 482 invisibiliter
1958 433 2116 484 nobis
2141 434 2354 485 excitari
2373 436 2630 503 quotidie3

1585 512 1639 551 et
1658 503 1990 569 negligenter
2015 515 2311 571 pugnantes
2333 506 2509 557 acrius
2534 510 2636 559 vul-

1587 574 1785 625 nerari.
1841 577 1980 641 Ergo
2040 586 2101 626 ut
2148 591 2294 626 arma
2341 588 2635 642 pertractes,

1584 647 1797 696 attende
1822 647 2103 711 bellantes;
2157 650 2225 699 da
2264 661 2504 701 mentem
2527 661 2635 703 stu-

1581 715 1709 776 diis,
1739 727 1801 768 ut
1841 718 2013 768 hostis
2037 718 2259 783 incipiat
2284 729 2336 769 te
2354 720 2545 772 timere
2570 739 2585 772 ι
2608 741 2633 770 ι

1584 788 1699 839 haec
1742 790 1839 840 ubi
1871 806 2048 857 supra.
2103 791 2266 842 Vides
2293 808 2443 859 ergo,
2474 794 2634 861 impu·

1583 861 1717 910 dens
1750 862 2066 913 Sanctorum
2094 864 2373 925 detractor,
2395 875 2448 915 et
2480 867 2632 917 Chri-

1581 931 1770 983 stianoe
1792 933 2071 1000 religionis
2099 935 2464 1001 impugnator,
2495 937 2629 1003 quia,

1583 1005 1881 1055 secundum
1911 1006 2025 1055 haec
2052 1005 2212 1068 dicta,
2239 1016 2500 1074 tanquam
2547 1024 2631 1059 ar-

1582 1075 1681 1125 bor
1736 1075 2083 1138 infructuosa,
2146 1086 2344 1128 terram
2417 1095 2631 1147 occupas

1578 1147 1713 1196 dum
1765 1146 1920 1206 vivis,
1967 1156 2020 1198 et
2068 1163 2176 1197 non
2209 1157 2262 1198 te
2292 1149 2628 1209 catholicum,

1580 1217 1674 1268 sed
1708 1216 1981 1267 infidelem
2021 1233 2138 1268 esse
2182 1219 2456 1283 ostendis3
2487 1221 2629 1271 ideo·

1578 1306 1683 1357 que
1705 1288 1894 1339 timere
1920 1289 2085 1340 habes
2113 1304 2180 1340 ne
2207 1291 2407 1341 merito
2430 1293 2629 1342 excida-

1578 1361 1673 1421 πίε,
1701 1370 1753 1411 et
1780 1359 1837 1409 in
1867 1361 2045 1426 ignem
2070 1361 2314 1424 mittaris,
2343 1377 2409 1412 ac
2436 1372 2628 1428 pas-tem

1575 1448 1700 1483 cum
1737 1430 2042 1483 infidelibus
2068 1433 2431 1499 consequaris,
2461 1434 2537 1484 Da
2562 1448 2627 1485 er·

1576 1518 1664 1569 go,
1691 1502 1877 1561 miset,
1912 1502 2136 1567 gloriam
2170 1504 2396 1566 Sancti5‚
2425 1515 2488 1555 ut
2509 1519 2625 1556 cum

1572 1575 1653 1626 eis
1684 1584 1884 1641 partem
1905 1574 2104 1624 habere
2127 1575 2406 1626 merearis..

1383 1771 1656 1826 ORATIO

473 1938 521 1989 Ο
565 1938 719 1987 beate
740 1938 1039 1987 Praecnrsor
1065 1947 1120 1988 et
1142 1938 1283 1988 alme
1318 1937 1571 2002 Baptista,
1595 1947 1649 1987 et
1677 1951 1870 2002 magne
1913 1936 2084 1986 amice
2127 1936 2333 1987 Christi
2367 1938 2618 1998 Joannes,

411 2009 628 2059 lucerna
658 2009 837 2058 lucens
868 2019 918 2058 et
944 2010 1154 2072 ardens„
1173 2024 1265 2059 ora
1287 2024 1385 2075 pro
1414 2024 1518 2068 me,
1548 2008 1765 2071 misero,
1795 2008 1860 2057 ad
1884 2008 2055 2058 Deum
2084 2017 2286 2072 patrem
2315 2006 2621 2059 misericor-

411 2079 641 2138 diarum,
675 2088 735 2128 ut
763 2094 853 2128 cor
876 2094 1058 2128 meum
1085 2079 1426 2128 tenebrosum
1450 2088 1502 2128 et
1528 2077 1786 2144 frigidum
1817 2077 2085 2127 illuminet
2107 2087 2158 2127 et
2186 2079 2454 2141 accendat,
2484 2086 2534 2128 et
2556 2078 2620 2127 ita

410 2160 470 2199 ut
493 2160 547 2200 te
576 2149 837 2199 imitando
869 2164 964 2216 pro
985 2148 1221 2210 Christo,
1246 2165 1341 2216 pro
1370 2147 1493 2209 fide,
1524 2164 1620 2215 pro
1645 2148 1883 2208 veritate,
1916 2162 2011 2214 pro
2034 2147 2238 2213 justitia
2257 2149 2522 2214 patienter
2544 2147 2620 2199 ad·

408 2236 559 2272 versa
587 2220 875 2270 sustineam
895 2259 908 2281 ,
938 2230 991 2270 et
1020 2220 1246 2271 viriliter
1272 2219 1433 2269 etiam
1456 2235 1628 2287 usque
1656 2219 1720 2269 ad
1745 2229 1973 2269 mortem
2003 2228 2199 2268 certare
2232 2235 2342 2269 non
2372 2220 2584 2270 timeam
2605 2255 2618 2278 ‚

410 2304 471 2343 ut
499 2302 622 2358 post
641 2293 779 2342 hanc
811 2290 1052 2358 fragilem
1082 2292 1268 2352 vitam,
1297 2291 1408 2341 tuis
1433 2291 1644 2342 meritis
1669 2300 1721 2340 et
1744 2290 1990 2355 precibus
2009 2288 2480 2350 intercedentibus,
2508 2289 2617 2340 feli-

408 2365 538 2415 citer
565 2363 841 2431 pervenire
871 2364 1072 2414 valeam
1102 2363 1400 2428 adregales
1428 2362 1643 2429 nuptias
1665 2361 1992 2427 immaculati
2019 2360 2180 2426 Agni‚
2208 2376 2374 2427 quem
2396 2372 2455 2413 tu
2486 2361 2616 2416 almo

407 2448 503 2490 tuo
530 2437 701 2504 digito
730 2438 929 2504 populo
951 2436 1251 2488 ostendisti.
1283 2438 1478 2487 Amen.

1171 2869 1505 2948 CAPUT
1561 2868 1828 2938 LXVII

698 3143 804 3212 De
849 3143 1223 3234 refectione
1263 3142 1562 3236 quinque
1601 3139 1909 3210 millium
1961 3138 2336 3209 hominum.

812 3444 1097 3508 Matthaei
1133 3465 1267 3529 cap,
1322 3466 1406 3530 14
1439 3458 1503 3507 et
1539 3448 1639 3525 15,
1667 3444 1931 3509 Joannis
1961 3465 2095 3530 cap.
2131 3447 2190 3508 6.

1566 3743 1792 3808 sumptis
1819 3741 2116 3809 discipulis,
2155 3739 2373 3792 secessit
2409 3736 2527 3788 inde
2557 3734 2605 3784 in

1565 3813 1939 3878 navicula,....
1982 3814 2117 3864 abiit
2148 3820 2301 3863 {rans
2338 3823 2482 3861 mare
2511 3806 2607 3860 Ga·

1561 3884 1751 3947 lilaeae,
1791 3886 1850 3935 in
1890 3890 2112 3936 montem
2156 3890 2207 3933 et
2250 3883 2522 3958 desertum·
2542 3877 2606 3928 lo-

1559 3970 1674 4007 cum
1702 3970 1957 4020 seorsum,
1983 3952 2255 4006 devotioni
2287 3962 2340 4006 et
2362 3952 2605 4002 doctrmae

466 3757 489 3791 1
541 3742 746 3791 Turum
807 3739 1087 3791 Cnmsrmt
1136 3752 1468 3790 secem-rm(

397 3827 451 3863 m
477 3830 752 3865 ossam-uu
776 3828 1110 3872 sequamur..
1126 3840 1189 3849 —
1214 3812 1346 3861 Cum
1378 3827 1467 3863 au-

398 3899 507 3939 tem
535 3891 778 3941 audi-sset
810 3890 974 3940 Jesus
1003 3903 1189 3939 necem
1219 3887 1460 3948 Joannis,

399 3970 612 4024 propter
690 3959 985 4012 doctrinam
1046 3957 1301 4021 veritatis,
1362 3973 1462 4009 as-
