2757 4413
427 229 519 279 DE
551 230 645 281 EO
677 230 874 304 QUQD
904 229 1220 281 DOMINUS
1251 230 1479 280 SUPRA
1509 231 1711 282 MARE
1738 230 2167 282 AMBULAVIT.

212 358 254 399 et
311 345 660 396 tribulatione.
715 345 1027 410 Tempestas
1093 344 1240 395 enim

211 435 285 470 eos
321 417 537 479 invasit,
570 429 623 468 et
663 428 875 484 tempus
915 427 1239 468 nocturnum

208 500 285 551 est,
326 498 373 539 et
415 489 619 555 absque
665 489 899 540 Domino
944 505 1044 540 suo
1094 499 1240 539 sunt.

206 561 324 612 Cum
373 570 554 611 autem
601 576 634 610 a
690 576 808 612 sero
868 569 919 610 et
970 559 1239 625 deincepS,

204 634 333 701 quasi
352 650 444 700 per
470 645 638 685 totam
666 644 876 684 noctem
896 635 1239 693 laborassent,

202 708 362 759 videns
388 724 480 760 eos
518 708 798 770 Dominus,
829 706 997 758 oculis
1026 706 1242 757 miseri-

200 779 387 839 cordiae,
425 780 477 829 in
510 779 652 830 mari
683 779 1007 841 labor-anim,
1048 780 1242 844 quarta

201 849 372 915 vigilia
413 850 602 912 noctis,
633 850 698 900 de
727 859 912 899 monte
938 847 1239 908 descendit,

201 920 388 970 etvenit
414 921 487 970 ad
513 934 604 970 eos
626 918 905 969 ambulans
927 932 1093 985 supra
1120 932 1242 967 ma-

200 1004 263 1052 re,
308 989 489 1056 eisque
519 988 985 1056 appropinquavit.
1028 987 1241 1038 Dividi-

202 1072 275 1112 tur
307 1073 483 1112 autem
527 1078 635 1112 nox
681 1061 740 1111 in
782 1071 1011 1127 quatuor
1046 1070 1238 1126 partes,

204 1134 466 1182 secundum
532 1143 761 1199 quatuor
806 1131 1072 1191 excubiaS,
1145 1146 1239 1181 seu

205 1204 387 1271 vigilias
409 1220 543 1272 quas
578 1204 782 1255 faciunt
805 1202 862 1252 in
884 1201 1067 1252 castris
1090 1217 1243 1252 excu-

206 1277 380 1339 bantes,
428 1288 479 1328 et
529 1293 625 1344 per
672 1276 812 1327 vices
862 1285 1091 1340 quatuor
1132 1274 1238 1331 sibi

208 1352 516 1403 succedentes
540 1370 554 1402 :
589 1350 764 1418 prima
790 1349 984 1399 dicitur
1008 1348 1239 1399 contici-

211 1422 354 1486 nium,
385 1424 512 1490 quia
540 1434 671 1475 tunc
707 1436 895 1473 omnes
920 1420 1239 1471 dormiendo

210 1496 446 1546 conticent
463 1505 517 1545 et
544 1502 749 1556 tacent;
772 1492 1020 1553 secunda,
1051 1491 1240 1542 intem-

212 1578 407 1632 pestum,
439 1568 571 1634 quia
616 1567 862 1617 nondum
902 1575 983 1615 est
1027 1572 1238 1629 tempus

211 1641 260 1691 ad
283 1643 598 1707 surgendum
625 1639 709 1691 vel
738 1637 1098 1704 operandum;
1125 1647 1234 1686 ter-

210 1710 279 1771 tia,
319 1711 664 1778 gallicinium,
698 1710 828 1776 quia
866 1718 995 1759 tunc
1038 1707 1237 1758 excita-

209 1792 276 1830 tur
312 1783 475 1847 gallus
518 1782 588 1832 ad
637 1779 993 1841 cantandum3
1030 1788 1234 1845 quarta,

207 1855 567 1915 antelucanum,
589 1853 720 1921 quia
736 1863 854 1903 ante
869 1855 1061 1903 lucem.
1086 1851 1238 1901 Unde

209 1925 430 1989 quaelibet
472 1924 660 1991 vigilia
699 1934 807 1975 tres
851 1924 1014 1974 horas
1055 1922 1233 1981 habet,

208 1995 326 2060 quia,
353 2007 410 2046 ut
433 1996 507 2046 ait
546 1995 937 2061 Ηὶενοηγιπιιε,
986 1992 1237 2044 stationes

210 2073 250 2114 et
285 2065 466 2132 vigiliae
512 2067 772 2117 militares
802 2065 860 2115 in
906 2064 1043 2115 trina
1070 2064 1235 2114 hora-

209 2151 308 2187 rum
331 2139 495 2203 spatia
520 2137 854 2197 dividuntur.

255 2224 284 2258 2
311 2211 414 2260 Cun
446 2212 688 2261 Doxmus
731 2222 1036 2258 mscn’unos
1082 2223 1235 2257 Pam-

202 2294 388 2330 oermu
432 2278 777 2331 rnnmsanw?
813 2305 876 2317 --
914 2279 1065 2327 Patet
1110 2293 1236 2344 ergo

202 2351 327 2415 quod
358 2352 506 2418 quasi
536 2366 632 2417 per
658 2360 828 2400 totam
862 2358 1077 2399 noctem
1104 2348 1238 2414 peri-

199 2422 343 2473 clitati
362 2423 595 2483 fuerunt,
623 2422 751 2488 quia
773 2436 909 2488 pene
947 2421 1056 2487 jam
1082 2430 1233 2471 nocte

200 2492 349 2556 finita,
390 2495 656 2547 Dominus
698 2494 763 2544 ad
805 2509 898 2544 eos
946 2493 1094 2544 venit
1108 2507 1124 2555 ;
1186 2503 1238 2541 et

202 2581 295 2616 non
341 2583 484 2627 mox,
525 2566 619 2616 sed
678 2567 897 2616 demum
935 2575 1115 2615 tamen
1157 2564 1237 2614 eis

202 2639 448 2698 succurrit,
474 2637 603 2704 quia
618 2636 715 2686 etsi
734 2637 799 2687 ad
820 2636 1008 2685 horam
1026 2634 1238 2685 differre

201 2706 383 2759 videtur
409 2708 672 2760 auxilium
700 2706 987 2770 tribulatis,
1018 2706 1234 2756 tandem

202 2788 354 2830 tamen
396 2796 487 2831 eos
516 2778 782 2830 consolari
813 2787 865 2829 et
894 2778 1236 2829 corroborare

203 2867 292 2901 non
348 2853 557 2903 desinit.
622 2852 778 2903 Unde
844 2849 1168 2917 Theophilus
1215 2867 1234 2900 .-

202 2938 226 2966 ι(
247 2921 476 2972 Permisit
509 2931 689 2972 autem
720 2919 984 2971 Dominus
1018 2919 1234 2985 pericli-

199 2993 281 3043 tari
302 2995 603 3061 discipuIOS,
630 3004 691 3044 ut
719 2992 911 3043 fierent
942 2992 1229 3058 patientes3

200 3068 321 3119 unde
347 3086 454 3120 non
483 3068 664 3119 statim
689 3067 768 3117 eis
795 3066 983 3131 astitit,
1015 3066 1110 3116 sed
1140 3082 1233 3132 per

201 3148 342 3190 totam
392 3152 601 3191 noctem
642 3137 931 3206 periclitari
972 3138 1231 3203 permisit,

199 3218 251 3258 ut
277 3211 474 3263 doceret
494 3227 587 3261 eos
616 3210 876 3277 patienter
919 3220 1232 3274 exspectare,

201 3288 371 3332 utnon
412 3297 442 3332 a
486 3280 757 3348 principio
785 3280 843 3331 in
870 3278 1235 3330 tribulationi-

202 3349 287 3400 bus
309 3363 573 3418 sperarent
612 3352 936 3402 subsidium.
974 3370 1002 3400 n
1039 3352 1106 3402 Et
1130 3350 1232 3400 ite-

201 3435 304 3471 rum
329 3439 342 3471 2
369 3442 395 3469 α
417 3425 553 3474 Vide
570 3423 843 3490 quomodo
864 3439 974 3473 non
1005 3422 1062 3472 in
1093 3423 1235 3489 prin-

201 3491 322 3557 cipio
346 3496 563 3560 periculi
610 3494 879 3545 Dominus
909 3495 1096 3558 astitit,
1140 3497 1229 3546 sed

203 3562 252 3613 in
274 3563 395 3629 fine;
426 3568 689 3633 permittit
722 3582 957 3634 namque
991 3583 1091 3618 nos
1118 3584 1234 3619 esse

203 3634 252 3685 in
276 3640 439 3690 medio
480 3640 859 3705 periculorum,
889 3649 949 3689 ut
976 3650 1232 3691 certantes

202 3709 249 3756 in
267 3709 689 3766 tribulationibus
723 3710 1109 3776 probabiliores
1132 3710 1233 3763 fia-

203 3794 323 3841 mus,
364 3794 413 3834 et
433 3794 493 3834 ut
514 3784 580 3835 ad
614 3783 795 3848 ipsum
830 3784 1007 3834 solum
1051 3801 1233 3836 recur-

205 3865 375 3916 ramus,
399 3855 493 3922 qui
522 3865 713 3923 potens
738 3864 818 3906 est
859 3870 924 3905 ex
946 3854 1232 3922 insperatis

2264 185 2487 307 ,637-

1350 361 1450 396 nos
1477 346 1720 397 liberare.
1753 348 1892 398 Cum
1930 347 2076 398 enim
2114 347 2421 407 intellectus

1350 417 1620 468 humanus
1654 419 1759 469 sibi
1805 419 2080 485 providere
2113 437 2223 470 non
2262 430 2419 485 pote-

1350 490 1452 553 rit,
1502 500 1631 540 tunc
1688 491 1833 540 salus
1877 491 2057 541 divina
2115 492 2342 544 advenit.
2385 512 2414 542 n

1350 561 1641 613 Considera
1707 578 1851 613 nunc
1916 563 2212 612 Dominum
2273 579 2416 630 quo-

1350 635 1511 685 modo
1549 634 1800 701 fatigatus
1838 650 1904 685 ex
1942 635 2125 701 vigilia
2162 637 2339 701 longa,
2363 647 2418 688 et

1348 706 1591 757 oratione
1634 708 1859 773 prolixa,
1927 709 2075 758 solus
2125 709 2414 774 descendit,

1350 777 1521 828 noctis
1560 788 1818 845 tempore,
1866 781 2094 847 pedibus
2134 780 2313 844 nudis,
2348 781 2416 832 de

1348 860 1533 900 monte
1559 850 1827 901 laborioso
1855 862 1907 901 et
1938 850 2072 901 forte
2105 862 2334 917 petrOSO‚
2361 864 2414 904 et

1344 921 1688 971 vehementer
1721 921 1769 971 ei
1802 933 2129 987 compatere;
2178 933 2231 972 et
2268 939 2412 988 quo-

1348 993 1510 1042 modo
1541 992 1684 1044 vadit
1706 1009 1867 1059 supra
1893 1009 2038 1044 mare
2070 993 2226 1043 firmo
2257 995 2415 1046 vesti-

1346 1062 1455 1128 gio,
1496 1072 1549 1114 et
1588 1080 1699 1113 non
1746 1063 1943 1114 infusis
1971 1064 2215 1130 pedibus,
2271 1065 2413 1116 sicut

1346 1149 1508 1199 supra
1525 1144 1739 1195 terram,
1763 1151 1869 1185 non
1891 1136 2112 1201 quidem
2136 1147 2413 1201 assumpta

1344 1206 1598 1271 agilitate,
1645 1206 1736 1255 sed
1782 1207 2019 1271 corporis
2046 1208 2317 1272 gravitate,
2358 1217 2412 1258 et

1343 1291 1603 1341 aquarum
1628 1275 1931 1341 liquiditate
1961 1286 2209 1326 manente
2243 1294 2256 1327 z
2293 1293 2415 1344 cog·

1345 1346 1680 1396 novitenim
1723 1356 1959 1396 creatura
1993 1363 2152 1396 suum
2197 1347 2412 1397 Creato-

1343 1432 1477 1480 rem,
1505 1417 1658 1483 cujus
1697 1416 1853 1467 etiarn
1884 1418 2127 1482 potestati
2162 1419 2409 1483 subjectae

1344 1500 1472 1542 sunt
1523 1505 1712 1540 omnes
1763 1489 2135 1540 tribulationes
2196 1491 2408 1542 mundi.

1344 1561 1499 1611 Unde
1543 1560 1861 1612 miraculose
1908 1560 2011 1611 hoc
2071 1560 2228 1622 fecit,
2272 1561 2411 1612 sicut

1342 1633 1558 1698 quando
1576 1633 1728 1698 virgo
1740 1648 1977 1693 manens,
1999 1631 2164 1698 Virgo
2179 1632 2406 1699 peperit;

1342 1712 1395 1752 et
1441 1703 1686 1768 quando,
1716 1712 1965 1753 manente
2006 1703 2245 1768 corporis
2290 1705 2413 1756 soli-

1342 1773 1523 1834 ditate,
1570 1788 1663 1839 per
1716 1773 1893 1826 clausa
1949 1773 2085 1825 ostia
2141 1775 2410 1828 Dominus

1344 1843 1579 1894 intravit.

1409 1913 1436 1965 3
1482 1917 1714 1965 Accssnxr
1759 1916 2002 1967 Dominus
2039 1932 2203 1966 SUPER
2239 1933 2408 1975 AQuAs

1343 2002 1641 2040 annuntius,
1677 2017 1738 2027 -
1761 1989 1902 2040 Cum
1924 1999 2098 2040 autem
2127 1989 2411 2056 appropin-

1343 2059 1529 2124 quavit
1563 2059 1704 2124 navi,
1740 2060 1991 2125 discipuli
2023 2060 2258 2110 videntes
2290 2075 2407 2110 eum

1343 2144 1506 2195 super
1574 2145 1724 2181 mare
1785 2130 2137 2181 ambulantem
2208 2130 2408 2180 turbati

1342 2209 1483 2265 sunt,
1528 2217 1639 2268 prae
1684 2201 1895 2263 timore,
1944 2202 2174 2251 dicentes
2221 2220 2237 2251 .·
2280 2200 2405 2267 quia

1334 2274 1661 2338 phantasma
1700 2280 1797 2335 est,
1832 2281 1884 2322 et
1906 2272 2165 2337 apparitio
2189 2272 2264 2322 rei
2293 2288 2406 2322 non

1342 2342 1639 2404 existentiS‚
1668 2343 1752 2394 vel
1776 2342 2001 2406 alicujus
2039 2342 2260 2409 spiritus
2301 2358 2405 2392 no-

1342 2430 1459 2465 cere
1494 2412 1749 2477 volentis3
1798 2423 1851 2464 et
1895 2425 2069 2464 tamen
2109 2414 2214 2477 jam
2250 2414 2405 2464 vide-

1342 2495 1458 2535 rant
1512 2501 1637 2536 eum
1690 2495 1831 2537 tanta
1884 2485 2140 2536 miracula
2186 2485 2402 2547 fecisse,

1341 2559 1488 2624 quod
1539 2559 1752 2609 credere
1801 2557 2052 2607 deberent
2092 2557 2267 2624 ipsum
2310 2574 2404 2609 su-

1340 2646 1435 2696 per
1461 2646 1624 2699 aquas
1661 2645 1815 2696 posse
1840 2630 2131 2680 ambulare.
2166 2632 2231 2681 Et
2258 2632 2404 2698 quia,

1341 2713 1403 2753 ut
1424 2719 1489 2753 ex
1506 2705 1611 2754 hoc
1631 2713 1862 2770 apparet,
1889 2718 2059 2768 parvae
2081 2702 2204 2753 fidei
2227 2715 2403 2769 erant;

1341 2777 1480 2842 ide0,
1527 2791 1619 2828 eos
1645 2778 1934 2843 praeterire
1975 2778 2200 2840 volebat,
2234 2777 2287 2827 id
2327 2789 2407 2828 est

1340 2851 1406 2899 ad
1443 2850 1666 2900 modum
1693 2848 1920 2899 volentis
1954 2864 2012 2899 se
2057 2849 2307 2914 habebat,
2338 2865 2403 2900 eo

1341 2924 1502 2973 modo
1568 2922 1707 2972 sicut
1779 2930 1900 2988 post
1963 2922 2403 2975 resurrectionem

1339 3008 1493 3044 suam
1524 2991 1801 3043 ambulans
1828 3008 1953 3042 cum
1984 2993 2194 3042 duobus
2233 2993 2403 3043 disci-

1339 3065 1499 3132 pulis,
1526 3065 1708 3133 finxit
1752 3079 1810 3115 se
1855 3065 2071 3131 longius
2113 3065 2222 3127 ire,
2275 3065 2403 3131 quia

1338 3152 1446 3185 non
1474 3136 1918 3202 cognoscebatur3
1954 3136 2084 3185 tales
2118 3135 2258 3185 enim
2301 3151 2400 3201 ap-

1338 3205 1623 3272 paritiones
1656 3205 1792 3256 fiunt
1818 3207 2174 3256 communiter
2200 3220 2401 3254 secun-

1338 3281 1470 3330 dum
1489 3279 1892 3346 dispositionem
1919 3280 2226 3331 interiorem
2252 3279 2400 3344 ipso-

1338 3370 1459 3404 rum
1485 3354 1684 3419 quibus
1706 3356 2077 3405 ostenduntur.
2099 3354 2220 3404 Ideo
2240 3354 2398 3403 etiam

1338 3428 1404 3476 ad
1461 3426 1648 3478 horam
1700 3427 1987 3494 praeterire
2039 3427 2279 3490 volebat,
2337 3435 2400 3476 ut

1338 3500 1499 3551 dilata
1539 3500 1703 3566 gratia
1753 3502 1924 3567 magis
1955 3510 2100 3567 grata
2149 3501 2281 3551 foret
2300 3538 2312 3560 ,
2346 3509 2399 3549 et

1337 3572 1578 3623 liberatio
1604 3574 1816 3625 dulcior
1849 3583 2013 3637 esset;
2044 3572 2121 3622 sic
2152 3582 2203 3622 et
2232 3572 2399 3630 finxit

1338 3656 1398 3693 se
1417 3643 1633 3708 longius
1652 3645 1747 3706 ire,
1784 3653 1846 3694 ut
1877 3643 2199 3694 desiderium
2222 3656 2400 3692 accen-

1337 3717 1500 3767 deret.
1546 3718 1617 3767 At
1661 3716 1923 3782 benignus
1966 3714 2228 3765 Dominus
2274 3729 2398 3763 am-

1335 3788 1477 3853 plius
1504 3803 1597 3838 eos
1618 3787 1797 3837 vexari
1812 3786 2015 3847 nolens,
2049 3801 2115 3835 ne
2142 3785 2399 3837 absorbe-

1335 3869 1518 3912 rentur
1565 3875 1596 3909 a
1642 3858 1834 3909 timore
1853 3895 1869 3921 ‚
1924 3857 2053 3922 quia
2090 3872 2262 3924 prope
2316 3864 2400 3911 est
