2757 4413
787 320 882 372 DE
911 319 1231 372 MULIERE
1260 318 1742 371 SAMARITANA.

159 436 250 486 bus
274 434 570 497 incedebat,
620 451 686 487 ne
725 436 899 504 gravis
942 445 1082 487 esset
1122 434 1212 485 his

159 509 219 559 ad
266 525 406 576 quos
451 510 777 575 declinabat;
834 521 887 562 et
937 509 1211 576 quomodo

160 579 400 647 fatigatus
450 582 604 647 plane
645 591 697 632 et
737 597 950 633 morose
996 578 1212 639 incedit,

162 664 215 700 ac
245 650 462 700 tandem
510 651 576 701 ad
624 651 1010 717 quiescendum
1054 665 1214 716 super

162 730 372 786 puteum
404 736 461 772 se
488 721 659 788 ponit.
684 723 741 772 In
768 722 869 772 hoc
899 737 1027 788 ergo
1064 720 1211 786 quod

160 790 403 856 fatigatus
432 802 511 842 est
534 806 599 841 ex
632 791 841 852 itinere,
865 792 1022 841 datur
1057 789 1214 839 nobis

163 865 458 930 exemplum
492 881 603 915 non
650 864 946 931 refugiendi
975 864 1213 914 laborem

164 951 250 1001 pro
275 935 507 986 aliorum
544 937 735 1000 salute;
763 936 1036 1001 simulque
1061 935 1216 985 datur

163 1016 208 1057 et
230 1006 558 1072 paupertatis
580 1008 905 1073 exemplum,
932 1005 1059 1072 quia
1087 1019 1215 1071 prae-

162 1077 361 1128 dicabat
376 1089 430 1127 et
442 1078 658 1128 sedebat
678 1077 773 1138 sic,
792 1088 949 1144 prout
971 1075 1215 1142 contigit,

160 1148 296 1212 juxta
324 1158 568 1213 puteum,
592 1164 754 1215 super
782 1149 988 1198 nudum
1016 1149 1216 1197 locum.

164 1218 321 1279 Quasi
359 1219 519 1281 dicat,
552 1220 850 1271 secundum
881 1219 1217 1285 Chrysosto-

162 1309 308 1356 mum,
340 1310 452 1344 non
483 1295 542 1344 in
569 1295 787 1353 thron0,
817 1303 908 1344 aut
931 1290 1218 1359 pulvinari,

164 1366 246 1415 sed
282 1365 602 1431 simpliciter
629 1367 775 1431 juxta
793 1376 1041 1441 puteum,
1072 1373 1123 1414 et
1159 1373 1220 1413 ut

163 1436 513 1516 contingebat,
539 1452 701 1504 super
723 1446 936 1488 terram.
965 1438 1117 1502 Saepe
1140 1434 1217 1485 fa-

164 1507 348 1572 tigatus
395 1519 477 1559 est
520 1510 789 1560 Dominus
819 1510 991 1569 Jesus,
1032 1518 1084 1559 et
1111 1515 1222 1559 tota

165 1577 262 1628 vita
313 1595 413 1630 sua
465 1579 524 1628 in
581 1590 887 1647 paupertate
935 1589 989 1630 et
1043 1579 1223 1628 labore

167 1650 275 1702 fuit.
332 1654 488 1704 Unde
543 1654 827 1704 Psalmista
885 1654 944 1705 in
998 1666 1224 1719 persona

170 1722 327 1788 ipsius
357 1741 371 1774 ε
403 1725 628 1789 Pauper
658 1740 775 1775 sum
813 1740 934 1792 ege,
964 1728 1017 1775 et
1044 1723 1098 1774 in
1136 1722 1226 1772 la-

172 1793 370 1844 boribus
409 1809 445 1844 a
479 1795 759 1862 juventute
801 1809 937 1846 mea.
984 1794 1139 1845 Unde
1172 1800 1225 1843 et

172 1865 584 1933 Chrysostomus
610 1885 628 1919 .·
657 1887 684 1915 ιι
714 1868 962 1919 Christus
990 1866 1153 1932 igitur
1171 1864 1226 1915 in

170 1936 455 1988 Samariam
501 1939 774 1998 accedens,
809 1937 1018 1988 facilem
1047 1947 1099 1987 et
1127 1937 1226 1987 de-

172 2007 401 2059 liciosam
427 2009 594 2060 vitam
615 2009 885 2075 abjiciens,
905 2008 1226 2059 laboriosam

172 2092 283 2127 vero
317 2088 369 2129 et
402 2080 642 2130 strictam
680 2094 927 2145 sequens,
957 2094 1066 2129 non
1093 2079 1228 2129 sub-

172 2148 427 2215 jugalibus
472 2151 662 2212 utitur,
707 2152 800 2202 sed
843 2151 914 2202 ita
953 2151 1128 2201 valide
1178 2160 1229 2201 et

172 2221 442 2273 difficulter
472 2223 691 2284 incedit,
726 2233 786 2273 ut
813 2239 877 2273 ex
904 2222 1091 2273 itinere
1119 2222 1231 2273 fati·

172 2305 329 2359 getur.
362 2297 442 2346 Ex
470 2296 574 2347 hoc
602 2296 790 2363 utique
812 2296 989 2347 erudit
1008 2311 1067 2346 se
1095 2311 1229 2361 ope-

171 2376 390 2415 ratorem
432 2381 565 2427 esse,
599 2377 652 2417 et
691 2382 801 2416 non
841 2365 1109 2432 superflua
1136 2381 1231 2433 pe-

174 2445 291 2498 tere,
346 2446 401 2488 et
449 2453 560 2487 non
613 2435 801 2488 multis
851 2436 1109 2503 indigere.
1155 2437 1231 2486 Ita

174 2507 310 2557 enim
351 2510 470 2559 vult
499 2523 530 2559 a
557 2508 842 2575 superfluis
881 2508 1087 2559 alienos
1131 2522 1231 2557 nos

176 2592 301 2638 esse,
346 2590 410 2630 ut
449 2590 503 2631 et
530 2580 772 2646 ipsorum
811 2577 1232 2630 necessariorum

178 2649 336 2700 multa
378 2650 761 2701 abscindamus
806 2666 838 2700 a
882 2649 1056 2700 nobis.
1098 2650 1233 2699 Pro-

177 2729 345 2783 pterea
393 2720 640 2770 dicebat:
684 2719 880 2785 Vulpes
905 2720 1103 2786 foveas
1131 2719 1233 2769 ha-

179 2789 303 2853 bent,
328 2797 382 2842 et
421 2790 666 2842 volucres
689 2791 812 2841 coeli
849 2790 1230 2852 habitationes;

181 2860 349 2913 Filius
372 2867 547 2913 autem
584 2861 810 2912 hominis
840 2877 942 2913 non
964 2861 1120 2912 habet
1147 2861 1237 2911 ubi

179 2940 330 2997 caput
353 2935 593 2985 reclinet.
627 2934 905 2999 Propterea
925 2944 978 2984 et
1004 2933 1058 2983 in
1083 2949 1238 2983 mon-

182 3003 317 3056 tibus
348 3022 515 3072 quam
545 3005 844 3071 plurimum
873 3016 1235 3066 conversatur,

179 3091 280 3125 non
318 3078 500 3127 solum
526 3078 584 3128 in
625 3076 730 3137 die,
770 3077 863 3128 sed
895 3088 949 3128 et
978 3078 1035 3127 in
1066 3087 1236 3137 nocte,

177 3159 225 3198 et
254 3150 311 3201 in
344 3151 572 3203 desertis
612 3169 627 3203 ι
666 3171 694 3200 n
742 3150 853 3202 haec
902 3152 1238 3217 Chrysosto-

180 3237 312 3276 mus.
376 3225 679 3276 Considera
720 3224 882 3275 etiam
920 3225 1049 3290 quia
1072 3224 1239 3275 disci-

175 3295 283 3359 puli
312 3313 427 3347 non
473 3296 782 3348 deferebant
818 3296 1095 3360 victualia3
1127 3298 1240 3357 sed,

176 3366 303 3420 hora
330 3370 650 3422 comedendi
699 3370 951 3432 instante,
991 3370 1136 3422 ibant
1176 3372 1242 3422 ad

173 3442 591 3507 comparandum
617 3456 697 3492 ea.
720 3441 874 3492 Unde
903 3441 1047 3492 idem
1072 3441 1254 3506 Chr-r·-

177 3519 446 3564 sostomus
475 3530 492 3564 e
524 3533 552 3560 α
582 3513 854 3565 Discimus
897 3524 1075 3565 autem
1128 3513 1245 3562 Do-

173 3586 306 3637 mini
342 3603 458 3637 non
484 3587 664 3637 solum
708 3587 847 3639 circa
887 3588 1083 3638 itinera
1108 3586 1246 3637 vali-

170 3654 298 3707 dum
327 3659 514 3719 robur,
541 3658 635 3709 sed
675 3657 836 3709 etiam
865 3658 1007 3708 circa
1045 3656 1246 3707 cibaria

169 3727 570 3794 negligentiam.
619 3728 742 3779 Non
801 3728 947 3778 enim
999 3727 1249 3793 discipuli

168 3797 283 3862 ejus
308 3799 626 3851 deferebant
663 3799 934 3860 victualia,
963 3799 1055 3850 sed
1080 3798 1248 3849 viati-

174 3869 307 3920 cula.
354 3870 426 3921 Et
454 3870 693 3921 ostendit
742 3871 846 3921 hoc
893 3869 1035 3921 alius
1085 3871 1248 3920 Evan-

176 3940 381 4004 gelista,
414 3940 623 4003 dicens,
680 3956 805 3992 cum
860 3941 928 3992 de
975 3942 1246 4008 fermento

2274 319 2370 386 571

1316 435 1722 487 Pharisaeorum
1749 442 1803 487 et
1829 434 2255 486 Sadducaeorum
2301 434 2381 488 eis

1316 506 1645 572 loqueretur,
1681 506 1805 557 illos
1831 507 2108 573 cogitasse
2137 507 2279 556 intra
2302 520 2378 569 se,

1317 575 1548 627 dicentes
1576 594 1594 627 .·
1630 578 1775 638 Quia
1813 591 1987 644 panes
2031 592 2133 628 non
2168 576 2384 641 accepi·

1320 663 1464 710 mus;
1488 659 1541 699 et
1570 665 1693 700 cum
1730 649 2025 700 esurientes
2067 648 2289 709 inducit,
2330 658 2384 699 et

1319 721 1619 772 incidentes
1651 722 1824 788 spicas
1846 732 1899 773 et
1930 722 2295 782 comedentes;
2332 729 2385 771 et

1319 810 1443 845 cum
1492 793 1622 844 dicit
1660 810 1784 845 eum
1822 795 1889 845 ad
1933 794 2124 845 fiscum
2169 804 2386 859 propter

1319 865 1550 917 esuriem
1612 865 1838 917 venisse.
1890 866 2037 917 Nihil
2085 865 2232 916 aliud
2292 879 2387 930 per

1321 938 1437 990 haec
1483 938 1667 989 omnia
1693 954 1791 989 nos
1831 938 2024 1001 erudit,
2065 952 2228 1004 quam
2262 937 2384 996 hoc,

1321 1009 1522 1060 scilicet
1544 1019 1886 1060 contemnere
1906 1019 2166 1068 ventrem,
2199 1018 2250 1058 et
2264 1008 2386 1057 'non

1322 1081 1617 1131 studiosam
1668 1080 1781 1145 ejus
1825 1080 2090 1131 aestimare
2136 1094 2252 1129 esse
2278 1077 2389 1128 mi-

1325 1151 1721 1202 nistrationem.
1754 1153 1967 1203 Intuere
1999 1151 2252 1217 equidem
2296 1165 2390 1200 eos

1323 1233 1376 1272 et
1401 1221 1504 1282 hic,
1526 1238 1701 1288 neque
1717 1222 2012 1273 deferentes
2031 1223 2220 1288 utique
2238 1221 2390 1288 quid,

1323 1307 1498 1358 neque
1543 1293 1673 1359 quia
1723 1308 1834 1343 non
1876 1292 2160 1359 portabant
2208 1291 2391 1342 statim

1323 1364 1393 1413 ab
1429 1362 1588 1413 initio
1618 1363 1725 1413 diei
1755 1362 1918 1428 hujus
1953 1362 2241 1425 sollicitos;
2278 1362 2392 1421 sed,
2441 1404 2445 1408 .

1324 1434 1622 1484 secundum
1654 1443 1885 1499 tempus,
1926 1434 2216 1483 secundum
2247 1431 2394 1499 quod

1326 1521 1519 1556 omnes
1559 1506 1900 1571 pulmentum
1927 1505 2218 1571 accipiunt,
2247 1519 2395 1555 escas

1327 1586 1717 1643 comparantes.
1754 1577 1875 1627 Non
1905 1587 1966 1627 ut
1995 1592 2096 1626 nos
2125 1585 2260 1626 certe
2300 1575 2395 1640 qui

1330 1664 1457 1698 mox
1497 1664 1527 1699 e
1564 1649 1759 1699 lectulo
1807 1659 2086 1714 surgentes
2126 1662 2234 1713 prae
2274 1646 2397 1696 aliis

1330 1722 1446 1772 haec
1469 1721 1821 1782 intendimus,
1859 1737 2060 1789 coquos
2101 1732 2154 1771 et
2197 1734 2397 1770 mensae

1330 1792 1594 1859 positores
1638 1802 1905 1853 vocantes,
1955 1801 2008 1842 et
2058 1808 2179 1843 cum
2224 1791 2397 1841 multo

1331 1864 1435 1915 hoc
1465 1873 1763 1915 scrutantes
1807 1863 2005 1923 studi0,
2051 1873 2104 1913 et
2145 1871 2266 1928 post
2306 1860 2398 1911 illa

1332 1936 1407 1986 ita
1467 1935 1571 1985 alia
1624 1944 1922 1999 tangenteS,
1969 1934 2227 1985 secularia
2274 1941 2400 1983 ante

1332 2005 1630 2072 spiritualia
1656 2005 1928 2065 facientes,
1963 2014 2016 2055 et
2040 2020 2163 2071 quae
2208 2018 2399 2069 super-

1332 2093 1496 2129 vacua
1523 2077 1721 2127 habere
1761 2076 2039 2142 oportebat
2067 2087 2128 2126 ut
2153 2089 2400 2126 necessa-

1333 2149 1412 2199 ria
1440 2149 1794 2211 honorantes;
1839 2157 2056 2213 propter
2088 2146 2189 2195 hoc
2217 2143 2402 2195 omnia

1332 2236 1550 2272 sursum
1574 2230 1627 2269 et
1644 2218 1868 2270 inferius
1893 2228 2034 2268 sunt.
2060 2215 2400 2268 Contrarium

1333 2295 1480 2346 enim
1530 2302 1798 2359 oporteret
1851 2291 2099 2342 omnium
2146 2289 2403 2356 spiritua-

1335 2367 1468 2418 lium
1519 2367 1746 2416 multam
1812 2364 2065 2415 facientes
2115 2362 2401 2419 rationem,

1333 2447 1622 2503 postquam
1647 2434 2095 2499 compleverimus
2135 2431 2243 2491 illa,
2275 2440 2405 2479 tunc

1336 2520 1553 2574 tangere
1580 2507 1737 2556 haec:
1767 2524 1794 2552 »
1827 2504 1941 2556 haec
1963 2505 2403 2581 chrysostomus.

1335 2577 1648 2630 Ambulavit
1665 2591 1792 2642 ergo
1816 2575 2065 2626 Christus
2095 2573 2210 2624 sine
2229 2571 2404 2638 equis,

1336 2669 1511 2720 usque
1534 2653 1599 2703 ad
1629 2649 2031 2712 lassitudinem;
2055 2648 2173 2698 sine
2202 2661 2407 2720 expen-

1338 2725 1434 2786 εἰς,
1465 2739 1638 2790 usque
1667 2723 1733 2773 ad
1763 2720 2021 2783 esuriem;
2046 2735 2106 2770 ac
2135 2719 2253 2769 sine
2289 2732 2408 2768 ser-

1337 2796 1604 2849 vitoribus
1663 2804 1714 2846 et
1780 2793 2024 2860 pompis,
2105 2806 2279 2858 usque
2341 2791 2406 2840 ad

1343 2867 1816 2918 ministrationem.
1900 2864 2160 2930 Conspice
2247 2862 2408 2913 etiam

1341 2939 1616 3007 quomodo
1651 2954 1761 2988 non
1803 2937 2121 3002 dedignatur
2162 2951 2287 2985 cum
2316 2948 2411 2983 ne·-

1342 3013 1526 3078 glecta,
1556 3020 1610 3060 et
1640 3008 1941 3074 alienigena
1985 3006 2210 3057 muliere
2243 3003 2410 3070 loqui,

1344 3093 1652 3135 monstrans
1711 3097 1875 3148 quam
1936 3080 2086 3131 mitis
2142 3090 2414 3145 quamque

1346 3154 1574 3205 humilis
1620 3151 1708 3203 sit.
1746 3153 1867 3202 Non
1898 3150 2125 3217 despicit
2157 3162 2413 3216 personas

1346 3226 1479 3277 viles
1510 3234 1562 3275 et
1608 3223 1861 3283 humiles,
1892 3223 2024 3273 tales
2051 3221 2198 3271 enim
2242 3220 2426 3269 inter-'

1347 3298 1480 3347 dum
1532 3294 1748 3359 capiunt
1807 3306 1996 3343 arcana
2043 3290 2232 3342 salutis
2293 3289 2415 3355 plus

1349 3383 1512 3436 quam
1543 3365 1733 3417 divites
1768 3374 1820 3415 et
1848 3364 2074 3415 nobiles.
2101 3364 2252 3423 Item,
2282 3376 2417 3412 con-

1351 3438 1500 3504 spice
1529 3436 1806 3517 quomodo
1836 3435 2075 3485 intentus
2104 3442 2214 3482 erat
2239 3429 2418 3482 studio

1351 3507 1639 3575 spirituali,
1676 3506 1805 3573 quia
1845 3521 1970 3556 cum
2021 3514 2159 3555 esset
2204 3513 2419 3566 tempus

1353 3580 1686 3643 comedendi,
1715 3578 1885 3630 voluit
1904 3588 2080 3629 tamen
2100 3575 2327 3633 differre,
2358 3582 2420 3622 ut

1356 3650 1650 3701 intenderet
1682 3646 2076 3715 praedicationi;
2118 3655 2168 3695 et
2213 3641 2422 3692 distulit

1357 3724 1695 3776 refectionem
1736 3736 1975 3787 corporis
2019 3731 2273 3782 accipere,
2315 3730 2422 3765 no-

1358 3798 1473 3847 lens
1495 3796 1771 3846 comedere
1797 3804 2082 3859 antequam
2114 3788 2222 3838 illis
2247 3788 2313 3838 de
2340 3786 2421 3837 ci-
2507 3831 2511 3835 .

1359 3871 1522 3921 vitate
1551 3867 1874 3933 praedicaret,
1896 3861 2141 3931 quamvis
2160 3861 2265 3941 jam
2287 3869 2425 3911 esset

1361 3940 1505 3991 hora
1531 3943 1710 4001 sexta,
1735 3946 1787 3987 et
1809 3936 1923 4002 ipse
1948 3933 2109 3984 etiam
2133 3945 2207 3982 ex
2235 3930 2424 3982 itinere
