2757 4413
385 282 492 334 4⁷0

385 383 553 450 Igitur
582 396 693 431 non
742 380 995 447 prohibet
1040 380 1307 430 Dominus
1355 396 1457 430 ne-

381 453 715 515 cessitatem,
757 453 848 502 sed
893 450 1358 517 superfluitatem3
1404 459 1458 500 et

382 523 636 591 prohibet
677 523 1032 588 Evangelium
1076 520 1458 572 annuntianti-

382 596 485 647 bus
540 594 768 645 nimiam
822 610 1005 645 curam
1042 603 1095 645 et
1128 592 1458 643 sollicitudi-

382 683 508 718 nem
529 668 595 717 de
616 667 1024 733 temporalibuS,
1045 682 1111 717 ne
1134 666 1304 717 velint
1325 682 1457 732 por-

378 747 491 788 tare
519 738 660 788 ultra
685 737 982 788 necessaria
1010 736 1175 797 aliud,
1204 736 1457 788 timentes

378 808 526 874 quod
564 808 669 858 sibi
699 807 926 860 deficiat.

449 895 505 930 11
566 880 894 930 Fit-:sumno
941 892 1027 929 An·
1066 893 1454 929 pammcmnmr

378 965 712 1000 nscessAmA.
745 977 810 987 —
851 950 1004 1008 Item,
1034 957 1095 997 ut
1121 948 1223 998 sub
1252 958 1457 1014 quanta

378 1019 725 1070 festinatione
771 1019 836 1069 ad
885 1017 1285 1085 praedicandum
1326 1034 1454 1084 per-

379 1107 504 1159 gere
534 1092 763 1141 debeant
796 1091 1132 1150 ostendatur,
1165 1090 1409 1154 adjunxit
1438 1108 1451 1141 ε

378 1163 458 1214 Et
484 1162 739 1212 neminem
756 1172 858 1226 per
895 1161 1036 1212 viam
1067 1161 1455 1211 salutaveritis,

380 1233 503 1283 Non
541 1232 863 1298 simpliciter
904 1232 1284 1282 salutationem
1324 1247 1457 1297 pro·-

378 1304 577 1368 hibuit,
609 1305 703 1355 sed
731 1320 855 1355 cum
878 1320 1031 1355 mora
1057 1314 1111 1355 et
1139 1302 1457 1354 confabula-

376 1377 527 1428 tione
574 1378 713 1428 hanc
765 1377 881 1429 fieri
935 1378 1142 1441 noluit3
1193 1393 1261 1428 ne
1305 1392 1458 1428 occa-

376 1447 530 1498 sione
585 1448 925 1499 salutationis
986 1447 1382 1514 impedirentur
1428 1463 1459 1498 a

376 1532 537 1569 cursu
574 1518 990 1583 praedicationis,
1025 1518 1323 1585 quominus
1351 1517 1457 1568 cito

375 1591 603 1641 salutem
685 1592 1033 1656 praedicarent
1097 1591 1455 1642 auditoribus,

376 1661 475 1712 Vel
506 1661 789 1727 prohibuit
818 1677 886 1712 ne
919 1663 1230 1723 salutarent,
1255 1662 1458 1712 scilicet

376 1748 443 1784 ex
470 1733 798 1793 curiositate,
831 1734 969 1786 sicut
987 1735 1211 1801 quidam
1232 1734 1456 1794 faciunt,

376 1803 473 1868 qui
504 1819 616 1853 non
647 1819 710 1854 ex
756 1804 937 1854 studio
974 1806 1203 1855 salutem
1232 1805 1454 1871 optandi

378 1874 610 1924 salutare
680 1885 1105 1939 consueverunt3
1178 1877 1272 1926 sed
1342 1892 1454 1926 non

374 1944 658 2012 prohibuit
706 1946 809 1996 hoc
851 1946 967 1997 fieri
1004 1962 1069 1997 ex
1117 1946 1363 2010 caritate,
1403 1956 1456 1997 et

376 2015 442 2065 ad
466 2016 883 2076 consulendum,
915 2031 974 2066 ac
1011 2016 1193 2067 studio
1230 2016 1453 2082 optandi

375 2086 623 2137 salutem.
656 2086 760 2137 Ubi
794 2086 1096 2137 ostenditur
1133 2096 1336 2153 quanta
1364 2087 1456 2136 di·-

375 2156 599 2224 ligentia
653 2167 706 2209 et
760 2157 1098 2210 festinatione
1144 2158 1458 2224 praedicator

375 2231 523 2281 verbi
552 2231 726 2282 divini
765 2231 923 2282 debet
956 2232 1195 2283 officium
1223 2231 1329 2282 sibi
1360 2231 1465 2282 in-.

374 2302 618 2367 junctum
665 2318 937 2363 exercere,
966 2303 1095 2370 quia
1140 2319 1251 2354 non
1297 2303 1466 2354 debet

374 2371 442 2421 ab
470 2372 650 2423 officio
680 2373 1014 2438 hujusmodi,
1049 2383 1264 2441 propter
1290 2373 1456 2423 fami-

372 2442 676 2505 liaritatem,
709 2460 833 2495 curn
861 2444 1051 2511 aliquo
1084 2444 1359 2497 retardari.
1391 2444 1456 2494 Et

373 2514 494 2565 ideo
524 2516 839 2581 praedicator
863 2517 1098 2567 multum
1128 2516 1285 2567 debet
1306 2518 1454 2581 plan·

373 2599 495 2651 gere
524 2594 768 2651 tempus,
810 2602 918 2652 quo
950 2585 1310 2652 praetermittit
1337 2586 1455 2635 fru-

372 2659 516 2703 ctum
553 2654 975 2719 praedicationis3
1008 2664 1062 2705 et
1080 2653 1333 2704 similiter
1359 2653 1453 2704 alii

372 2723 573 2773 debent
602 2724 851 2790 plangere
885 2734 1130 2789 tempuS,
1166 2739 1276 2789 quo
1311 2739 1456 2789 prae-

370 2795 677 2845 termittunt
713 2794 1014 2861 spiritualia
1065 2795 1346 2856 exercitia,
1388 2796 1454 2846 ad

370 2881 559 2917 eorum
590 2876 791 2916 statum
832 2866 1171 2931 pertinentia.

441 2952 503 2987 12
540 2937 747 2987 Hospes
776 2953 811 2989 a
844 2952 1309 2989 Palemon-romnus
1340 2953 1457 2988 ELI-

370 3025 593 3069 oannus‚
663 3025 761 3059 Nec
820 3025 1007 3060 meme
1058 3026 1363 3062 :ru-rannus.
1392 3040 1457 3049 —

371 3085 526 3144 Item,
564 3083 815 3133 omnium
859 3082 940 3134 eis
971 3083 1216 3149 aperiens
1259 3084 1457 3135 domos

372 3158 438 3207 de
468 3156 769 3208 necessario
808 3156 958 3218 cibo,
1007 3157 1132 3208 fecit
1160 3174 1253 3208 eos
1287 3158 1458 3208 confi-

370 3228 514 3287 dere,
544 3227 732 3278 dicens
768 3243 782 3275 ε
815 3228 878 3277 In
905 3241 1268 3293 quamcunque
1283 3234 1459 3278 autem

372 3304 642 3355 civitatem
659 3310 756 3354 aut
771 3303 1071 3368 castellum,
1088 3304 1142 3354 id
1156 3315 1233 3355 est
1248 3305 1306 3355 in
1317 3319 1461 3372 quae·

374 3390 594 3441 cunque
632 3377 748 3426 loca
781 3376 984 3441 majora
1017 3376 1101 3426 vel
1129 3376 1356 3441 minora,
1388 3376 1464 3427 in-

374 3447 679 3508 traveritiS,
709 3448 1055 3514 interrogate
1076 3449 1196 3513 quis
1215 3450 1268 3498 in
1294 3463 1358 3500 ea
1381 3447 1463 3499 di-

372 3534 519 3587 gnus
539 3519 629 3580 sit,
660 3519 713 3568 id
737 3529 818 3570 est
846 3518 1020 3570 fidelis
1040 3531 1091 3571 et
1112 3521 1266 3571 bonae
1281 3520 1457 3582 famae‚

373 3598 427 3639 et
454 3605 565 3639 non
591 3603 654 3638 su
666 3597 882 3653 spectus
905 3587 1020 3654 ipse
1043 3589 1127 3638 vel
1147 3589 1300 3641 locus
1325 3589 1459 3654 ejus,

369 3675 437 3711 ne
465 3658 694 3710 infamia
734 3658 1083 3724 suscipientis
1116 3658 1257 3710 fama
1287 3670 1341 3710 et
1368 3660 1461 3709 di-

371 3729 554 3796 gnitas
599 3728 1016 3796 praedicatorum
1054 3731 1368 3790 maculetur,
1412 3737 1465 3779 et

369 3816 564 3852 eorum
595 3801 907 3868 praedicatio
933 3811 986 3852 et
1015 3801 1262 3853 doctrina
1288 3803 1465 3852 detur.

363 3884 551 3940 petur,
598 3890 657 3926 ac
707 3884 965 3941 tanquam
1006 3885 1247 3940 suspecta
1285 3874 1459 3940 impe-

1134 262 1370 313 PRIMAE
1402 262 1482 312 PA
1494 261 1650 312 RTIS
1677 261 1913 313 CAPUT
1943 262 2027 313 LI.

1564 377 1762 428 diatur.
1806 377 1910 429 Ubi
1945 378 2318 444 Hieronymus
2342 395 2359 428 .-
2385 395 2413 424 «
2444 377 2628 429 Testi-

1563 448 1752 498 monio
1799 446 2107 498 vicinorum
2162 457 2214 498 et
2268 462 2364 513 per
2410 447 2628 507 famam,

1563 519 1842 585 eligendus
1870 528 1951 569 est
1979 519 2194 585 hospes,
2227 535 2295 570 ne
2333 519 2449 584 ejus
2481 517 2629 570 infa-

1563 591 1674 642 mia
1754 590 2059 657 praedicatio
2109 591 2349 642 laedatur.
2397 611 2426 638 »
2481 591 2632 656 Ergo

1562 663 1736 713 multo
1778 661 1974 727 magis·
1997 661 2176 712 socius
2219 661 2496 727 eligendus
2551 671 2635 712 est

1561 733 1776 799 dignus.
1803 734 1956 793 Item,
1978 732 2083 783 hoc
2100 732 2250 793 dicit,
2281 743 2341 782 ut
2364 732 2496 783 sciat
2525 733 2636 783 ho-

1560 818 1683 869 spes
1738 819 1797 854 se
1847 803 2020 869 magis
2080 803 2303 870 gratiam
2358 802 2634 868 accipere,

1559 889 1724 940 quam
1752 874 1894 925 dare.
1926 875 2004 924 Et
2043 874 2097 924 in
2134 888 2494 940 quamcunque
2534 873 2638 924 do-

1561 963 1701 998 mum
1731 948 2079 1010 intraveriti8‚
2114 963 2272 998 causa
2302 946 2639 1012 hospitandi,

1561 1020 1616 1070 in
1645 1020 1829 1070 eadem
1854 1026 2084 1082 manete,
2125 1035 2233 1070 non
2262 1018 2379 1069 sine
2406 1018 2644 1068 honesta

1560 1106 1718 1141 causa
1744 1091 1870 1141 inde
1906 1091 2150 1142 exeundo
2168 1129 2182 1151 ,
2219 1104 2315 1140 nec
2345 1089 2558 1141 curiose
2586 1101 2642 1140 et

1562 1163 1826 1214 inutiliter
1844 1163 2208 1223 discurrendO,
2221 1163 2385 1214 donec
2400 1163 2640 1225 exeatiS,

1559 1234 1859 1295 transituri,
1887 1235 2088 1286 scilicet
2115 1235 2222 1286 alio
2252 1234 2317 1284 ad
2348 1233 2645 1300 praedican-

1562 1306 1713 1357 dum.
1744 1306 1865 1356 Non
1895 1317 1976 1357 est
1998 1316 2177 1357 tamen
2200 1305 2642 1371 intelligendum,

1562 1380 1707 1446 quod
1733 1394 1829 1446 per
1849 1379 1953 1430 hoc
1980 1380 2111 1431 velit
2142 1377 2421 1429 excludere
2447 1392 2644 1427 causas

1562 1451 1817 1502 honestas
1840 1451 2099 1511 exeundi,
2131 1461 2192 1501 ut
2214 1449 2280 1501 ad
2308 1449 2643 1509 docendum,

1561 1523 1645 1573 vel
1690 1522 1895 1587 aliquid
1942 1521 2253 1586 hujusmodi
2302 1519 2643 1581 faciendum,

1562 1609 1687 1644 cum
1712 1605 1929 1660 propter
1960 1593 2064 1643 hoc
2098 1591 2413 1643 intraverint
2442 1590 2644 1642 civita-

1561 1675 1672 1714 tem
1695 1664 1778 1714 vel
1801 1663 2108 1726 castellum;
2145 1663 2238 1712 sed
2267 1676 2362 1727 per
2389 1662 2492 1712 hoc
2524 1662 2646 1712 vult

1560 1738 1838 1788 discursus
1858 1752 2022 1803 vagos
2047 1735 2351 1795 excludere,
2391 1735 2488 1801 qui
2524 1752 2644 1786 non

1559 1809 1756 1859 debent
1803 1824 1921 1859 esse
1984 1807 2042 1858 in
2109 1806 2481 1873 praedicatore3
2545 1809 2646 1858 sed

1560 1877 1735 1944 magis
1758 1886 1998 1929 cessante
2035 1876 2345 1927 necessitate
2378 1878 2644 1936 exeundi,

1560 1951 1718 2001 debet
1751 1965 1934 2001 vacare
1961 1948 2427 2016 contemplationi,
2466 1959 2532 1999 ut
2563 1949 2643 2000 ibi

1560 2023 1773 2073 hauriat
1807 2023 1953 2088 quod
1986 2022 2186 2088 populo
2231 2032 2413 2088 postea
2454 2021 2648 2072 effun-

1543 2094 1667 2144 dat.
1702 2094 1852 2151 Item,
1869 2092 2113 2142 hortatur
2135 2107 2228 2142 eos
2251 2092 2316 2141 ad
2340 2100 2650 2156 temperan-

1559 2163 1689 2215 tiam
1709 2201 1724 2227 ,
1766 2161 1954 2214 dicens
1985 2178 1999 2212 z
2028 2161 2266 2213 Edentes
2294 2167 2345 2214 et
2373 2161 2639 2225 bibenteS,

1557 2252 1679 2304 quae
1732 2237 1881 2303 apud
1925 2236 2051 2287 illos
2092 2241 2243 2298 sunt,
2298 2235 2353 2285 id
2392 2245 2476 2287 est
2531 2252 2649 2287 non

1559 2318 1877 2374 quaerentes,
1921 2322 2018 2358 nec
2049 2306 2222 2373 quaeri
2251 2304 2507 2357 facientes
2544 2323 2650 2357 ex·-

1559 2388 1640 2429 tra
1688 2379 1914 2429 domum
1972 2377 2194 2428 delicata
2242 2386 2295 2426 et
2334 2376 2650 2442 superflua,

1560 2464 1685 2515 quae
1713 2451 1855 2516 apud
1884 2450 2007 2500 illos
2031 2449 2139 2498 non
2166 2458 2324 2511 sunt;
2356 2449 2450 2498 sed
2480 2464 2654 2500 man-

1561 2521 1753 2571 ducate
1771 2533 1890 2586 quae
1918 2520 2067 2571 vobis
2089 2528 2281 2586 sponte
2298 2526 2656 2585 apponuntur·

1563 2601 1615 2641 et
1645 2591 1951 2642 offeruntur
1981 2591 2048 2641 ab
2081 2590 2208 2650 illis,
2232 2590 2485 2656 quamvis
2515 2606 2658 2642 mo-

1560 2662 1681 2712 dica
1727 2661 1840 2712 sint
1880 2671 1932 2712 et
1982 2661 2143 2721 vilia,
2175 2677 2286 2712 non
2329 2673 2654 2726 quaerentes

1561 2732 1787 2784 lautiora
1809 2733 1892 2783 vel
1921 2733 2093 2798 plura,
2112 2731 2322 2783 etiamsi
2351 2732 2496 2797 apud
2522 2732 2662 2784 illos

1560 2814 1690 2855 sunt
1713 2804 1857 2856 talia.
1885 2806 1957 2855 Et
1983 2814 2121 2855 certe
2150 2812 2353 2870 quanto
2382 2803 2663 2868 pauciori-

1560 2875 1662 2928 bus
1724 2885 1776 2927 et
1829 2875 2117 2927 vilioribus
2174 2883 2433 2931 utuntur,
2493 2883 2663 2926 tanto

1561 2946 1798 3012 amplius
1839 2946 2068 3013 implent
2111 2946 2258 3011 quod
2294 2944 2382 2994 hic
2412 2943 2657 2997 dicitur.

1556 3014 1802 3084 ⁴Dignum
1848 3029 1928 3069 est
1967 3027 2029 3068 ut
2070 3016 2147 3067 ibi
2190 3025 2444 3066 maneant
2487 3026 2551 3067 et
2589 3018 2665 3068 ab

1563 3087 1642 3139 eis
1697 3097 2100 3155 consequantur
2148 3097 2355 3137 terrena
2374 3123 2390 3148 ,
2440 3086 2667 3152 quibus

1565 3158 1799 3209 offerunt
1830 3158 2062 3209 coelestia
2094 3175 2108 3208 ε
2136 3156 2356 3223 Dignus
2384 3162 2466 3205 est
2507 3159 2668 3210 enim

1564 3230 1853 3298 operarius
1894 3229 2132 3280 mercede
2158 3242 2284 3291 sua,
2318 3243 2429 3278 non
2462 3230 2664 3281 solum

1563 3313 1763 3356 aeterna
1784 3301 1842 3353 in
1864 3302 2034 3368 patria
2049 3301 2114 3350 ad
2131 3298 2670 3367 remunerationem,

1562 3374 1656 3425 sed
1684 3373 1845 3425 etiam
1874 3371 2177 3438 temporali,
2207 3370 2265 3421 in
2292 3370 2397 3430 via,
2422 3371 2490 3420 ad
2514 3388 2665 3426 sus-

1561 3444 1941 3496 tentationem.
1957 3443 2115 3503 Item,
2130 3442 2278 3508 jubet
2300 3457 2367 3491 ne
2390 3442 2458 3491 de
2481 3443 2672 3496 domo
2725 3485 2726 3500 2

1563 3517 1629 3568 ad
1683 3516 1909 3568 domum
1953 3515 2187 3581 quadam
2218 3528 2349 3579 vaga
2387 3513 2671 3569 facilitate

1563 3589 1885 3656 demigrent,
1910 3597 1963 3639 et
1987 3586 2259 3653 hospitem
2286 3594 2511 3652 propter
2538 3589 2665 3643 lau-

1561 3659 1702 3711 tiora
1745 3658 1995 3710 habenda
2036 3674 2148 3708 non
2191 3665 2429 3715 mutent,
2480 3673 2668 3724 quem

1563 3731 1725 3783 etiam
1744 3746 1808 3782 ex
1826 3731 1930 3782 hoc
1950 3729 2211 3781 infamare
2225 3738 2465 3794 possent.
2492 3732 2671 3786 Unde

1563 3802 1713 3868 jubet
1736 3802 1842 3852 hoc
1874 3801 2014 3861 ide0,
2041 3800 2340 3851 secundum
2373 3798 2670 3869 Chrysos-

1567 3879 1794 3937 tomum,
1832 3887 1902 3924 ne
1943 3872 2087 3923 leves
2113 3882 2166 3922 et
2192 3869 2497 3937 vagabundi
2526 3872 2667 3926 dis-

2717 3835 2722 3952 l
