2757 4413
327 316 417 366 DE
441 316 839 367 AMBITIONE
867 316 960 367 ET
990 316 1404 376 QUIBUSDAM
1435 316 1614 368 ALIIS
1642 317 2093 370 DEFECTIBUS.
2233 318 2338 372 633

145 431 320 480 malum
345 446 461 481 esse
491 431 676 481 nullus
704 431 913 496 sapiens
936 430 1165 496 ignorat.

146 528 194 538 -
216 501 461 563 Secundo,
492 501 623 567 quia
650 501 864 552 facienti
903 512 984 551 est
1012 516 1168 552 causa

146 589 263 624 vanae
291 573 470 639 gloriae
500 584 550 624 et
576 573 851 638 jactantiae.
883 575 931 624 O
956 574 1170 640 quoties

131 644 308 710 cogitat
336 654 390 694 et
411 646 684 710 recogitat,
717 660 775 695 ac
808 654 984 695 mente
1007 645 1172 696 revol-

141 717 216 776 vit,
240 717 397 767 etiam
420 718 640 782 quando
668 734 774 768 non
812 727 1082 783 operatur,
1112 733 1172 768 ac

127 788 274 838 -etiam
298 788 518 853 quando
545 788 744 838 divinis
770 788 1042 840 intendere
1075 790 1174 839 de-

140 863 226 921 bet,
270 872 330 911 ut
366 862 658 926 pulchrum
704 878 840 927 opus
896 861 1078 913 faciat!
1124 863 1173 914 O

140 932 324 997 quoties
357 931 497 981 illud
525 931 732 997 aspicit,
763 942 816 982 et
841 931 966 982 inde
1008 947 1067 982 se
1090 947 1176 983 re-

139 1013 282 1067 putat,
322 1012 374 1052 et
401 1003 546 1067 apud
571 1003 704 1053 alios
722 1002 954 1068 reputari
984 1003 1100 1053 vult
1124 1013 1176 1053 et

140 1088 184 1123 se
223 1073 411 1137 jactat!
441 1101 506 1110 —
533 1073 735 1133 Tertio,
776 1073 906 1138 quia
932 1072 1095 1123 etiam
1125 1073 1174 1124 ei

139 1142 210 1194 cui
252 1141 390 1202 facit,
424 1152 506 1193 est
541 1158 697 1194 causa
740 1154 792 1195 et
828 1142 1039 1194 occasio
1080 1159 1178 1194 su-

139 1213 332 1278 perbiae.
356 1214 476 1266 Tali
505 1215 649 1265 enim
672 1215 792 1266 oleo
817 1213 961 1280 ignis
984 1229 1178 1280 super-

142 1284 226 1335 biae
250 1285 505 1344 nutritur,
555 1294 607 1336 et
639 1285 811 1351 magis
853 1286 1176 1337 accenditur.

143 1356 256 1407 Nam
284 1357 424 1408 sicut
447 1356 606 1407 rudia
622 1366 676 1406 et
701 1371 885 1423 grossa
917 1367 1048 1408 sunt
1069 1357 1179 1407 hu·-

143 1431 363 1483 militatis
390 1431 726 1494 fomentum;
778 1431 856 1483 sic
896 1431 1107 1483 curiosa
1129 1441 1182 1484 et

145 1502 345 1565 pulchra
397 1511 525 1552 sunt
569 1501 836 1566 superbiae
874 1501 1182 1551 nutrimen-

144 1586 260 1623 tum.
286 1600 347 1611 --
374 1572 602 1632 Quarto,
625 1572 755 1638 quia
776 1582 857 1622 est
884 1572 1105 1622 materia
1130 1581 1185 1623 et

146 1642 324 1694 occasio
365 1643 673 1694 retrahendi
722 1643 967 1694 animum
989 1658 1022 1692 a
1051 1643 1181 1694 Deo·

149 1713 280 1775 Nam,
309 1715 610 1765 secundum
644 1713 988 1779 Gregorium‚
1032 1723 1183 1764 tanto

149 1782 250 1848 quis
276 1799 307 1835 a
349 1798 589 1849 superno
630 1798 812 1833 amore
837 1783 1182 1848 disjungitur,

148 1866 321 1921 quanto
348 1856 579 1908 inferius
599 1857 905 1908 delectatur.
927 1885 989 1894 —
1014 1856 1188 1917 Quin-

149 1935 208 1980 to,
234 1927 354 1993 quia
396 1936 476 1978 est
525 1925 960 1994 concupiscentia
1004 1937 1055 1977 et
1082 1943 1186 1978 vo-

152 1999 297 2065 luptas
345 2003 648 2053 oculorum.
696 2002 779 2052 Ad
835 2001 975 2052 nihil
1034 2001 1185 2052 enim

153 2072 253 2123 talia
267 2072 476 2124 curiosa
504 2073 678 2123 valere
705 2072 974 2132 videntur,
997 2073 1105 2124 nisi
1128 2083 1189 2123 ut

155 2140 255 2191 inde
273 2143 415 2193 oculi
442 2152 757 2210 pascantur;
783 2153 836 2192 et
864 2158 958 2209 per
992 2158 1187 2194 conse-

154 2230 298 2280 quens
319 2217 485 2267 etiam
515 2218 733 2269 animus
753 2233 819 2267 ex
836 2217 915 2268 eis
941 2217 1188 2269 distrahi·

156 2298 238 2339 tur.
263 2315 325 2325 —
351 2288 536 2348 Sexto,
561 2288 691 2353 quia
713 2288 1008 2339 multorum
1046 2288 1188 2339 alio-

154 2373 250 2409 rum
276 2369 354 2410 est
371 2361 601 2426 laqueus
624 2369 676 2410 et
701 2359 876 2410 ruina.
905 2359 1044 2410 Nam
1064 2359 1189 2410 talia

153 2430 464 2496 respicientes
498 2430 683 2481 multis
720 2429 899 2480 modis
920 2429 1189 2481 offendere

152 2510 370 2563 possunt,
388 2501 472 2551 vel
481 2498 864 2550 delectabiliter
884 2499 1187 2565 aspiciendo

152 2573 406 2625 etsimilia
460 2572 922 2639 concupiscendo;
966 2575 1051 2625 vel
1092 2574 1188 2624 de-

152 2646 386 2696 trahendo
410 2655 463 2696 et
500 2644 886 2704 maledicend0‚
935 2659 1031 2696 seu
1067 2643 1188 2696 aliis

151 2716 435 2766 scandalum
475 2725 531 2767 et
584 2715 889 2780 exemplum
919 2714 1047 2765 inde
1074 2724 1189 2764 tra-

152 2784 321 2837 hendo.
366 2784 557 2851 Cogita
611 2800 738 2850 ergo
780 2785 996 2851 quoties
1044 2785 1189 2836 Deus

150 2856 320 2907 offendi
344 2856 543 2923 poterit
577 2865 862 2922 antequam
891 2856 981 2905 illa
1007 2855 1189 2906 curio-

135 2926 255 2978 ,sitas
281 2930 455 2979 deleta
483 2927 572 2978 sit.
599 2927 679 2977 De
717 2926 975 2976 omnibus
1003 2935 1191 2976 ,autern

150 2996 236 3048 illis
250 2995 475 3050 offensis
497 2998 612 3062 ipse
637 2996 733 3063 qui
764 2998 867 3047 tale
889 3013 1025 3062 opus
1042 2996 1188 3059 fecit,

148 3068 213 3118 vel
258 3067 374 3119 fieri
422 3066 744 3134 procuravit,
793 3077 872 3118 est
920 3068 980 3117 in
1014 3082 1190 3128 causa,

135 3147 189 3190 -et
225 3155 315 3205 per
362 3154 700 3205 consequens
747 3139 807 3190 in
843 3139 1014 3204 culpa.
1060 3139 1193 3190 Ecce

149 3223 259 3276 quot
336 3212 483 3262 mala
560 3226 624 3261 ex
708 3210 800 3263 tali
888 3211 1193 3262 curiositate

150 3283 455 3348 proveniunt
481 3282 495 3333 1
559 3283 750 3334 Adhuc
797 3293 877 3335 est
925 3293 977 3336 et
1048 3284 1194 3334 aliud

150 3369 385 3420 magnum
431 3355 637 3406 malum
680 3354 833 3404 valde
853 3392 867 3416 ,
922 3354 1051 3419 quia
1099 3370 1195 3406 cu-

151 3426 342 3479 riositas
406 3428 605 3478 directe
675 3426 856 3477 obviat
911 3438 1196 3492 pauperta-

151 3496 201 3547 ti.
230 3499 290 3549 Et
318 3499 457 3550 ultra
493 3498 679 3550 omnia
704 3497 953 3562 praedicta
992 3510 1074 3548 est
1095 3498 1198 3547 hoc

155 3570 354 3630 malum,
398 3570 545 3636 quod
586 3567 719 3619 levis
767 3583 830 3620 ac
871 3568 992 3619 vani
1028 3578 1080 3619 et
1107 3568 1198 3618 in-

155 3642 424 3693 constantis
468 3641 768 3706 animi-est
819 3641 1102 3699 indicium,
1148 3649 1200 3690 et

159 3713 399 3776 superbiae
437 3713 494 3764 in
526 3712 687 3763 corde
719 3712 932 3763 latentis
959 3712 1198 3777 signum.

163 3780 260 3830 Hoc
282 3792 456 3833 autem
484 3784 687 3834 malurn
725 3782 1052 3837 curiositatis
1090 3797 1198 3833 non

165 3852 320 3901 solum
377 3853 635 3920 reperitur
692 3853 751 3904 in
805 3853 1011 3904 clericis
1032 3892 1047 3915 ,
1106 3853 1198 3903 sed

154 3920 306 3972 -etiam
332 3923 389 3974 in
416 3926 683 3991 plerisque
728 3924 1010 3989 religiosis.
1057 3924 1198 3985 Qui-

1274 433 1400 482 dam
1444 432 1593 483 enim
1645 448 1852 494 eorum,
1891 435 2072 485 relicta
2107 446 2158 485 et
2186 437 2340 501 quasi

1275 513 1583 569 contempta
1604 504 1954 571 antiquorum
1976 516 2187 571 patrum
2218 506 2345 556 sim-

1275 574 1512 639 plicitate
1545 583 1598 626 et
1629 575 1948 636 humilitate,
1979 577 2240 627 novitates
2267 592 2347 628 se·

1275 647 1480 698 culares
1520 645 1577 697 in
1618 648 1806 698 multis
1860 649 1926 698 ad
1977 665 2139 699 usum
2188 649 2347 715 perti-

1278 717 1533 767 nentibus
1571 717 1939 779 adinveniunt,
1968 730 2036 776 et,
2062 720 2344 772 diabolum

1275 789 1661 838 adulterantem
1701 804 1825 840 cum
1869 790 1985 840 suis
2024 790 2348 842 satellitibus

1278 858 1337 908 in
1400 858 1717 925 religionem
1778 858 2150 924 introducunt;
2199 861 2348 913 unde

1278 945 1388 980 non
1410 928 1660 980 videntur
1703 929 1802 981 filii
1844 931 2122 996 religionis
2155 930 2270 982 veri
2293 940 2348 982 et

1278 999 1526 1064 legitimi,
1551 1001 1643 1050 sed
1667 1001 1847 1065 potius
1891 1001 2137 1061 adulteri,
2166 1001 2294 1067 quia
2316 1016 2349 1054 a

1281 1071 1482 1121 sanctis
1509 1071 1753 1136 patribus
1778 1073 2181 1139 degenerante5‚
2203 1073 2351 1125 adul·

1281 1141 1480 1192 terinas
1554 1145 1815 1194 novitates
1885 1153 1938 1195 et
2015 1144 2351 1195 curiositates

1283 1213 1654 1273 adinveniunt,
1714 1223 1768 1264 et
1808 1215 1993 1280 quales
2041 1225 2188 1275 sunt,
2225 1215 2354 1267 talia

1283 1301 1444 1350 opera
1494 1284 1713 1335 faciunt.
1766 1285 1919 1337 Unde
1971 1287 2042 1337 de
2079 1286 2161 1338 eis
2219 1287 2375 1338 illud·

1285 1357 1504 1423 vulgare
1532 1354 1637 1405 dici
1668 1364 1841 1420 potest
1872 1371 1885 1406 ε

1289 1500 1482 1562 Qualis
1518 1504 1641 1551 erat
1687 1498 1898 1562 mulier,
1938 1498 2053 1550 tale
2102 1499 2358 1633 εοᾳιιιεῗῖατ

2214 1584 2247 1621 o
2305 1585 2354 1622 S.

1288 1712 1520 1765 Ministri
1542 1728 1669 1779 ergo
1694 1711 1895 1764 diaboli
1918 1722 2047 1763 sunt
2068 1714 2197 1779 quia
2219 1727 2359 1779 opus

1288 1788 1402 1850 ejus
1429 1783 1668 1836 faciendo
1710 1784 1815 1835 sibi
1846 1784 2104 1835 serviunt.
2136 1785 2201 1835 Et
2233 1784 2358 1836 ideo

1290 1866 1504 1923 propter
1523 1856 1735 1906 nullum
1755 1856 1821 1907 de
1841 1854 2064 1915 mundo,
2093 1857 2196 1906 tale
2218 1870 2359 1921 opus

1290 1928 1415 1995 quis
1447 1927 1616 1979 facere
1662 1926 1835 1986 debet,
1872 1941 1968 1976 nec
2008 1926 2142 1976 velle
2171 1941 2269 1991 pro
2299 1941 2360 1977 se

1291 2000 1424 2064 fieri,
1500 1997 1710 2050 etiamsi
1772 1999 1938 2065 gratis
1995 1996 2174 2060 fieret;
2230 1997 2362 2063 quia

1292 2073 1441 2123 nulla
1468 2072 1534 2123 de
1561 2086 1717 2122 causa
1763 2081 1975 2136 peccato
2005 2081 2086 2121 est
2127 2086 2361 2121 consen-

1291 2143 1551 2206 tiendum,
1590 2151 1642 2193 et
1669 2142 1737 2192 ab
1766 2140 1970 2191 offensa
1998 2140 2094 2190 Dei
2126 2150 2207 2190 est
2233 2156 2362 2190 om-

1293 2214 1455 2264 nibus
1478 2213 1654 2264 modis
1679 2211 2078 2263 abstinendum.
2117 2212 2274 2271 Nam,
2300 2220 2363 2263 ut

1291 2284 1422 2335 dicit
1448 2283 1750 2343 AnselmuS,
1778 2297 1942 2332 omne
1967 2291 2240 2346 peccatum
2266 2295 2363 2345 per

1293 2354 1783 2423 praevaricationem
1824 2354 1998 2404 Deum
2041 2353 2359 2407 exhonorat.

1291 2429 1345 2480 Si
1390 2443 1516 2493 ergo
1553 2440 1765 2492 peccare
1788 2434 1869 2475 est
1896 2425 2070 2476 Deum
2113 2424 2360 2475 exhono-

1291 2516 1425 2559 rare,
1451 2500 1554 2550 hoc
1591 2498 1756 2548 homo
1786 2496 1957 2546 facere
1984 2511 2093 2545 non
2125 2495 2362 2561 deberet,

1290 2571 1497 2623 etiamsi
1545 2585 1757 2621 necesse
1802 2578 1941 2619 esset
1986 2566 2158 2632 perire
2203 2579 2365 2619 omne

1292 2645 1436 2712 quod
1483 2644 1629 2695 Deus
1673 2658 1783 2694 non
1834 2650 1932 2692 est.
1985 2640 2186 2692 Mirum
2235 2652 2365 2704 ergo

1290 2716 1443 2767 valde
1470 2712 1746 2780 quomodo
1787 2709 2098 2771 homuncio,
2131 2709 2269 2760 cinis
2311 2717 2366 2762 et

1294 2785 1489 2852 pulvis,
1524 2795 1633 2835 tam
1659 2783 1906 2834 audacter
1930 2782 2102 2831 Deum
2145 2791 2198 2830 et
2237 2789 2366 2830 tan-

1293 2869 1403 2908 tam
1429 2855 1755 2920 maiestatem
1781 2851 2058 2918 praesumit
2079 2849 2366 2903 offendere.

1296 2929 1452 2979 Unde
1482 2925 1798 2978 Ber-nardus
1827 2941 1844 2974 .-
1869 2942 1897 2970 a
1935 2922 2143 2988 Tangit
2163 2928 2364 2973 montes

1295 3007 1347 3050 et
1392 2998 1712 3065 fumigant,
1756 3005 1809 3047 et
1868 3004 1976 3045 tarn
2031 2994 2366 3046 tremendam

1299 3073 1626 3137 Maiestatem
1651 3069 1809 3121 audet
1850 3067 2059 3118 irritare
2089 3066 2368 3132 pulviscu-

1298 3144 1386 3194 lus
1413 3157 1522 3193 uno
1560 3139 1665 3191 levi
1708 3139 1840 3190 flatu
1876 3137 2286 3202 dispergendus»,
2316 3145 2370 3188 et

1300 3213 1527 3264 minime
1576 3208 1990 3275 recolligendus!
2034 3209 2099 3259 Et
2147 3208 2191 3259 si
2237 3223 2367 3273 pro-

1301 3297 1416 3353 pter
1461 3283 1672 3334 nullum
1717 3280 1882 3332 alium
1936 3280 2150 3331 curiosa
2198 3279 2369 3330 facere

1300 3357 1539 3415 deberes,
1588 3361 1791 3420 quanto
1825 3351 1998 3417 magis
2044 3349 2274 3400 offendis
2320 3347 2368 3399 si

1303 3426 1522 3495 proprio
1562 3434 1714 3475 motu
1737 3424 1803 3473 ad
1832 3423 2001 3472 solam
2025 3422 2371 3486 complacen-

1303 3501 1434 3552 tiam
1459 3497 1585 3549 talia
1627 3495 1774 3555 facis,
1808 3495 1993 3545 volens
2017 3494 2188 3558 magis
2216 3506 2373 3541 com-

1304 3575 1509 3640 placere
1541 3579 1812 3625 ereaturae‚
1843 3583 2004 3633 quam
2041 3561 2310 3618 Creatori?
2338 3579 2369 3609 ι

1374 3658 1438 3694 ιο
1485 3642 1759 3694 GaAvrras
1798 3652 2048 3690 scauvam
2076 3653 2110 3685 A
2139 3645 2371 3683 ersmers

1305 3731 1450 3768 ωτι.
1470 3743 1532 3752 -
1560 3713 1644 3765 Ex
1673 3709 1967 3777 praemissis
2004 3706 2168 3772 igitur
2202 3718 2369 3768 appa·-

1305 3797 1387 3837 ret
1413 3784 1807 3853 aliquantulum
1837 3781 1893 3829 in
1921 3777 2066 3844 quali
2097 3784 2148 3824 et
2166 3783 2371 3840 quanto

1305 3859 1541 3926 periculo
1586 3855 1658 3907 sit
1703 3852 1865 3904 hodie
1918 3857 2086 3900 status
2143 3845 2369 3925 clerico-

1305 3945 1460 3990 rum,
1505 3937 1561 3979 et
1608 3933 1804 3992 quanta
1865 3934 1959 3986 per
2006 3931 2098 3968 eos
2144 3925 2372 3969 veniunt
