2757 4413
761 306 859 357 DE
887 304 1203 357 MULIERE
1230 303 1642 355 SAMARITAN
1645 307 1710 357 A.

145 427 357 479 ciilcare.
421 423 529 475 Ubi
591 422 752 473 etiam
811 431 936 472 nota
991 420 1191 473 Christi

147 494 555 564 parcimoniam;
602 508 728 543 nam
767 491 840 543 ita
888 507 1080 558 parum
1128 493 1194 542 de

143 569 273 619 cibis
299 567 546 625 curabat,
575 565 722 631 quod
758 564 898 615 nihil
937 563 1193 615 comesti-

149 642 246 692 bile
265 656 447 691 secum
475 639 692 689 ferebat.

200 713 229 765 3
266 714 346 763 De
382 713 739 761 Smantrmrs
775 724 1193 768 nmoummnn

144 799 459 834 nissam-run.
501 810 565 819 -
606 780 678 831 Et
713 780 855 832 venit
892 780 1084 830 mulier
1128 780 1194 830 de

142 854 384 905 Samma
439 851 688 918 regione,
729 849 930 900 scilicet
970 851 1036 900 de
1079 849 1194 915 ipsa

142 924 337 974 civitate
375 923 617 982 Sichem,
663 931 793 972 tunc
826 920 1192 971 Samaritano·-

142 1009 250 1044 rum
279 993 599 1059 metropoli,
629 992 849 1043 haurire
869 1006 1081 1057 aquam,
1113 991 1195 1041 lit-

141 1064 358 1115 teraliter
417 1073 635 1130 propter
681 1061 945 1113 defectum
999 1077 1193 1128 corpo·

140 1136 320 1198 talem3
378 1135 475 1185 sed
522 1134 583 1184 in
637 1133 921 1200 mysterio,
979 1143 1196 1199 propter

140 1207 394 1258 defectum
463 1205 761 1272 spiritualis
826 1205 1081 1255 doctrinae
1143 1214 1195 1255 et

138 1281 311 1346 gratiae
386 1278 648 1344 praedicto
719 1279 984 1344 pejorem,
1054 1277 1196 1328 inter

138 1365 292 1416 quam
340 1359 395 1400 et
439 1349 726 1399 Christum
770 1348 1014 1413 dialogus
1059 1345 1192 1407 fuit,

138 1421 256 1488 quia
302 1423 487 1486 plures
523 1420 823 1471 locutiones
865 1429 1054 1470 mutuo
1090 1418 1193 1469 ha-

140 1491 378 1541 buerunt.
430 1489 670 1540 Domino
712 1505 837 1556 ergo
874 1498 1062 1555 potum
1100 1504 1194 1554 pe-

139 1574 269 1614 tente
292 1603 305 1624 ,
360 1562 516 1630 quasi
564 1562 727 1613 fidem
778 1564 890 1628 ejus
934 1562 1154 1612 sitiente
1178 1600 1193 1621 ,

139 1637 256 1703 quia
281 1647 333 1687 et
354 1636 573 1686 sitiebat
606 1650 802 1701 aquam
842 1644 1058 1701 propter
1100 1633 1195 1685 iti-

140 1707 275 1758 neris
304 1705 675 1773 fatigationem
688 1722 703 1769 ;
741 1714 794 1756 et
831 1707 1053 1756 salutem
1089 1705 1195 1756 ho·-

142 1778 292 1828 minis
318 1788 539 1843 propter
563 1778 677 1842 ejus
705 1792 975 1827 amorem:
1000 1776 1196 1828 mulier

142 1862 324 1901 notans
368 1866 497 1901 eum
542 1860 595 1901 et
628 1865 953 1917 cognoscens
977 1865 1041 1900 ex
1064 1849 1194 1900 fim-

143 1922 264 1972 briis
312 1921 464 1987 pallii
521 1920 700 1987 ipsum
757 1936 874 1973 esse
925 1922 1190 1981 Judaeum,

139 1994 262 2046 dixit
287 1996 507 2045 Judoeos
533 2011 641 2045 non
662 1993 806 2046 couti
827 1994 1191 2057 Samaritanis,

139 2066 254 2130 quia
272 2066 300 2116 J
304 2064 444 2116 udaei
463 2065 738 2116 abstinent
755 2081 787 2116 a
804 2066 965 2117 rebus
983 2082 1191 2118 eorum.

141 2137 212 2188 Ex
263 2136 455 2188 habitu
527 2153 653 2204 ergo
717 2153 881 2204 quern
951 2139 1194 2205 portabat

138 2209 377 2275 cognovit
405 2209 606 2259 mulier
625 2210 772 2276 quod
801 2210 1017 2260 Judaeus
1034 2219 1191 2270 esset,

140 2282 274 2347 quia,
320 2280 463 2331 sicut
504 2290 657 2331 erant
686 2280 925 2332 distincti
963 2283 1032 2333 ab
1072 2282 1194 2336 aliis

140 2349 190 2401 in
212 2352 355 2401 cultu
384 2350 485 2402 Dei
515 2361 568 2401 et
592 2351 652 2401 in
686 2352 944 2418 corporali
973 2352 1194 2402 circum·

142 2420 327 2472 cisione
343 2461 357 2481 ,
410 2421 485 2471 ita
525 2421 689 2472 etiam
726 2421 783 2472 in
822 2430 985 2474 veste.
1022 2423 1192 2475 „iudei

135 2493 274 2543 enim
319 2492 595 2543 habebant
637 2492 879 2544 fimbrias
926 2494 986 2545 in
1031 2495 1197 2546 vesti-

143 2563 264 2624 bns,
313 2579 411 2629 per
461 2578 598 2629 quas
655 2563 1094 2616 discernebantur
1165 2581 1197 2617 a

144 2634 395 2687 Gentibus
416 2672 433 2686 .
486 2636 628 2702 Ergo
674 2647 727 2687 et
770 2646 830 2688 tu
882 2653 948 2688 ex
1002 2637 1192 2690 habitu

136 2707 471 2771 cognoscaris
508 2722 633 2758 ⁴esse
685 2707 1065 2774 Christianus3
1126 2725 1193 2761 ex

142 2774 313 2826 habitu
369 2784 426 2827 et
482 2776 768 2827 sobrietate
831 2778 1077 2829 ciborum
1143 2789 1196 2831 et

138 2846 481 2898 edificiorum
520 2857 571 2898 et
608 2847 921 2913 hujusmodi
949 2850 1192 2912 clericus,

141 2918 212 2968 vel
239 2918 547 2985 religiosus·
574 2918 698 2982 Sed,
726 2918 869 2969 heu!
904 2919 1065 2971 hodie
1103 2921 1194 2971 vix

136 2999 544 3054 cognoscuntur,
577 2997 630 3040 et
654 2990 721 3040 ab
750 2989 979 3042 invicem
1006 2991 1196 3043 discer-

143 3071 331 3111 nuntur
361 3059 545 3110 clerici
572 3075 604 3110 a
632 3059 796 3120 laiciz,
817 3069 869 3111 et
897 3061 1193 3114 Christiani

132 3130 199 3180 ab
243 3130 582 3182 infidelibus.
647 3131 715 3181 Et
772 3130 1050 3182 sciendum
1106 3133 1195 3184 hic

142 3204 299 3268 quod,
340 3203 575 3255 sublatis
616 3203 803 3255 decem
848 3204 1099 3255 tribubus
1139 3206 1194 3257 in

136 3275 509 3340 captivitatem,
543 3290 635 3325 rex
664 3275 1008 3341 Assyriorum
1044 3277 1196 3328 misit

140 3345 375 3411 proprios
399 3345 655 3396 homines
684 3345 742 3396 in
768 3345 954 3396 odium
978 3346 1195 3397 Judaeo-

142 3432 246 3467 tum
276 3419 344 3468 ad
374 3418 728 3468 incolendum
756 3434 979 3484 regnum
1012 3419 1193 3469 decem
1240 3477 1241 3480 Ἴ

137 3487 398 3549 tribuum,
435 3487 641 3539 scilicet
677 3497 872 3539 terram
903 3489 1157 3540 Samarioe
1174 3528 1193 3554 ,
1236 3509 1241 3516 ·

134 3566 185 3607 et
213 3559 367 3609 misit
394 3558 668 3611 Dominus
698 3560 881 3610 leones
907 3574 998 3611 eos
1027 3559 1196 3611 devo-
1234 3607 1241 3618 ,

140 3640 328 3694 nntes3
362 3640 417 3680 et
442 3629 568 3679 ideo
590 3644 684 3679 rex
702 3628 1071 3695 Assyriorum,
1096 3629 1195 3679 ha·
1234 3645 1239 3656 ‘

134 3697 237 3750 bito
303 3715 472 3766 super
531 3700 643 3764 ‚hoc
706 3698 971 3760 consilio,
1046 3699 1196 3751 misit

142 3781 298 3820 uum
330 3771 406 3821 de
445 3768 810 3820 sacerdotibus
854 3769 1104 3834 captiviS,
1135 3779 1197 3820 ut
1234 3795 1237 3806 >

147 3840 337 3893 doceret
365 3857 462 3892 eos
486 3842 664 3893 colere
693 3841 886 3893 Deum.
916 3841 1022 3901 Qui
1059 3858 1194 3893 con·
1234 3843 1235 3850 ’

140 3911 255 3966 :ilio
278 3914 528 3982 mussi
556 3922 873 3984 receperunt
890 3914 965 3986 ob
987 3925 1191 3990 metum
1230 3933 1237 3956 ι

2258 304 2359 357 565

1299 421 1530 472 ferarum
1566 438 1600 473 a
1631 423 1743 473 Deo
1786 421 2153 472 immissarum
2195 423 2364 475 libros

1300 492 1503 557 Moysis
1537 502 1591 543 et
1626 493 1802 550 Josue,
1832 491 2080 557 discipuli
2127 493 2266 557 ejus,
2309 502 2365 546 et

1299 562 1537 627 legitima
1593 571 1773 622 terrae,
1828 578 1939 613 non
1999 573 2178 613 autem
2233 580 2364 630 pro*

1298 632 1537 698 phetias3
1593 644 1644 683 et
1691 632 1816 683 inde
1862 632 1971 682 illis
2024 633 2364 686 circumcisio

1300 706 1503 769 inerat,
1553 722 1660 756 non
1714 716 1896 756 tamen
1945 705 2013 756 ab
2065 706 2365 760 idololatria

1298 779 1597 829 cessabant.
1645 778 1784 838 Quia
1834 794 1958 829 curn
2005 779 2148 845 Lege
2201 781 2364 831 etiam

1299 849 1442 899 idola
1474 848 1735 912 colebant,
1779 858 1831 899 et
1863 849 1942 899 sic
1979 849 2174 915 partim
2212 861 2364 902 erant

1300 918 1558 983 Gentiles,
1590 929 1642 969 et
1667 919 1862 985 partim
1886 920 2073 971 Judaei.
2106 920 2213 980 Qui
2247 921 2362 987 pri·-

1298 1010 1390 1044 mo
1439 993 1619 1060 Cynaei
1669 1009 1701 1044 a
1758 994 1923 1045 fluvio
1979 994 2178 1054 vocati,
2235 1005 2363 1046 tunc

1297 1064 1604 1114 dicebantur
1646 1064 1983 1125 Samaritani,
2030 1066 2179 1130 quasi
2223 1065 2363 1117 inter

1299 1137 1541 1188 Gentiles
1572 1150 1625 1188 et
1652 1138 1864 1189 Judaeos
1892 1139 2075 1190 medii.
2113 1141 2226 1190 Hos
2251 1140 2362 1206 igi-

1298 1218 1387 1257 tur
1429 1209 1597 1260 Judaei
1639 1219 1996 1272 exsecrantur,
2042 1210 2364 1260 abstinendo

1299 1295 1357 1330 se
1386 1295 1417 1330 a
1445 1279 1581 1330 cibis
1612 1289 1665 1331 et
1697 1279 1839 1330 vasis
1863 1295 2078 1344 eorum;
2113 1282 2363 1347 supplan-

1300 1361 1601 1417 tatoresque
1645 1362 1836 1401 vocant
1865 1390 1879 1415 ,
1921 1352 2049 1418 quia
2090 1352 2362 1403 heredita-

1299 1433 1409 1474 tem
1453 1423 1766 1488 patriarchae
1807 1425 1967 1474 Jacob
2017 1424 2121 1474 sibi
2169 1424 2362 1475 vendi·-

1299 1504 1449 1553 cant,
1492 1509 1522 1543 a
1595 1508 1704 1559 quo
1767 1503 1819 1543 et
1879 1494 1985 1558 jam
2045 1493 2361 1545 Samaritani

1298 1563 1548 1614 Jacobitae
1570 1574 1699 1614 sunt
1712 1563 1862 1614 dicti.
1880 1564 2026 1614 Licet
2050 1565 2197 1614 enim
2220 1573 2361 1616 esset

1298 1637 1499 1688 Judaeis
1558 1647 1883 1703 praeceptum
1951 1653 2019 1687 ne
2076 1638 2361 1703 jungerent

1299 1709 1476 1761 foedus
1519 1719 1574 1760 et
1617 1709 1883 1759 amicitias
1939 1725 2062 1759 cum
2122 1708 2361 1760 nationi-

1300 1781 1440 1841 bus;
1490 1790 1668 1832 tamen
1723 1779 2020 1845 specialiter
2075 1779 2361 1829 abomina-

1299 1854 1494 1904 bantur
1536 1851 1922 1913 Samaritanos3
1965 1862 2017 1902 et
2060 1867 2151 1903 eos
2191 1852 2362 1902 habe-

1299 1925 1427 1976 bant
1494 1934 1750 1990 tanquam
1818 1924 2303 1974 excommunicatos
2344 1962 2362 1985 ,

1297 2006 1416 2046 tum
1449 1995 1577 2062 quia
1610 2004 1806 2045 terram
1837 2010 2028 2045 eorum
2070 2011 2166 2061 pro
2213 2003 2361 2059 parte

1296 2074 1696 2132 occupaverant,
1732 2076 1850 2121 tum
1888 2065 2016 2131 quia
2051 2065 2129 2117 eis
2166 2066 2362 2117 multas

1296 2137 1568 2188 molestias
1596 2137 1651 2187 in
1674 2136 2083 2191 reaedificatione
2102 2136 2288 2202 templi
2309 2146 2363 2188 et

1295 2209 1523 2261 civitatis
1551 2208 1799 2268 fecerant,
1819 2218 1937 2259 tum
1965 2209 2093 2274 quia
2112 2209 2252 2259 idola
2270 2224 2362 2258 co-

1295 2281 1495 2339 lebant,
1524 2289 1642 2329 tum
1678 2279 1807 2345 quia
1846 2279 1903 2329 in
1943 2288 2128 2330 monte
2163 2289 2216 2327 et
2253 2293 2362 2330 non

1297 2350 1356 2400 in
1387 2351 1588 2414 templo
1616 2348 1713 2399 Dei
1742 2349 1983 2399 orabant.

1358 2439 1400 2488 4
1428 2422 1643 2474 Onnum
1681 2437 1846 2473 Locus
1885 2437 2042 2472 m‘rssa
2071 2422 2361 2472 Summi,

1297 2509 1398 2544 nos
1443 2508 1511 2544 ar
1569 2493 1783 2543 Junaeos
1834 2508 2259 2543 couraovsasus.
2300 2516 2361 2529 -·

1298 2565 1548 2631 Cumque
1566 2564 1924 2630 colloquendo
1942 2580 2066 2615 cum
2094 2564 2221 2615 Jesu
2249 2578 2363 2613 mu-

1296 2636 1398 2688 lier
1417 2635 1705 2701 accepisset
1730 2636 1799 2685 ab
1825 2650 1907 2695 eo,
1940 2636 2083 2701 quod
2121 2634 2364 2700 quinque

1296 2710 1462 2769 viros,
1495 2708 1700 2759 scilicet
1743 2707 2018 2774 legitimos
2069 2707 2361 2767 habuerat,

1297 2791 1350 2840 et
1376 2779 1510 2832 sexti
1554 2779 1852 2830 concubina
1893 2787 2033 2837 erat,
2074 2779 2204 2843 quia
2249 2795 2362 2829 non

1297 2860 1412 2901 erat
1434 2865 1567 2902 suus
1594 2849 1867 2915 legitimus
1890 2848 1988 2908 vir,
2019 2848 2140 2899 licet
2169 2849 2271 2899 hoc
2293 2849 2362 2901 ab

1298 2920 1618 2972 hominibus
1673 2918 1774 2969 loci
1824 2918 1972 2969 illius
2029 2919 2360 2979 crederetur,

1297 2991 1414 3043 ait:
1456 2991 1650 3052 Video,
1689 2989 1890 3040 scilicet
1941 3005 2032 3055 per
2075 2989 2323 3041 effectum
2343 3029 2359 3049 ,

1299 3063 1405 3115 hoc
1419 3070 1500 3112 est
1512 3076 1604 3126 per
1620 3061 1804 3112 secreti
1822 3059 2219 3120 revelationem,
2236 3061 2361 3127 quia

1299 3133 1574 3198 Propheta
1599 3146 1660 3183 es
1687 3131 1956 3190 &Quasi
1977 3131 2138 3194 dicat,
2167 3147 2361 3182 secun-

1298 3204 1433 3253 dum
1477 3203 1923 3269 chrysostomum
1949 3219 1964 3252 .-
1999 3202 2058 3252 In
2087 3202 2197 3261 hoc=
2216 3200 2361 3267 quod

1299 3275 1441 3326 mihi
1490 3275 1696 3326 occulta
1745 3273 1914 3334 dicis,
1966 3274 2266 3325 ostenderis
2307 3284 2361 3328 te

1296 3361 1417 3397 oese
1452 3345 1792 3412 Prophetam.
1835 3345 1900 3395 Et
1946 3343 2066 3396 ideo
2104 3345 2364 3397 convertit

1298 3433 1357 3474 se
1384 3417 1449 3467 ad
1489 3416 1927 3483 interrogandum
1967 3431 2092 3467 eum
2126 3417 2192 3466 de
2220 3431 2364 3481 quo-

1298 3488 1424 3538 dam
1464 3487 1650 3552 dubio,
1691 3487 1838 3553 quod
1881 3487 2020 3537 inter
2057 3486 2271 3536 Judaeos
2311 3496 2364 3540 et

1301 3557 1664 3608 Samaritanos
1698 3557 2021 3616 vertebatur,
2060 3556 2265 3607 scilicet
2296 3556 2363 3610 de

1296 3630 1419 3679 loco
1447 3629 1631 3680 debito
1657 3629 1948 3692 orationiS‚
1978 3627 2071 3694 qui
2102 3628 2241 3692 apud
2270 3641 2362 3678 eon

1294 3700 1437 3750 alius
1475 3710 1528 3751 et
1565 3700 1705 3751 alius
1751 3699 2066 3751 habebatur.
2101 3697 2364 3748 Dicebant

1298 3769 1447 3822 enim
1483 3770 1654 3821 Judaei
1693 3769 1973 3836 proprium
2014 3769 2190 3817 locum
2228 3766 2362 3817 ado·

1292 3841 1449 3892 randi
1467 3856 1586 3892 esse
1619 3841 1931 3904 Jerusalem,
1963 3848 2016 3890 et
2043 3838 2303 3902 templum
2331 3837 2363 3890 a

1297 3914 1586 3967 Salomone
1617 3913 1688 3965 in.
1713 3922 1898 3965 monte
1924 3910 2094 3970 Moria
2126 3909 2362 3975 aedifica?
