2757 4413
276 336 381 387 818

273 469 376 505 non
414 452 477 502 de
496 464 640 518 pane
670 449 796 500 dixi
822 446 1019 499 vobis?
1046 446 1209 505 Quasi
1252 446 1337 496 di-

272 533 411 575 ceret
458 537 471 571 2
517 522 638 570 Non
678 530 758 570 est
799 519 952 570 vobis
980 516 1337 566 dubitandum

275 597 340 645 de
364 609 501 660 pane
529 591 808 651 materiali,
845 590 971 656 quia
1004 589 1078 639 ita
1115 605 1337 654 possum

272 682 397 717 eum
467 663 820 729 multiplicare
883 660 1023 710 sicut
1084 660 1334 722 vidistis;

274 752 369 787 nec
393 737 459 786 de
480 735 574 784 illo
599 749 696 799 ego
725 731 999 791 sollicitor,
1031 747 1128 781 nec
1147 732 1339 797 loquor

272 808 454 867 vobiS,
508 808 627 856 ideo
682 803 860 870 potius
914 803 980 853 de
1039 803 1143 853 alio
1201 818 1337 868 pane

276 893 329 932 et
383 882 646 931 fermento
694 877 989 943 intelligere
1045 876 1336 936 debuistis,

277 951 477 1003 scilicet
542 947 794 998 doctrinae
866 962 1124 1012 perversae
1149 985 1162 1007 ,
1216 962 1338 1012 quae

276 1038 426 1074 more
466 1019 732 1079 fermenti,
772 1035 829 1069 se
872 1019 980 1069 veri
1011 1018 1163 1085 panis
1203 1019 1337 1069 sub-

272 1095 525 1147 stantiam
554 1093 774 1143 simulat
794 1092 1020 1153 habere;
1048 1092 1139 1141 sed
1161 1106 1339 1140 revera

274 1178 442 1218 totam
464 1163 821 1215 substantiam
842 1164 955 1229 ejus
982 1163 1067 1213 cui
1087 1162 1356 1212 admisce-·

274 1248 362 1289 tur
383 1235 697 1301 corrumpit,
735 1245 786 1285 et
809 1236 873 1284 ad
903 1249 1146 1300 saporem
1177 1248 1335 1283 suum

272 1310 452 1360 trahit.
498 1310 613 1358 Hoc
671 1318 750 1358 est
799 1308 863 1356 de
908 1323 1016 1372 quo
1047 1306 1337 1371 Apostolus

271 1380 399 1431 dicit
435 1397 448 1430 :
481 1378 757 1430 Modicum
791 1377 1116 1442 fermentum
1172 1382 1337 1425 totam

275 1466 509 1502 massam
564 1450 873 1515 corrumpit.
929 1449 1013 1498 Ab
1064 1447 1167 1497 isto
1213 1463 1337 1514 ergo

275 1523 413 1573 sicut
440 1538 472 1572 a
501 1521 688 1571 nocivo
730 1521 849 1570 cibo
888 1535 1099 1571 summe
1131 1529 1209 1569 est
1248 1535 1336 1569 ca-

271 1596 526 1645 vendum.
552 1594 707 1643 Unde
732 1593 1047 1643 Ambrosius
1067 1610 1083 1641 .·
1113 1610 1140 1638 ε(
1169 1591 1337 1641 Cibus

272 1667 561 1734 corporalis
600 1666 819 1716 nocivus
844 1682 964 1715 cum
1004 1680 1198 1731 magna
1221 1665 1336 1714 sol-

271 1742 551 1791 licitudine
605 1751 848 1797 cavetur,
915 1749 1116 1805 quanto
1164 1737 1336 1803 magis

273 1811 606 1878 spiritualis?
659 1830 686 1857 »
741 1813 892 1860 Tunc
938 1809 1333 1871 intellexerunt,

270 1882 395 1947 quia
421 1896 522 1931 non
553 1881 776 1930 dixerat
810 1878 1098 1929 cavendum
1137 1892 1171 1927 a
1205 1878 1335 1942 fer-

272 1960 442 2003 mento
475 1949 694 2018 panum,
730 1951 928 2001 scilicet
950 1950 1332 2013 materialium;

271 2027 362 2076 sed
382 2040 412 2074 a
441 2024 681 2075 doctrina
710 2023 1102 2073 Pharisaeorum
1132 2032 1185 2072 et
1212 2023 1336 2073 Sad-

270 2098 608 2160 ducaeorum,
657 2111 777 2162 quae
828 2095 1035 2145 ratione
1086 2093 1336 2160 praedicta

268 2178 487 2220 vocatur
514 2166 859 2217 fermentum.

233 2252 240 2259 '
337 2239 364 2290 5
420 2240 770 2289 ILLumNAno
821 2252 948 2287 ciem
1021 2237 1335 2287 BETHsAmAE

272 2325 478 2359 mumma
510 2324 836 2358 memmei-E
883 2323 1143 2358 vaan.
1169 2337 1231 2344 —
1257 2308 1337 2357 Et

270 2380 484 2430 veniunt
520 2377 894 2439 Bethsaidam,
935 2376 1022 2426 ubi
1065 2377 1338 2427 adducunt

188 2464 199 2473 ²
270 2451 320 2501 ei
337 2464 551 2511 caecum,
574 2455 624 2499 et
652 2448 923 2514 rogabant
952 2453 1007 2497 ut
1033 2447 1183 2497 illum
1209 2455 1335 2498 tan-

269 2526 453 2586 geret,
500 2518 726 2568 firmiter
770 2518 1040 2568 credentes
1084 2519 1229 2583 quod
1270 2519 1334 2568 ad

267 2599 468 2640 tactum
498 2589 612 2653 ejus
649 2603 812 2637 sanus
841 2586 1005 2636 fieret.
1036 2587 1114 2636 Et
1149 2603 1336 2652 appre-

266 2659 428 2710 hensa
453 2674 611 2709 manu
633 2659 780 2720 caeci,
820 2656 1012 2707 eduxit
1031 2671 1146 2706 eum
1172 2665 1334 2708 extra

266 2729 469 2791 vicum,
513 2728 568 2778 id
610 2738 690 2778 est
730 2739 877 2778 extra
922 2726 1244 2778 vicinitatem
1284 2737 1335 2778 et

269 2802 563 2851 tumultum
607 2802 904 2861 malorum;
937 2804 988 2848 et
1016 2813 1256 2865 expuens
1279 2801 1333 2851 in

268 2869 450 2919 oculos
493 2870 623 2936 ejuS,
663 2869 926 2936 impositis
971 2869 1213 2920 manibus
1249 2885 1334 2920 su-

259 2953 362 3004 per
427 2940 624 3002 ocuIOS,
660 2939 1019 3004 interrogavit
1078 2955 1224 3003 eum,
1283 2942 1333 2991 si

267 3009 396 3074 quid
451 3009 669 3060 videret.
713 3009 794 3058 Et
832 3009 1120 3074 aspiciens,
1167 3010 1219 3059 id
1251 3021 1331 3062 est

268 3078 502 3144 aspicere
541 3077 822 3143 incipiens,
860 3079 941 3128 ait
979 3096 996 3130 .·
1039 3079 1200 3131 Video
1228 3081 1329 3132 ho-

268 3151 437 3202 mines
494 3150 638 3200 velut
690 3152 915 3202 arbores
976 3152 1326 3204 ambulantes.

266 3223 390 3272 Non
416 3221 559 3272 enim
588 3221 914 3288 distinguere
943 3233 1148 3290 poterat
1174 3225 1330 3275 linea-

267 3304 450 3344 menta
491 3292 856 3344 huinanorum
900 3312 1204 3362 corporum,
1240 3298 1328 3348 vi-

267 3367 425 3418 debat
460 3370 687 3418 obscure
723 3383 942 3434 corpora
982 3385 1172 3420 eorum
1204 3387 1329 3421 mo-

267 3438 378 3488 veri
413 3438 478 3488 de
511 3438 626 3488 loco
673 3438 738 3487 ad
779 3438 956 3488 locum
995 3456 1008 3490 τ
1055 3450 1107 3491 et
1149 3452 1330 3507 postea

267 3511 497 3578 perfecte
532 3512 860 3563 illuminavit
882 3528 1032 3576 veum.
1062 3515 1199 3565 Nam
1241 3516 1332 3566 ite-

264 3596 384 3631 rum
413 3596 604 3632 manus
643 3596 804 3647 super
845 3583 1026 3633 oculos
1066 3584 1180 3650 ejus
1226 3586 1329 3636 im-

257 3655 474 3720 posuit,
529 3662 580 3706 et
627 3656 775 3707 clare
820 3657 996 3707 omnia
1037 3658 1186 3709 vidit.
1232 3659 1331 3710 Per

266 3726 370 3777 hoc
409 3727 650 3794 arguitur
692 3728 997 3794 ignorantia
1033 3730 1331 3797 discipulo-

264 3813 387 3848 rum
435 3800 602 3861 fact0,
653 3804 799 3866 quod
862 3801 997 3868 ipsis
1044 3804 1330 3868 praesenti-

268 3866 368 3916 bus
438 3869 767 3923 illuminavit
841 3889 1040 3923 caecum
1066 3911 1080 3934 ,
1146 3873 1329 3940 primo

266 3935 571 4009 imperfecte
601 3979 616 4001 ,
699 3953 751 3994 et
832 3954 1013 4011 postea
1084 3943 1325 4009 perfecte.

890 307 1128 382 PRIMAE
1164 331 1412 381 PARTls
1445 331 1678 382 CAPUT
1711 332 1872 382 Xon.

1449 447 1668 497 Certum
1723 458 1801 497 est
1851 447 1997 497 enim
2063 447 2209 512 quod
2264 446 2525 499 Christus

1447 532 1650 585 poterat
1681 537 1807 571 eum
1830 521 2011 572 statim
2046 520 2275 586 perfecte
2301 520 2522 570 illumi-

1444 610 1599 657 nare3
1638 597 1729 645 sed
1767 609 1859 661 per
1883 595 2044 644 talem
2088 596 2312 643 modum
2341 595 2524 645 voluit

1445 664 1631 725 facere,
1660 676 1722 716 ut
1749 665 2051 731 designaret
2081 664 2374 730 discipulos
2417 666 2522 714 ad-

1445 738 1550 787 huc
1605 738 1662 787 in
1724 749 1868 804 parte
1921 739 2231 788 obscuratos
2285 737 2522 803 caligine

1452 809 1787 874 ignorantiae,
1819 820 1870 860 et
1910 811 1974 859 ad
2019 810 2159 859 clare
2200 808 2521 874 intelligen-

1445 882 1576 930 dum
1616 882 1855 948 indigere
1885 880 2071 946 majori
2097 880 2517 932 illuminatione.

1446 952 1601 1001 Unde
1638 961 1689 1002 et
1729 962 1849 1018 post
1877 951 2319 1002 resurrectionem
2357 968 2518 1001 suam

1443 1022 1657 1086 aperuit
1706 1022 1819 1072 illis
1869 1037 2110 1084 sensum,
2160 1027 2216 1070 ut
2254 1021 2521 1088 intellige-

1442 1100 1560 1143 rent
1588 1095 1924 1159 Scripturas,
1953 1093 2058 1143 Alii
2103 1093 2288 1143 dicunt
2315 1094 2521 1143 illumi-

1446 1163 1717 1216 nationem
1748 1167 1911 1231 hujus
1942 1165 2067 1216 caeci
2096 1166 2398 1215 successive
2428 1166 2519 1216 fa-

1442 1248 1598 1297 ctam,
1626 1248 1841 1303 propter
1855 1238 2164 1303 parvitatem
2190 1237 2316 1287 fidei
2346 1238 2520 1303 hujus

1443 1308 1560 1357 caeci
1595 1318 1646 1357 et
1679 1308 2020 1358 offerentium
2046 1308 2227 1373 ipsum
2258 1308 2516 1373 Christ03

1442 1389 1493 1427 et
1539 1388 1711 1443 potest
1769 1394 1885 1428 esse
1935 1380 2079 1445 quod
2121 1379 2223 1428 ista
2263 1394 2422 1429 causa
2464 1391 2520 1431 et

1444 1451 1691 1515 praedicta
1719 1460 2104 1503 concurrerunt
2130 1452 2195 1500 ad
2239 1451 2405 1501 istum
2449 1452 2523 1502 ef-

1444 1523 1640 1574 fectum
1680 1524 1736 1574 in
1779 1525 1914 1590 ipso,
1950 1525 2046 1573 Per
2097 1524 2201 1573 hoc
2240 1524 2402 1573 etiam
2446 1526 2521 1575 si-

1443 1606 1636 1659 gnatur
1685 1596 1829 1660 quod
1899 1594 2163 1643 Dominus
2219 1594 2520 1659 aliquando

1442 1667 1531 1714 dat
1593 1681 1745 1716 suam
1810 1665 2033 1731 gratiam
2108 1666 2517 1730 augmentando

1443 1736 1593 1801 prius
1641 1738 1834 1787 datam.
1886 1737 1951 1785 Et
1986 1735 2209 1785 mittens
2255 1735 2413 1785 illum
2456 1737 2516 1786 in

1440 1807 1662 1855 domum
1690 1822 1861 1866 suam,
1893 1806 2048 1870 jussit
2084 1815 2144 1855 ut
2178 1806 2385 1856 nemini
2421 1807 2518 1856 di-

1441 1889 1595 1938 ceret,
1642 1879 1706 1927 ad
1765 1878 2014 1928 vanitatis
2068 1880 2404 1943 jactantiam,
2451 1889 2516 1929 ut

1444 1948 1630 1998 mundi
1657 1948 1882 2014 gloriam
1923 1964 2020 1997 nos
2051 1949 2263 1999 doceret
2288 1949 2512 2014 fugere;

1442 2022 1533 2070 sed
1562 2032 1739 2071 tamen
1768 2021 1941 2071 dicere
1978 2031 2183 2087 poterat
2212 2033 2264 2071 et
2304 2022 2516 2087 debuit,

1440 2095 1504 2143 ad
1561 2093 1989 2159 praedicationem
2042 2093 2218 2142 laudis
2278 2093 2514 2158 divinae3

1442 2165 1543 2216 hoc
1568 2166 1810 2216 nondum
1846 2163 2170 2231 intelligunt,
2203 2165 2297 2231 qui
2323 2166 2519 2218 omnia

1440 2251 1600 2301 opera
1619 2252 1731 2295 sua,
1763 2245 1821 2284 ut
1839 2236 1906 2285 ab
1936 2234 2258 2284 hominibus
2281 2235 2516 2286 videan-

1441 2317 1550 2365 tur,
1605 2306 1839 2366 faciunt,
1879 2306 1944 2355 de
1993 2305 2194 2371 quibus
2237 2306 2515 2357 Dominus

1439 2379 1513 2428 ait
1557 2397 1572 2428 ι
1626 2379 1958 2445 Receperunt
1999 2378 2286 2428 mercedem
2334 2393 2513 2429 suam.

1444 2452 1522 2501 Ne
1558 2467 1683 2518 ergo
1722 2451 1810 2501 hic
1844 2450 2068 2515 recipias
2102 2450 2426 2509 mercedem,
2459 2460 2514 2501 et

1441 2520 1745 2587 recipiendo
1767 2521 1956 2587 perdas
1984 2531 2267 2583 aeternam3
2290 2520 2512 2570 vitiosi-

1441 2602 1604 2642 tatem
1660 2602 1807 2641 tuam
1863 2590 2043 2657 potius
2089 2605 2293 2649 enarra,
2342 2606 2512 2654 quam

1439 2662 1711 2721 virtutem,
1751 2663 1994 2726 exemplo
2040 2660 2285 2726 Apostoli
2324 2661 2515 2710 dicen-

1441 2733 1509 2782 tis
1544 2750 1557 2782 :
1592 2732 1697 2792 Qui
1715 2732 1813 2797 fui
1849 2731 2197 2796 blasphemuS,
2236 2736 2288 2780 et
2315 2745 2515 2795 perse-

1438 2811 1592 2854 cutus
1642 2818 1757 2852 sum
1812 2802 2115 2852 Ecclesiam
2176 2794 2297 2850 Dei.
2354 2801 2515 2851 Unde

1438 2875 1775 2942 Augustinus
1800 2891 1816 2923 .-
1838 2893 1865 2920 «
1897 2873 1991 2923 Vis
2024 2872 2245 2922 virtutes
2276 2882 2389 2920 tuas
2417 2887 2514 2921 au-

1438 2946 1568 3011 geri,
1601 2945 1823 3011 prodere
1850 2943 1980 3003 noli,
2010 2943 2134 3009 fuge
2160 2943 2328 2992 videri
2356 2944 2510 3006 quod

1436 3034 1552 3068 esse
1594 3017 1857 3067 meruisti.
1907 3015 2063 3074 Quod
2112 3014 2510 3065 manifestando

1435 3099 1585 3155 potes
1613 3089 1873 3146 amittere,
1905 3087 2124 3136 tacendo
2152 3086 2377 3136 custodi.
2413 3104 2443 3132 n

1498 3159 1531 3209 6
1565 3160 1800 3208 MYsrrcA
1842 3172 2004 3206 umus
2045 3172 2292 3206 unificum
2334 3154 2529 3206 Arma:

1434 3247 1606 3281 cA‘r1o.
1656 3258 1715 3267 —
1758 3229 1910 3279 Circa
1961 3238 2140 3278 autem
2198 3227 2337 3276 hanc
2382 3229 2514 3278 caeci

1437 3300 1771 3353 sanationem
1800 3299 1873 3348 ait
1907 3300 2059 3349 Beda
2082 3317 2098 3350 :
2128 3317 2155 3345 «
2185 3297 2376 3348 Cuncti
2409 3299 2512 3364 qui

1436 3388 1466 3422 a
1488 3370 1723 3421 Domino
1753 3380 2009 3421 curantur
2040 3371 2322 3436 languores
2342 3407 2354 3427 ,
2383 3369 2512 3434 spi-

1437 3444 1712 3494 ritualium
1774 3453 1902 3494 sunt
1954 3442 2106 3509 signa
2164 3443 2508 3506 languorum,

1437 3515 1635 3582 quibus
1671 3515 1852 3565 anima
1875 3530 1969 3580 per
1992 3523 2265 3580 peccatum
2290 3522 2508 3563 aeternae

1438 3586 1599 3636 morti
1650 3585 1988 3652 propinquat.
2040 3583 2190 3633 Sicut
2246 3583 2391 3632 enim
2445 3584 2506 3632 in

1437 3656 1599 3707 surdo
1646 3665 1699 3706 et
1742 3666 1892 3706 muto
1930 3670 1960 3704 a
2007 3654 2242 3703 Domino
2279 3661 2502 3714 sanato,

1436 3727 1641 3778 sanatio
1695 3727 1893 3777 mentis
1941 3725 2245 3775 insinuatur
2291 3739 2504 3784 eorum,

1437 3801 1531 3866 qui
1569 3815 1743 3867 neque
1776 3799 1960 3850 audire
1985 3799 2208 3848 verbum
2237 3797 2365 3855 Dei,
2399 3811 2508 3846 ne·-

1437 3889 1542 3939 que
1582 3872 1730 3938 loqui
1768 3879 2040 3932 noverant,
2072 3879 2123 3920 et
2153 3884 2277 3918 mox
2309 3867 2365 3917 in
2407 3883 2507 3918 re·-

1436 3942 1663 3994 fectione
1740 3942 1909 3994 turbae
1988 3938 2269 3992 esurientis
2291 3977 2304 3999 ,
2376 3954 2510 4005 quae
