2757 4413
374 297 485 367 674

369 415 409 466 li
439 415 601 464 habet
635 413 693 464 in
722 413 880 463 corde
906 422 1168 478 quantum
1207 412 1441 463 ostendit

370 485 428 537 in
474 486 668 545 verbe,
718 485 810 534 sed
850 484 1023 533 multo
1064 482 1316 548 amplius.
1361 483 1439 532 Ex

370 556 698 608 abundantia
773 555 915 605 enirn
972 555 1100 604 boni
1171 555 1252 612 vel
1307 555 1437 603 mali

374 643 495 694 quae
528 637 609 677 est
649 627 706 677 in
748 628 923 686 corde,
968 641 1146 676 sermo
1175 625 1434 691 procedit.

374 699 531 758 Quod
565 698 712 748 enim
742 696 974 748 exterius
1000 695 1216 757 dicitur,
1249 705 1329 746 est
1354 711 1439 745 su-

374 767 740 835 pereffluentia
789 767 902 831 ejus
948 767 1093 832 quod
1141 766 1288 816 intus
1336 776 1434 816 est.

371 840 430 889 ln
472 853 582 904 quo
630 853 721 887 eos
748 837 1094 887 vehementer
1136 835 1327 901 tetigit.
1378 835 1434 885 Si

371 909 519 959 enim
568 907 713 974 quod
761 906 966 956 dictum
1009 916 1089 956 est
1122 906 1189 955 ab
1231 905 1328 963 εἰς,
1362 905 1437 955 ita

369 981 576 1030 malum
615 988 710 1037 est,
756 977 998 1043 excogita
1040 977 1271 1035 radicem
1309 992 1436 1027 ver-

369 1052 565 1102 borum
615 1064 779 1118 quam
846 1059 925 1098 est
975 1049 1148 1099 mala!
1209 1068 1237 1096 n
1312 1049 1437 1098 Haec

372 1123 813 1189 ChrysostomuS.
881 1121 947 1170 Et
1011 1119 1148 1180 iden,
1203 1129 1263 1170 ut
1308 1119 1439 1170 dicit

373 1192 695 1258 eregoriuS,
740 1186 1034 1245 curandum
1079 1201 1159 1242 est
1200 1201 1253 1241 et
1288 1190 1435 1240 omni

368 1267 609 1319 custodia
642 1281 794 1316 mens
829 1264 1113 1330 servanda3
1154 1281 1264 1315 non
1288 1266 1436 1315 enim

368 1351 491 1392 ante
517 1341 701 1390 oculos
737 1339 832 1388 Dei
876 1340 1205 1389 transvolant
1242 1337 1436 1403 cogita-

368 1414 544 1464 tiones
596 1422 809 1471 nostrae,
857 1421 909 1461 et
955 1411 1103 1461 nulla
1161 1419 1436 1461 momenta

364 1483 626 1549 temporis
655 1499 747 1548 per
777 1498 978 1532 annum
1007 1489 1285 1532 transeunt
1316 1481 1435 1531 sine

364 1566 505 1607 statu
577 1552 965 1605 retributionis.
1036 1552 1108 1602 Et
1170 1553 1299 1618 quia
1358 1567 1435 1603 ex

369 1627 701 1679 abundantia
734 1624 915 1675 cordis
938 1638 1001 1674 os
1035 1624 1285 1688 loquitur,
1313 1623 1432 1673 ideo

368 1698 507 1749 bene
552 1695 797 1762 sequitur
858 1711 871 1744 :
924 1695 1110 1744 Bonus
1163 1693 1317 1744 homo
1365 1695 1433 1743 de

367 1768 500 1818 bono
534 1765 807 1826 thesaur-0,
844 1764 899 1813 id
941 1773 1021 1813 est
1061 1764 1133 1812 de‘
1163 1763 1303 1813 bona
1340 1763 1432 1812 in-

364 1837 603 1887 tentione
659 1844 710 1884 et
760 1834 1061 1894 voluntate,
1120 1849 1239 1898 quae
1294 1833 1433 1883 sicut

362 1907 649 1958 thesaurus
704 1904 1050 1954 absconditus
1105 1904 1231 1953 latet
1288 1903 1431 1953 inte-

363 1980 478 2030 rius
508 1979 561 2028 in
597 1988 793 2037 mente,
818 1977 1035 2044 profert
1063 1977 1198 2027 bona
1227 1976 1430 2042 cogita-

362 2052 555 2116 tioniS,
597 2050 889 2102 locutionis
917 2061 968 2100 et
994 2049 1201 2115 operis;
1234 2056 1286 2100 et
1307 2065 1428 2099 ma·-

366 2122 451 2175 lus
500 2121 654 2173 homo
709 2121 775 2171 de
831 2120 974 2171 malo
1025 2120 1276 2170 thesauro
1329 2134 1427 2170 suo

357 2193 574 2260 profert
615 2192 778 2256 mala,
822 2191 952 2258 quia
985 2191 1264 2241 contrariae
1297 2206 1426 2241 cau-

361 2280 432 2314 sae
462 2264 658 2314 habent
682 2263 975 2313 contrarios
1003 2262 1239 2313 effectus.
1270 2255 1346 2313 Ac
1380 2262 1425 2312 si

361 2334 543 2385 dicat:
582 2335 693 2384 Vos
716 2333 844 2384 mali
876 2332 1023 2396 estis,
1056 2332 1176 2382 ideo
1203 2332 1269 2382 de
1298 2333 1424 2382 the-

359 2420 517 2456 sauro
559 2404 735 2455 cordis
775 2404 937 2455 vestri
976 2420 1084 2454 non
1131 2403 1236 2453 nisi
1286 2404 1426 2453 mala

355 2475 634 2541 profertis;
656 2476 954 2525 secundum
977 2475 1226 2525 Glossam
1256 2474 1421 2535 enim,

354 2548 641 2598 thesaurus
703 2546 880 2597 cordis
934 2556 1015 2596 est
1075 2544 1301 2595 intentio
1358 2562 1424 2596 ex

358 2633 466 2683 qua
501 2619 646 2668 Deus
682 2616 879 2682 judicat
926 2630 1102 2681 opera.
1136 2615 1291 2665 Unde
1318 2615 1422 2665 ali-

355 2691 571 2755 quando
600 2690 807 2739 minora
836 2688 1110 2752 majorem,
1143 2697 1195 2738 et
1220 2688 1423 2751 majora

354 2761 622 2811 minorem
666 2760 864 2810 habent
918 2759 1235 2809 mercedem.
1274 2758 1422 2823 Saepe

354 2831 501 2882 enim
562 2832 762 2895 majora
813 2832 867 2882 in
925 2845 1149 2897 genere,
1218 2829 1419 2880 minori

354 2903 490 2952 fiunt
527 2903 757 2966 caritate,
801 2913 852 2952 et
888 2918 917 2953 e
964 2917 1241 2952 converso·
1271 2900 1421 2951 Sicut

354 2988 494 3038 saepe
512 2972 709 3038 aliquis
738 2973 926 3037 majori
949 2973 1162 3023 caritate
1180 2974 1268 3022 dat
1285 2973 1420 3023 elee-

352 3059 656 3110 mosynam,
686 3060 849 3109 quam
888 3043 1026 3094 alius
1072 3054 1244 3095 cantat
1276 3043 1415 3094 mis-

353 3130 500 3178 sam;
550 3114 779 3179 ideoque
831 3113 920 3164 hic
963 3115 1133 3181 magis
1183 3126 1417 3165 meretur

347 3186 415 3235 de
442 3185 798 3247 eleemosyna,
824 3200 986 3251 quam
1011 3186 1103 3236 ille
1136 3188 1201 3236 de
1233 3186 1413 3237 missa.

351 3256 511 3308 Unde
544 3255 858 3321 paupercula
896 3256 1055 3307 vidua
1098 3258 1274 3307 dando
1307 3258 1416 3307 duo

351 3328 579 3389 minuta,
602 3324 869 3392 parificata
886 3337 967 3376 est
984 3328 1137 3378 diviti
1166 3327 1414 3393 Zachae03

349 3397 479 3464 quia
524 3398 667 3446 Deus
724 3410 834 3445 non
886 3408 1069 3460 pensat
1115 3407 1412 3463 quantum,

347 3472 439 3522 sed
470 3485 534 3519 ex
563 3476 783 3535 quanto·
825 3469 902 3518 De
934 3469 1184 3533 praedicta
1210 3469 1413 3520 simili-

346 3541 538 3592 tudine
581 3539 789 3589 arboris
832 3550 884 3589 et
924 3540 1045 3589 aliis
1085 3540 1191 3604 jam
1238 3541 1411 3602 tactiS,

346 3612 515 3662 habes
544 3610 706 3662 etiam
742 3626 902 3675 supra
931 3609 1068 3660 circa
1102 3610 1266 3661 finem
1309 3626 1415 3661 ser-

344 3681 523 3732 monis
546 3680 766 3732 Domini
801 3680 859 3730 in
892 3691 1105 3746 monte3
1139 3682 1233 3731 ubi
1258 3682 1413 3747 plura

345 3752 413 3802 de
438 3753 527 3803 his
554 3752 734 3804 videre
762 3751 979 3817 poteris,

415 3822 476 3872 15
512 3824 593 3873 De
634 3838 761 3872 oum
802 3838 971 3874 venno
1016 3838 1203 3874 orxoso
1248 3839 1409 3874 num

345 3907 621 3945 mnenon
655 3909 769 3946 Esr.
812 3922 872 3933 —
911 3896 1201 3962 Postquam
1228 3904 1410 3946 autem

949 299 1189 350 PRIMAE
1226 297 1479 349 PARTIS
1517 297 1751 351 CAPUT
1780 302 2005 358 LXXIII.

1549 416 1809 478 processit
1867 420 2142 485 probando
2198 431 2249 473 et
2299 423 2567 489 arguendo,

1548 499 1936 553 consequenter
1954 492 2192 557 procedit
2209 495 2568 574 comminandO,

1547 571 1616 605 ne
1667 559 1884 611 credant
1946 578 2167 627 parvum
2222 563 2406 614 vitium
2458 566 2571 615 male

1547 625 1715 692 loqui,
1771 641 1824 680 et
1873 634 2010 683 mala
2050 634 2207 684 verba
2257 651 2359 684 non
2400 634 2570 700 puniri.

1547 698 1622 747 Ita
1659 714 1786 765 ergo
1828 704 2002 754 malus
2039 704 2240 770 profert
2267 706 2396 754 mala
2420 705 2568 765 verba,

1544 786 1667 836 quae
1719 774 1939 860 quidem
1984 793 2090 827 non
2140 788 2266 828 sunt
2319 778 2571 844 parvipen-

1544 845 1734 907 denda,
1761 850 2007 912 quoniam
2027 851 2092 900 de
2117 852 2259 902 omni
2286 852 2432 901 verbo
2453 851 2571 902 otio-

1543 932 1621 980 8⁰,
1665 936 1775 969 non
1802 932 2009 973 tanturn
2042 925 2356 990 pernicios0,
2384 925 2571 974 reddent

1542 991 1779 1045 homines
1808 997 2099 1061 rationem,
2142 999 2289 1065 quod
2332 997 2425 1048 erit
2447 997 2570 1047 valde

1543 1064 1791 1128 difficile,
1826 1070 1957 1134 quia
2000 1071 2162 1121 locuti
2206 1081 2332 1120 sunt
2358 1069 2466 1119 sine
2498 1084 2568 1118 ra-

1544 1136 1718 1200 tione;
1749 1141 1851 1201 vel,
1882 1142 2105 1192 reddent
2135 1143 2406 1202 rationem,
2433 1141 2480 1189 id
2505 1148 2571 1190 est

1544 1211 1751 1262 solvent
1778 1213 1831 1263 in
1863 1215 1950 1264 die
1969 1215 2164 1281 judicii
2189 1231 2422 1281 poenam;
2449 1213 2570 1280 quod

1542 1279 1803 1366 judicium
1855 1285 1957 1335 erit
2001 1286 2258 1347 terribile,
2302 1286 2422 1352 quia
2472 1285 2568 1334 sine

1542 1369 1636 1418 spe
1675 1355 1865 1406 veniae.
1897 1357 1952 1406 Si
1993 1368 2175 1408 autem
2208 1359 2412 1418 dicitur,
2450 1355 2569 1423 quod

1538 1424 1761 1474 verbum
1811 1426 2050 1478 otiosum
2092 1439 2176 1479 est
2219 1429 2360 1495 quod
2396 1428 2570 1477 ratione

1537 1512 1764 1547 vacuum
1801 1509 1908 1560 est,
1932 1562 1935 1567 Ι
1957 1516 2084 1567 ergo
2112 1503 2182 1552 de
2209 1518 2271 1552 eo
2302 1518 2402 1551 non
2441 1500 2572 1549 debet

1538 1568 1728 1633 quaeri,
1762 1585 1858 1619 nec
1904 1580 2079 1635 potest
2120 1572 2256 1622 ratio
2293 1570 2462 1632 reddi;
2498 1584 2570 1618 re-

1538 1641 1914 1705 spondendum
1976 1644 2122 1708 quod
2195 1643 2315 1693 licet
2365 1641 2569 1693 otiosum

1537 1712 1608 1761 sit
1636 1712 1839 1764 ratione
1857 1729 2104 1775 vacuum,
2136 1724 2317 1766 tamen
2340 1715 2456 1780 quia
2477 1727 2569 1762 ver-

1540 1784 1670 1834 bum
1711 1785 1897 1836 debuit
1924 1787 2121 1837 habere
2152 1788 2441 1844 rationem,
2469 1785 2567 1834 ideo

1535 1857 1601 1906 de
1668 1856 1785 1922 ipso
1841 1859 2072 1924 exigitur
2146 1859 2285 1911 ratio
2310 1900 2323 1921 ‚
2396 1857 2568 1908 scilicet

1534 1930 1846 1982 omissionis
1869 1932 2110 1983 rationis·
2144 1933 2214 1984 Et
2244 1950 2304 1984 ex
2331 1933 2426 1982 hoc
2452 1936 2568 1996 patet

1535 2016 1679 2080 quod
1703 2015 1863 2081 longe
1889 2015 2062 2081 magis
2092 2017 2319 2067 verbum
2350 2013 2566 2065 nocivum

1533 2102 1586 2138 et
1649 2089 2000 2139 criminosum
2062 2091 2256 2141 acriter
2310 2088 2566 2155 punietur,

1533 2171 1586 2212 et
1635 2163 1818 2213 reddet
1867 2163 2117 2214 homines
2159 2163 2217 2213 in
2275 2162 2360 2213 die
2409 2156 2569 2227 judicii

1533 2234 1991 2302 condemnabiles;
2039 2235 2199 2301 quale
2246 2244 2325 2285 est
2375 2232 2568 2283 verbum

1531 2321 1717 2356 eorum
1782 2323 1890 2373 quo
1939 2322 2096 2372 opera
2149 2308 2380 2373 Spiritus
2423 2299 2568 2354 Sancti

1533 2380 2008 2441 calumniabantur,
2041 2390 2092 2429 et
2135 2377 2566 2441 blasphemabant,

1531 2454 1765 2503 dicentes
1807 2471 1820 2503 z
1853 2453 1915 2503 In
1953 2453 2249 2520 Beelzebub
2294 2453 2432 2520 ejicit
2469 2449 2567 2499 dae-

1530 2528 1726 2577 monia.
1791 2526 1857 2576 Et
1913 2535 1993 2576 est
2044 2541 2238 2577 sensus
2300 2524 2566 2577 secundum

1527 2598 1939 2667 Hieronymum,
1995 2598 2042 2648 si
2087 2598 2323 2649 otiosum
2368 2596 2566 2648 verbum

1532 2687 1638 2720 non
1685 2681 1764 2720 est
1808 2670 2011 2737 absque
2059 2672 2299 2737 periculo
2344 2672 2450 2735 ejus
2487 2662 2565 2731 qui

1527 2743 1799 2809 loquitur,
1845 2754 1896 2793 et
1937 2743 1995 2793 in
2043 2743 2131 2793 die
2180 2742 2364 2809 judicii
2409 2737 2568 2790 reddet

1527 2813 1901 2879 unusquisque
1964 2814 2227 2864 rationem
2282 2823 2564 2864 sermonum

1536 2903 1784 2951 suorum3
1818 2899 2020 2953 quanto
2051 2888 2223 2954 magis
2264 2903 2359 2937 vos
2404 2880 2566 2934 reddi-

1525 2961 1632 3011 turi
1684 2961 1811 3012 estis
1866 2961 2122 3012 rationem
2179 2958 2455 3011 calumniae
2496 2968 2567 3003 ve-

1524 3046 1678 3086 s.trae
1663 3035 1682 3071 ‘2
1713 3035 1943 3085 Caveant
1966 3051 2092 3101 ergo
2113 3034 2220 3085 sibi
2247 3035 2564 3084 detractores,

1523 3123 1684 3173 opera
1731 3106 2101 3172 proximorum
2151 3105 2449 3154 minuentes
2470 3093 2564 3147 'vel

1523 3178 1861 3237 infamantes,
1893 3175 2118 3226 dicendo
2165 3175 2255 3225 illa
2297 3189 2408 3225 esse
2452 3169 2567 3219 facta

1522 3250 1575 3299 in
1625 3248 1925 3314 hypocrisi,
1968 3249 2052 3298 vel
2094 3264 2190 3313 pro
2217 3262 2354 3297 vana
2397 3239 2564 3320 gloria,

1520 3324 1605 3373 vel
1640 3321 1823 3386 aliquo
1871 3320 2110 3370 indebito
2152 3318 2284 3384 fine;
2316 3327 2366 3367 et
2411 3315 2477 3363 ita
2515 3310 2563 3359 in

1523 3391 1818 3443 Beelzebub
1879 3390 2272 3441 daemoniorum
2329 3382 2562 3453 principe.

1522 3466 1576 3517 Si
1619 3465 1764 3516 enim
1820 3465 1893 3515 ita
1942 3463 2140 3528 judicat
2193 3460 2456 3512 Dominus
2506 3454 2562 3502 de

1522 3537 1686 3588 verbo
1715 3536 1917 3585 otioso·
1906 3572 1919 3597 ‚
1959 3545 2161 3600 quanto
2188 3532 2358 3599 magis
2380 3530 2441 3579 de
2470 3540 2559 3575 no-

1519 3609 1636 3660 civo
1678 3619 1730 3659 et
1775 3607 2102 3658 criminoso?
2150 3608 2220 3659 Ut
2248 3616 2420 3655 autem
2448 3595 2562 3648 dicit

1518 3682 1892 3747 Hieronymus
1946 3696 1962 3729 .-
2012 3696 2040 3725 α
2085 3679 2324 3729 Otiosum
2365 3670 2558 3724 verbum

1521 3762 1602 3803 est
1645 3750 1789 3818 quod
1853 3749 1970 3799 sine
2031 3748 2256 3799 utilitate
2304 3737 2555 3826 loquentis

1517 3823 1712 3874 dicitur
1740 3833 1792 3873 et
1816 3820 2113 3887 audientis3
2153 3820 2199 3871 si
2244 3813 2453 3868 omissis
2479 3824 2555 3859 se-

1517 3895 1632 3959 riiS,
1669 3894 1736 3945 de
1766 3894 1926 3945 rebus
1952 3861 2161 3944 frivol'is
2188 3893 2479 3957 loquamur,
2508 3886 2553 3929 et
