2757 4413
312 1392 319 1398 ·
404 1392 565 1428 sonas
638 1377 871 1436 habent,

405 341 509 412 696

404 456 602 522 saepius
647 455 1093 506 condemnabant.
1130 452 1176 501 O
1214 459 1346 516 quot
1375 448 1466 498 in-

406 526 624 592 justitiae
645 526 782 577 fiunt
811 524 972 575 hodie
998 524 1051 572 in
1086 537 1193 572 una
1237 519 1463 578 civitate,

408 598 472 648 de
500 598 699 663 quibus
737 613 844 646 non
877 605 1015 645 esset
1038 594 1237 643 mirum
1275 592 1324 641 si
1349 591 1466 656 ipsa

410 681 461 721 et
488 680 597 721 tota
637 671 807 736 patria
849 667 1175 732 redigeretur
1221 665 1275 715 in
1311 663 1465 714 nihi-

408 742 549 792 lum!
585 742 752 792 Aliter
782 740 926 789 enim
956 738 1189 803 judicant
1215 746 1464 786 extraneo

408 828 569 878 quam
589 810 901 873 domestic0‚
927 809 1079 858 aliter
1093 806 1287 858 minori
1300 820 1464 872 quam

409 885 615 949 majori,
645 883 796 936 aliter
822 897 915 947 per
942 896 1150 931 carnem
1179 880 1465 944 conjuncto

408 971 571 1022 quam
616 963 840 1016 remot0‚
874 952 1026 1002 aliter
1052 950 1271 1018 pauperi
1300 965 1465 1015 quam

408 1025 557 1076 diviti
573 1041 587 1087 ;
612 1025 754 1090 quod
771 1022 998 1072 omnino
1022 1032 1072 1072 et
1090 1019 1368 1070 manifeste
1386 1028 1467 1068 est

406 1106 589 1146 contra
613 1096 808 1161 Legem
835 1093 929 1143 Dei
958 1091 1223 1143 altissimi.
1250 1090 1465 1141 Nullam

407 1167 608 1232 quippe
642 1167 811 1231 legem
836 1164 1088 1229 scriptam
1122 1164 1177 1214 in
1217 1161 1468 1227 judican-

406 1238 476 1287 do
519 1237 829 1303 respiciunt,
879 1236 971 1286 sed
998 1234 1292 1285 secundum
1344 1232 1468 1282 affe-

405 1308 608 1360 ctiones
632 1309 807 1359 varias
827 1324 961 1374 quas
985 1307 1054 1357 ad
1084 1306 1318 1383 diyersas
1342 1319 1467 1381 per-

936 1383 1227 1425 sententias
1296 1387 1468 1422 varias

440 1447 700 1507 rofei-unt,
735 1447 991 1505 dicentes,
1040 1444 1117 1494 sic
1139 1445 1224 1494 vel
1249 1443 1330 1493 sic
1359 1443 1467 1491 mi-

448 1510 464 1560 i
492 1510 733 1573 videtur3
766 1525 861 1559 nec
893 1508 1110 1567 dicunt,
1147 1507 1223 1556 sic
1265 1506 1349 1556 vel
1390 1505 1468 1555 sic

406 1580 462 1630 in
507 1581 645 1647 Lege
704 1580 961 1644 scriptum
1005 1579 1246 1628 habetur.
1278 1577 1466 1636 Quan-

407 1662 458 1702 ta
522 1662 700 1702 autem
750 1651 888 1701 mala
930 1648 1192 1713 injustitia
1238 1648 1466 1707 inducit,

407 1732 547 1787 patet
591 1737 654 1770 ex
696 1720 854 1770 bonis
896 1735 1018 1785 quae
1063 1717 1268 1784 justitia
1311 1716 1466 1767 facit.

407 1795 484 1844 De
545 1793 747 1858 quibus
812 1792 1127 1858 Cyprianus
1177 1790 1254 1840 sic
1315 1789 1392 1838 ait
1450 1805 1465 1838 z

411 1881 439 1908 «
486 1861 702 1912 Justitia
749 1861 906 1927 regis,
959 1876 1061 1926 pax
1109 1860 1465 1925 populorum,

407 1941 648 1981 tutamen
720 1931 901 1996 patriae
923 1969 937 1991 ,
1002 1929 1182 1979 unitas
1259 1929 1466 1995 plebis,

409 2002 811 2053 munimentum
872 2001 1083 2069 gentiS,
1155 2018 1279 2052 cura
1349 2004 1467 2052 lan-

409 2090 658 2143 guorum,
700 2073 958 2140 gaudium
996 2073 1305 2134 hominum,
1339 2084 1469 2123 tem-

409 2145 582 2213 peries
655 2143 818 2194 maris
855 2183 869 2205 ,
948 2143 1085 2194 aeris
1160 2143 1418 2195 serenitas
1451 2183 1466 2205 ,

404 2226 554 2267 terrae
600 2214 923 2276 fecunditas,
967 2215 1217 2266 solatium
1265 2231 1468 2282 paupe-

406 2306 546 2351 rum,
593 2288 860 2340 hereditas
910 2288 1180 2349 filiorum,
1230 2299 1283 2338 et
1329 2288 1468 2339 sibi-

404 2361 618 2428 metipsi
643 2377 766 2427 spes
794 2361 988 2412 futurae
1024 2361 1367 2412 beatitudinis
1395 2379 1408 2411 z
1441 2381 1464 2406 »

403 2436 514 2487 haec
567 2434 902 2503 Cyprianus,
960 2435 1168 2484 Horum
1218 2434 1469 2484 omnium

406 2505 670 2566 contraria
719 2505 954 2556 timenda
1019 2515 1071 2554 et
1124 2505 1471 2571 exspectanda

360 2609 365 2619 ·
403 2590 526 2629 sunt
583 2578 653 2629 de
700 2577 995 2642 injustitia3
1048 2577 1176 2643 quia
1219 2578 1277 2627 in
1332 2579 1470 2644 Lege

402 2648 579 2700 Veteri
612 2657 665 2698 et
698 2647 1030 2714 Evangelica,
1061 2648 1256 2713 legitur
1292 2664 1470 2714 popu-

404 2719 487 2769 lus
533 2718 753 2784 punitus
791 2729 1007 2784 propter
1059 2720 1196 2768 mala
1256 2718 1470 2783 judicia.

406 2791 490 2852 Et,
542 2788 680 2839 heu!
753 2789 1016 2854 injustitia
1087 2799 1140 2840 et
1205 2789 1471 2840 malorum

406 2861 734 2911 consuetudo
775 2860 836 2910 in
863 2859 1050 2910 multis
1078 2859 1210 2910 locis
1249 2859 1305 2909 in
1346 2869 1471 2910 tan-

406 2940 523 2978 tum
579 2929 824 2990 excrevit,
871 2929 1017 2996 quod
1052 2929 1143 2978 vix
1190 2928 1470 2996 exstirpari

407 3000 590 3065 possit.
627 2999 778 3074 Unfle
813 3001 940 3066 quia
975 3000 1113 3049 mala
1140 3002 1471 3051 consuetudo

406 3073 574 3124 multa
590 3074 731 3122 mala
750 3072 977 3136 inducit3
1014 3073 1135 3123 ideo
1153 3073 1293 3138 apud
1324 3074 1471 3123 Lon-

404 3145 667 3211 gobardos
707 3146 1069 3196 communiter
1099 3146 1204 3196 dici
1235 3162 1470 3197 consue-

401 3217 497 3284 vit,
539 3217 684 3283 quod
732 3218 927 3269 melius
963 3228 1041 3268 est
1086 3218 1144 3268 in
1203 3217 1470 3269 civitatem

402 3289 582 3356 ignem
621 3305 836 3354 ponere,
877 3305 1041 3355 quam
1085 3291 1282 3340 malam
1338 3306 1471 3340 con-

402 3362 738 3413 suetudinem
782 3362 1060 3426 inducere;
1097 3363 1228 3429 quia
1265 3363 1332 3413 ad
1369 3379 1470 3414 ex-

400 3433 784 3498 stinguendum
808 3433 990 3498 ignem
1017 3449 1208 3484 omnes
1230 3446 1470 3497 currunt,

401 3504 467 3554 ad
496 3505 690 3554 malam
719 3519 843 3554 vero
877 3505 1314 3555 consuetudinem
1346 3521 1469 3556 am-

400 3574 670 3640 pliandam
738 3589 926 3625 omnes
993 3574 1299 3627 intendunt.
1363 3577 1466 3627 Sed

400 3645 610 3700 utinam
664 3656 1014 3712 sequerentur
1064 3647 1364 3698 doctrinam
1417 3660 1468 3700 et

402 3715 686 3768 eonsilium
714 3717 932 3768 Senecae
946 3754 966 3780 ‚
992 3716 1088 3783 qui
1129 3717 1208 3767 sic
1246 3718 1374 3768 dicit
1402 3719 1468 3769 de

402 3787 784 3838 consuetudine
823 3804 837 3838 :
883 3800 928 3835 α·
955 3788 1101 3838 Bona
1139 3790 1468 3839 consuetudo

405 3870 644 3911 excutere
662 3862 835 3923 debet,
859 3863 1007 3929 quod
1030 3864 1169 3913 mala
1189 3861 1419 3914 induxit.
1437 3882 1466 3910 n

419 3976 431 3985 .
457 3945 501 3994 ‚7
522 3931 960 3986 Raninouunrua
977 3934 1330 3994 Leuisaemn,
1343 3948 1471 3991 Quia

995 336 1249 387 PRIMAE
1276 331 1528 383 PARTIS
1556 330 1789 382 CAPUT
1822 329 2050 380 LXXVI.

1571 462 1671 498 8131
1690 460 2052 496 INDULGENTES
2072 459 2437 495 mPORTAmLIA
2456 458 2597 495 omi

1568 533 1708 567 Anus
1757 532 2119 566 rumunn-
2153 515 2301 566 Sicut
2334 530 2450 579 ergo
2476 513 2598 578 prius

1575 587 1887 645 Pharisaeos,
1937 586 2013 636 sic
2061 596 2114 636 et
2166 584 2507 651 Legisperitos
2533 585 2599 641 ‚de

1572 656 1758 707 multis
1790 672 1933 707 nunc
1960 654 2231 721 redarguit
2261 654 2523 705 Dominus.
2544 654 2599 704 Et

1572 727 1767 793 prim0,
1796 728 1863 776 de
1894 726 2245 776 immoderata
2270 723 2599 775 dominatione

1571 812 1623 850 et
1645 800 1944 851 inordinata
1966 799 2287 858 austeritate,
2314 796 2600 848 comminan-

1571 871 1640 921 do
1669 871 1765 931 εἰς,
1810 886 1908 932 voe,
1941 870 2326 930 damnationis,
2360 869 2480 935 quia
2504 869 2599 918 aliis

1571 961 1730 996 onera
1775 945 2134 1011 importabilia
2175 944 2533 1009 imponebant3
2560 951 2600 991 et

1573 1016 1675 1081 ipsi
1710 1031 1806 1065 nec
1827 1031 1940 1066 uno
1963 1015 2134 1081 digito
2165 1026 2380 1081 tangere
2405 1013 2600 1064 sarcinas

1572 1087 1841 1149 curabant,
1872 1086 1927 1135 id
1960 1096 2041 1136 est
2075 1086 2200 1136 aliis
2247 1085 2486 1151 imposita
2524 1098 2600 1133 nec

1573 1157 1632 1207 in
1668 1156 1911 1207 minimis
1941 1156 2315 1223 perficiebant3
2345 1156 2458 1206 aliis
2481 1164 2601 1205 erant

1573 1228 1760 1287 severi,
1790 1237 1841 1277 et
1860 1227 1964 1277 sibi
1992 1227 2156 1278 nimis
2182 1228 2400 1293 propitii
2420 1244 2434 1292 3
2451 1224 2627 1276 contra'

1571 1299 1655 1363 jus
1691 1300 1931 1349 naturale
1973 1299 2031 1348 in
2081 1299 2205 1349 aliis
2249 1298 2364 1349 fieri
2394 1297 2602 1348 volebant

1572 1368 1715 1433 quod
1746 1368 1851 1419 sibi
1874 1366 2152 1431 nolebant;
2188 1368 2427 1419 dicebant
2448 1376 2496 1416 et
2515 1380 2600 1415 non

1571 1437 1859 1501 faciebant3
1898 1439 2163 1489 docebant
2196 1439 2411 1505 grandia
2445 1448 2492 1486 et
2513 1450 2600 1485 non

1573 1508 1835 1560 faciebant
1876 1510 2103 1562 minora.
2132 1511 2227 1561 Isti
2271 1511 2467 1561 diversa
2486 1523 2599 1574 pon-

1572 1581 1697 1631 dera
1716 1581 2008 1645 habebant3
2032 1583 2189 1633 aliter
2213 1583 2357 1633 enim
2375 1581 2494 1632 facta
2509 1593 2600 1645 pm-

1574 1651 1706 1716 pria,
1746 1662 1798 1703 et
1838 1652 1991 1703 aliter
2035 1653 2215 1704 aliena
2260 1651 2597 1719 ponderabant.

1576 1724 1679 1773 Ubi
1708 1724 2031 1789 Theophilus
2057 1740 2070 1773 :
2091 1742 2121 1770 α
2144 1725 2367 1783 Quoties
2385 1722 2514 1773 enim
2528 1721 2601 1769 do-

1574 1803 1688 1843 ctor
1710 1793 1836 1844 facit
1858 1809 1978 1860 quae
1999 1794 2173 1856 docet,
2193 1795 2400 1845 alleviat
2418 1793 2596 1848 fascem,

1576 1867 1787 1916 tradens
1859 1866 1924 1915 ad
2000 1869 2311 1934 exemplum
2383 1863 2597 1929 seipsum.

1577 1937 1805 1995 Quando
1839 1952 1963 1987 vero
2003 1936 2081 1987 nil
2127 1939 2244 2004 agit
2290 1952 2464 1988 eorum
2499 1947 2596 2000 quae

1574 2010 1748 2070 docet,
1790 2020 1918 2061 tunc
1960 2026 2144 2076 graves
2184 2011 2349 2062 fasces
2389 2009 2597 2060 videntur

1575 2079 1654 2130 eis
1693 2081 1788 2146 qui
1831 2080 2125 2131 doctrinam
2180 2081 2492 2147 suscipiunt;
2522 2086 2596 2126 ut-

1576 2160 1698 2217 pote
1719 2166 1841 2218 quae
1871 2167 1967 2202 nec
1984 2167 2014 2201 a
2032 2152 2250 2203 doctore
2282 2159 2489 2218 possunt
2504 2161 2595 2215 por·

1575 2223 1694 2273 tari.
1737 2243 1765 2270 n
1809 2224 1906 2274 Per
1933 2223 2065 2273 istos
2102 2224 2385 2289 signantur
2413 2218 2594 2288 praelati‚

1574 2293 1694 2343 aliis
1737 2293 2076 2360 imponentes
2112 2294 2294 2359 gravia
2338 2304 2386 2343 et
2422 2302 2594 2356 magna.

1575 2377 1627 2416 et
1659 2382 1828 2432 pauca
1867 2366 2116 2417 facientes
2158 2377 2253 2417 aut
2284 2367 2440 2416 nulla.
2476 2361 2596 2414 Unde

1579 2439 1884 2504 Gregorius
1905 2441 2200 2507 Nysseuus
2228 2458 2244 2490 :
2273 2457 2302 2487 «ι
2331 2440 2475 2488 Tales
2494 2442 2596 2485 sunt

1577 2511 1739 2559 modo
1773 2509 1929 2559 multi
1965 2509 2170 2575 judices
2206 2509 2373 2561 severi
2412 2520 2596 2574 peccan-

1578 2581 1715 2632 tium
1744 2593 1796 2633 et
1821 2582 2026 2644 debiles
2053 2582 2338 2648 agonistae3
2379 2580 2594 2630 intolera-

1579 2652 1713 2702 biles
1737 2652 2066 2717 legislatores
2095 2662 2147 2702 et
2170 2653 2372 2704 debiles
2397 2648 2596 2717 portito-

1578 2737 1689 2787 res3
1712 2737 1807 2772 nec
1827 2722 2259 2789 appropinquare
2284 2724 2502 2774 volentes
2521 2730 2596 2767 nec

1579 2793 1790 2859 palpare
1812 2793 1937 2844 vitae
1980 2793 2332 2854 honestatem,
2361 2806 2507 2858 quam
2531 2788 2595 2837 ir·

1578 2863 1991 2914 remediabiliter
2013 2865 2238 2931 exigunt
2252 2881 2286 2915 a
2313 2861 2553 2928 subjectis·
2570 2874 2594 2903 ι

1639 2936 1675 2987 8
1702 2936 2143 2988 annouunrun
2190 2953 2348 2988 nrum
2393 2944 2594 2984 pnoprsn

1577 3022 1877 3057 smum-rm
1905 3022 2238 3057 nnvorronnu
2259 3023 2324 3057 m·
2344 3012 2596 3055 PERVERSAS

1579 3078 1635 3129 S.
1657 3078 1966 3127 Summum
1990 3093 2372 3129 sxaosrrronns.
2393 3103 2448 3113 —
2467 3069 2596 3122 Dein·

1577 3148 1644 3198 de
1670 3148 1939 3214 redarguit
1965 3148 2337 3214 Legisperitos,
2372 3144 2595 3196 condem-

1578 3221 1756 3270 nando
1800 3236 1893 3271 eos
1940 3222 2009 3272 de
2054 3221 2305 3273 simulata
2332 3215 2594 3270 devotione,

1576 3301 1627 3342 et
1654 3289 1786 3341 falsa
1824 3292 2097 3358 religione,
2131 3292 2259 3358 quia
2286 3292 2356 3342 ob
2393 3288 2593 3338 favorem

1574 3361 1721 3427 vulgi
1780 3363 2099 3427 captandum
2180 3361 2489 3414 simulabant
2545 3364 2593 3402 se

1575 3432 1793 3484 horrere
1824 3444 1876 3484 et
1924 3434 2276 3483 condemnare
2302 3441 2409 3482 acta
2432 3437 2479 3477 et
2500 3436 2592 3489 pec*

1574 3515 1687 3556 cata
1720 3520 1781 3556 ac
1828 3504 2106 3571 perfidiam
2149 3515 2356 3571 patrum
2381 3508 2591 3552 suorum,

1573 3586 1904 3630 mnumenta
1954 3579 2339 3646 Prophetarum
2376 3585 2494 3640 quos
2516 3580 2591 3618 oc·

1574 3650 1813 3701 ciderunt
1854 3656 2061 3716 patreS,
2097 3664 2283 3700 eorum
2318 3661 2405 3712 per
2442 3643 2589 3715 hypq‘

1572 3718 1756 3770 crisim
1812 3729 1864 3770 et
1903 3735 2013 3770 non
2060 3734 2125 3770 ex
2167 3720 2371 3786 pietate,
2408 3723 2587 3788 περὶ·

1572 3789 1670 3840 fice
1698 3788 2006 3842 aedificando
2041 3799 2095 3841 et
2117 3789 2350 3842 ornando
2380 3795 2514 3849 quasi
2533 3775 2589 3824 de

1575 3869 1746 3910 morte
1832 3858 2178 3912 innocentum
2244 3855 2588 3921 Prophetarum

1573 3931 1811 3986 dolentes
1837 3940 1891 3981 et
1905 3930 2136 3983 dicentes
2153 3928 2295 3998 quod
2321 3927 2364 3978 si
2390 3921 2586 3975 fuissent
