2757 4413
372 308 469 358 DE
501 305 926 359 HYDROPICO
955 306 1051 358 ET
1081 306 1648 358 EXHORTATIONE
1681 307 1777 358 AD
1810 308 2332 360 HUMILITATEM.
2368 308 2469 375 725

1013 687 1351 758 CAPUT
1401 687 1664 801 LXXX

471 937 582 1004 De
609 933 988 1030 hydropico
1028 943 1095 1003 et
1136 916 1623 1004 exhortatione
1657 935 1753 1002 ad
1785 934 2250 1006 humilitatem

1004 1057 1074 1118 et
1113 1047 1709 1118 misericordiam.

1086 1296 1276 1360 Lucae
1318 1316 1452 1380 cap.
1510 1318 1608 1380 14.

289 1555 312 1588 1
378 1537 629 1596 QUAEsrro
686 1536 907 1585 Culus-n
964 1550 1030 1584 An
1090 1535 1290 1585 Prum-

211 1625 388 1668 SAEOS,
438 1625 504 1658 AN
555 1623 741 1658 mcum
771 1623 999 1657 sanna-ro
1042 1605 1290 1656 cunum?

210 1707 279 1717 —
316 1678 527 1728 Deinde
571 1677 680 1726 ibat
717 1678 872 1727 Jesus
917 1693 1011 1742 per
1054 1676 1291 1727 civitates

209 1760 267 1801 et
313 1750 560 1809 castella,
602 1748 798 1797 docens
838 1756 889 1797 et
927 1747 1292 1798 indifferenter

207 1819 541 1886 praedicanS‚
577 1834 684 1868 non
718 1833 971 1883 personas
1004 1818 1287 1884 accipiens.

209 1891 304 1941 Et
352 1889 566 1954 sactum
620 1895 728 1953 est,
778 1896 834 1939 ut
884 1890 1008 1940 dum
1063 1890 1291 1940 intraret

209 1963 442 2013 domum
475 1962 748 2028 cujusdam
775 1962 1045 2028 principis
1085 1963 1291 2013 Phari-

211 2046 466 2083 soeorum
497 2033 717 2083 sabbato
752 2034 1074 2084 manducare
1092 2047 1288 2099 panem

212 2103 579 2166 necessitatis,
619 2120 730 2154 non
766 2105 1000 2166 delicias,
1031 2120 1143 2154 non
1178 2105 1288 2155 fer-

210 2176 359 2226 cula
442 2176 744 2242 voluptatis,
819 2175 1053 2227 Nomine
1141 2176 1286 2227 enirn

209 2247 410 2315 paniS‚
441 2248 563 2300 vitae
597 2249 911 2311 necessaria,
942 2250 1171 2301 exclusis
1204 2266 1288 2301 su-

204 2318 468 2386 perfluiS,
514 2321 885 2386 designantur;
926 2321 1103 2388 parvis
1134 2322 1287 2389 quip-

204 2408 284 2459 pe
353 2402 464 2441 erat
508 2403 818 2455 contentuS,
872 2410 970 2445 nec
1027 2395 1284 2461 receptori

201 2478 505 2516 onerosus.
546 2466 970 2531 Supponendum
1017 2476 1097 2517 est
1140 2468 1284 2533 quod

205 2536 506 2587 intraverit
557 2537 623 2586 ab
682 2552 745 2586 eo
800 2536 1053 2588 invitatus
1082 2576 1097 2598 ,
1159 2538 1286 2604 quia

201 2605 491 2657 Dominus
546 2623 654 2657 non
687 2607 833 2658 venit
872 2608 937 2658 ad
977 2609 1285 2660 convivium

203 2678 616 2730 Pharisaeorum
635 2718 648 2740 ,
716 2679 820 2729 nisi
886 2690 1137 2746 rogatus3
1190 2682 1285 2748 qui

200 2750 518 2800 invitabant
562 2766 705 2810 eum,
745 2765 855 2801 non
898 2766 962 2801 ex
1003 2752 1287 2814 devotione

199 2822 312 2873 sed
349 2821 625 2873 malitiose.
650 2823 732 2872 Ad
769 2822 1077 2873 convivium
1105 2834 1284 2875 autem

197 2892 630 2959 publicanorum
672 2896 910 2954 accessit,
969 2895 1132 2944 etiam
1174 2911 1285 2946 non

200 2973 457 3031 rogatus.
520 2966 773 3017 Pharisaei
845 2965 994 3016 enirn
1057 2981 1116 3017 se
1196 2968 1285 3033 ju-

196 3048 332 3087 stos
360 3046 411 3097 et
426 3052 583 3086 sanos
606 3036 937 3102 reputabant,
962 3051 1060 3086 nec
1075 3037 1286 3087 medico

197 3124 403 3175 egere3
450 3109 541 3159 sed
582 3107 852 3175 publicani
894 3122 952 3158 se
986 3118 1285 3174 peccatores

200 3191 263 3231 et
317 3178 563 3229 infirmos
608 3179 1014 3239 confitebantur,
1070 3189 1124 3230 et
1164 3196 1284 3232 me-

198 3252 342 3312 dico
382 3250 636 3317 indigere.
687 3250 807 3301 Ideo
852 3249 1004 3310 istoS,
1045 3259 1109 3301 ut
1152 3251 1283 3302 illu-

200 3322 411 3381 minet,
436 3331 795 3387 praeoccupat3
829 3320 952 3370 illos
981 3331 1160 3372 autern
1190 3338 1282 3372 ro-

197 3403 391 3461 gatus,
430 3402 489 3443 ut
532 3409 589 3443 se
642 3392 962 3452 humilient,
996 3403 1281 3458 exspectat.

196 3466 292 3517 Et
324 3464 432 3531 ipsi
470 3466 826 3516 observabant
864 3480 989 3515 eum
1018 3464 1285 3516 insidian-

200 3538 306 3596 do,
336 3547 396 3587 ut
442 3537 525 3587 vel
567 3537 625 3586 in
669 3538 782 3602 ejus
829 3535 982 3586 factis
1040 3536 1285 3587 viderent

199 3607 423 3672 aliquid
447 3609 592 3659 unde
637 3624 762 3658 eum
809 3607 1197 3672 reprehenssre
1232 3618 1285 3660 et

203 3694 461 3729 accusare
499 3680 817 3745 potuissent.
861 3677 1054 3744 Magna
1079 3678 1285 3730 malitia

203 3765 424 3810 eorum,
452 3751 570 3817 qui,
592 3767 717 3801 eum
759 3750 1055 3817 pascebant,
1085 3759 1138 3801 et
1177 3750 1283 3801 sibi

205 3820 443 3872 insidias
480 3823 768 3888 parabant;
795 3835 918 3873 cum
942 3833 1005 3869 eo
1034 3823 1286 3873 comede-

1401 1532 1549 1592 bant,
1587 1541 1638 1582 et
1671 1532 1851 1598 ipsum
1889 1535 2132 1586 mordere
2184 1532 2466 1591 volebant!

1399 1605 1477 1655 Et
1505 1618 1622 1654 ecce
1656 1604 1810 1655 homo
1867 1606 2084 1672 quidam
2134 1608 2469 1676 hydropicus

1399 1684 1519 1728 erat
1543 1683 1667 1728 ante
1693 1677 1859 1742 illum,
1896 1694 2112 1745 sperans
2139 1681 2204 1732 de
2232 1681 2466 1734 infirmi-

1399 1759 1505 1799 tate
1551 1764 1645 1799 sua
1682 1749 1999 1800 remedium.
2039 1751 2117 1800 Et
2144 1753 2469 1819 respondens

1397 1821 1558 1870 Jesus
1587 1835 1696 1869 non
1723 1819 1788 1870 ad
1820 1821 1997 1881 verba,
2027 1822 2155 1889 quia
2187 1823 2291 1874 sibi
2328 1840 2470 1891 quae-

1398 1891 1504 1941 stio
1551 1908 1662 1941 non
1695 1894 2109 1958 proponebatur,
2161 1897 2254 1946 sed
2287 1897 2352 1946 ad
2387 1914 2467 1948 co-

1398 1961 1681 2028 gitationes
1717 1962 2118 2014 Pharisaeorutn
2176 1976 2229 2016 et
2273 1967 2465 2034 Legis-

1397 2035 1692 2099 peritorum
1716 2073 1729 2096 ,
1802 2037 2066 2101 quoniam
2154 2040 2466 2104 cogitabant

1397 2109 1725 2158 curationem
1777 2109 1834 2158 in
1884 2110 2107 2160 sabbato
2151 2126 2267 2162 esse
2300 2113 2463 2164 illici-

1396 2188 1536 2243 tam;
1573 2180 1630 2230 in
1660 2196 1770 2247 quo
1796 2181 1894 2231 Dei
1924 2180 2242 2247 sapientiam
2279 2199 2335 2235 se
2359 2184 2460 2236 ha-

1397 2253 1522 2302 bere
1562 2254 1911 2314 monstrabat,
1951 2254 2044 2319 qui
2088 2256 2245 2305 corda
2273 2257 2460 2307 homi-

1398 2338 1529 2373 num
1579 2322 1868 2383 intellexit,
1913 2323 2061 2373 dixit
2109 2325 2184 2373 ad
2229 2339 2362 2376 eos:
2396 2328 2464 2377 Si

1396 2395 1518 2446 licet
1536 2394 1757 2444 sabbato
1776 2393 2015 2444 curare?
2041 2394 2129 2445 Sic
2152 2395 2459 2462 interrogat,

1395 2476 1454 2517 ut
1483 2481 1547 2516 ex
1570 2464 1730 2515 dictis
1757 2465 1989 2531 propriis
2020 2481 2112 2516 eos
2140 2465 2398 2520 confutet.

1458 2552 1488 2586 2
1512 2537 1642 2586 IPSIS
1661 2551 2003 2596 uersu-rinus,
2021 2553 2360 2587 armonem(
2381 2554 2463 2589 sa-

1394 2622 1517 2657 mr.
1538 2634 1600 2644 —
1621 2608 1695 2656 At
1717 2606 1800 2656 illi
1819 2612 2112 2657 tacuerunt.
2145 2607 2248 2658 Ubi
2270 2608 2425 2658 Beda
2441 2624 2458 2659 :

1397 2698 1425 2726 «
1453 2680 1554 2729 Sed
1569 2678 1762 2729 merito
1781 2678 2091 2745 interrogati
2121 2689 2314 2740 tacent,
2332 2680 2462 2746 quia

1395 2762 1577 2802 contra
1628 2768 1685 2802 se
1725 2752 1948 2812 dictum,
1990 2751 2256 2817 quidquid
2303 2752 2460 2803 dixe-

1395 2822 1519 2883 rint,
1547 2822 1748 2872 vident.
1795 2822 1931 2871 Nam
1974 2820 2018 2871 si
2070 2821 2193 2871 licet
2237 2822 2459 2873 sabbato

1394 2909 1576 2944 curare
1595 2933 1610 2954 ,
1641 2908 1806 2959 quare
1842 2893 2166 2943 Salvatorern
2200 2908 2267 2943 an
2312 2904 2461 2945 curet

1394 2962 1706 3015 observant?
1742 2963 1798 3013 Si
1834 2979 1946 3013 non
1974 2963 2124 3024 licet,
2151 2979 2321 3029 quare
2352 2964 2458 3031 ipsi

1393 3037 1611 3086 sabbato
1633 3050 1820 3101 pecora
1844 3034 2063 3085 curant?
2082 3035 2356 3087 Tacebant
2383 3052 2458 3087 er-

1393 3123 1480 3172 g0,
1518 3106 1648 3171 quia
1676 3104 1984 3155 nesciebant
2012 3104 2142 3170 quid
2164 3105 2338 3157 dicere
2357 3106 2455 3156 de-

1392 3176 1819 3227 buissent.»1ste
1864 3173 2192 3241 hydropicus
2225 3192 2335 3226 non
2370 3191 2454 3241 pe-

1390 3249 1533 3299 tebat
1559 3246 1861 3306 sanitatem,
1889 3245 2019 3312 quia
2042 3245 2330 3297 infirmitas
2352 3261 2450 3311 pro

1391 3336 1454 3371 eo
1483 3319 1829 3385 loquebatur;
1864 3319 1966 3378 vel,
1998 3327 2215 3384 propter
2236 3317 2449 3368 Judaeo-

1390 3407 1512 3442 rum
1544 3388 1899 3456 praesentiam,
1952 3406 2061 3439 non
2117 3389 2348 3439 audebat
2392 3388 2451 3438 in

1390 3462 1611 3513 sabbato
1624 3470 1800 3525 petere
1823 3459 2173 3511 curationem.
2186 3459 2311 3523 Ipse
2327 3470 2452 3508 vero

1389 3531 1775 3600 apprehensum·
1795 3530 2012 3581 sanavit
2031 3543 2147 3579 eum
2168 3525 2454 3593 tangendo,

1391 3620 1461 3657 ac
1498 3604 1704 3655 dimisit
1747 3603 1915 3653 libere
1951 3602 2065 3652 sine
2100 3600 2298 3665 pretio;
2327 3597 2456 3664 quia

1393 3692 1487 3743 per
1538 3673 1945 3741 impositionem
2001 3686 2193 3722 manus
2273 3670 2454 3734 ipsum

1392 3748 1612 3809 curavit,
1642 3757 1695 3798 et
1724 3755 1903 3813 postea
1947 3759 2170 3796 manum
2217 3741 2453 3793 retraxit.

1391 3819 1597 3887 Tetigit
1626 3834 1771 3879 eum,
1807 3833 1915 3868 non
1950 3830 2109 3867 causa
2163 3812 2454 3864 necessita-
