2757 4413
226 296 333 364 456

229 415 406 467 somni
426 416 642 477 diceret,
672 429 724 469 et
742 434 859 469 eam
885 433 1001 468 esse
1026 425 1296 467 mortuam

230 488 474 538 nesciret.
531 489 667 539 Ecce
717 489 987 540 deridetur
1032 489 1091 538 in
1135 486 1298 537 curiis

231 559 561 625 principum,
617 576 714 610 nec
760 561 937 627 arguit
1001 575 1124 620 eos,
1171 558 1299 624 quia

231 641 435 698 quanto
481 632 651 697 major
703 632 806 683 fuit
859 632 1087 692 derisi0,
1149 640 1298 680 tanto

232 712 413 767 postea
439 703 609 765 major
626 701 842 752 virtutis
865 701 1168 753 ostentatio.
1192 701 1298 752 Ubi

232 773 603 839 Hieronymus
627 792 644 824 .-
692 793 719 820 «
767 775 889 824 Non
939 785 1116 824 autem
1154 782 1301 823 erant

232 842 402 908 digni,
433 853 493 894 ut
515 843 759 894 viderent
783 845 1102 911 mysterium
1131 858 1302 895 resur·

232 912 425 977 gentiS,
475 913 568 979 qui
607 915 1015 965 resuscitantem
1062 913 1301 979 indignis

233 986 576 1036 contumeliis
608 986 922 1038 irridebant.
964 1008 990 1035 »
1043 987 1301 1048 Quamvis

231 1069 407 1109 autem
439 1060 706 1110 Dominus
735 1061 1075 1112 deridebatur
1102 1061 1169 1111 ab
1203 1060 1298 1120 εἰς,

230 1145 339 1180 non
374 1130 573 1181 tamen*
599 1132 805 1182 destitit
831 1134 897 1183 ab
942 1133 1192 1199 incoepto,
1239 1132 1299 1182 In

232 1216 343 1266 quo
398 1201 932 1269 instruuntunboni,
982 1204 1127 1269 quod
1177 1219 1300 1254 cum

232 1270 545 1322 deridentur
586 1289 618 1323 a
657 1273 835 1334 malis,
885 1291 995 1324 non
1047 1274 1170 1324 ideo
1216 1275 1304 1323 de-

233 1339 362 1390 bent
391 1342 644 1393 desistere
673 1360 702 1394 a
728 1346 872 1395 bono
899 1345 1173 1395 inchoato·

295 1428 328 1479 9
362 1412 566 1463 Damna
592 1431 767 1465 cotum
795 1432 987 1466 ‘munus
1011 1429 1302 1465 mscxpums

232 1497 449 1533 TANTUM
497 1500 746 1535 PUELLAM
800 1502 1068 1537 susem-ar.
1129 1514 1190 1523 —
1236 1486 1302 1536 Et

233 1569 357 1605 cum
409 1555 647 1620 ejecisset
694 1558 927 1621 turbam,
980 1557 1181 1607 scilicet
1221 1556 1301 1606 la-

233 1626 612 1688 mentantium,
657 1639 709 1678 et
751 1628 1218 1688 tumultuantium,
1250 1636 1302 1677 et

234 1694 615 1757 deridentium,
660 1698 756 1764 qui
806 1710 1026 1765 propter
1062 1698 1304 1749 incredu-

233 1765 438 1817 litatem
500 1777 552 1818 et
617 1769 946 1821 derisionem
996 1787 1106 1820 non
1152 1779 1303 1820 erant

233 1836 384 1903 digni
401 1837 579 1890 videre
594 1840 932 1901 miraculum,
948 1840 1166 1891 intravit
1179 1856 1302 1890 cum

235 1920 383 1974 patne
410 1921 461 1960 et
498 1922 666 1962 matre
694 1913 908 1978 puell-ae,
934 1927 1072 1979 quos
1114 1911 1172 1963 in
1199 1911 1304 1963 fide

234 1980 533 2034 confortare
573 1995 723 2035 tanto
763 1986 1020 2037 miraculo
1058 1986 1306 2051 dispone-

235 2055 343 2120 bat,
389 2071 448 2106 ac
496 2059 670 2119 Petr0,
715 2060 930 2118 Jacob0‚
982 2071 1037 2110 et
1079 2061 1301 2124 Joanne,

235 2141 373 2192 quos
404 2128 704 2193 specialiter
723 2131 919 2181 instrui
941 2131 1168 2182 volebat.
1190 2131 1304 2181 Hos

235 2197 384 2247 enim
417 2199 662 2266 quinque
693 2202 865 2253 voluit
905 2202 1103 2254 habere
1144 2213 1304 2254 testes

235 2267 503 2330 miraculi,
546 2281 605 2320 ut
635 2272 692 2322 in
726 2289 818 2323 ore
855 2274 1088 2325 duorum
1119 2289 1304 2340 paren·

234 2348 372 2403 tum,
399 2341 482 2390 vel
512 2342 681 2393 trium
709 2344 1113 2410 Apostolorum,
1144 2353 1305 2394 staret

236 2424 398 2462 omne
438 2415 682 2467 verbum.
713 2418 772 2466 In
817 2417 918 2467 hoc
958 2418 1119 2468 etiam
1165 2417 1304 2468 facto

237 2482 472 2535 ostendit
513 2486 671 2537 nobis
710 2488 993 2551 Dominus,
1023 2488 1150 2556 quia
1184 2488 1303 2538 bla-

237 2553 482 2620 sphemis
543 2568 595 2608 et
652 2558 966 2611 irrisoribus
1017 2577 1126 2610 non
1181 2568 1305 2609 sunt

234 2624 521 2677 revelanda
569 2630 861 2695 mysteria,'
899 2632 991 2682 sed
1055 2629 1304 2680 fidelibus

238 2692 331 2812 gai
395 2695 665 2749 honorant
727 2715 804 2751 ea.
879 2702 962 2761 Et,
1010 2698 1304 2749 secundum

287 2762 705 2833 hrysostomum,
750 2769 805 2819 in
840 2771 942 2820 hoc
977 2768 1122 2836 quod
1150 2767 1307 2818 turba

243 2833 470 2900 eiicitur,
510 2850 563 2889 et
611 2840 860 2908 discipuli
901 2843 1078 2892 solum
1113 2841 1168 2891 in
1206 2841 1306 2889 do-

237 2921 392 2955 mum
422 2906 642 2971 intrant,
686 2922 739 2961 et
778 2928 951 2979 neque
991 2912 1049 2962 hi
1096 2926 1304 2969 omneS,

237 2975 417 3026 erudit
447 2994 546 3029 nos
581 2982 808 3046 gloriam
845 2998 968 3049 quae
1002 2992 1081 3031 est
1112 2997 1142 3031 a
1175 2981 1310 3031 mul-

234 3045 327 3106 tis,
375 3048 586 3101 evitare.
632 3045 786 3102 Unde
832 3064 884 3103 et
941 3051 1305 3117 Theophilus:

241 3135 267 3161 α
328 3118 595 3170 Mortuum
654 3124 920 3173 suscitans
977 3122 1127 3187 ejecit
1180 3137 1305 3171 om-

240 3200 356 3247 neS,
384 3190 535 3255 quasi
568 3206 668 3240 nos
696 3193 896 3243 docens
924 3193 1129 3258 absque
1156 3190 1304 3241 inani

235 3260 410 3325 gloria
443 3277 576 3327 esse,
617 3274 669 3314 et
696 3265 834 3315 nihil
870 3267 934 3319 ad
964 3267 1305 3316 demonstra-

236 3332 444 3383 tionem
494 3334 695 3400 facere3
733 3355 844 3389 non
893 3339 1040 3389 enim
1083 3337 1307 3388 humilis

236 3405 487 3458 Christus
533 3411 598 3459 ad
637 3412 1048 3462 ostentationem
1097 3411 1308 3462 volebat

237 3478 449 3546 aliquid
471 3485 699 3549 operari.
727 3504 760 3546 ,n
804 3485 1084 3536 Praedictos
1124 3494 1303 3535 autem

239 3559 348 3601 tres
374 3553 667 3623 discipulos
690 3566 899 3607 tantum
931 3556 1177 3623 permisit
1206 3556 1306 3606 Do·

240 3622 428 3675 minus
452 3625 710 3679 interesse
744 3643 856 3678 suae
878 3626 1305 3694 transfiguratio-

243 3691 322 3753 ni,
365 3694 495 3747 item
543 3699 731 3765 agonis
762 3699 847 3749 sui
877 3697 1128 3762 orationi,
1175 3697 1303 3748 item

243 3766 370 3816 huic
389 3771 719 3822 suscitationi
739 3790 752 3822 :
777 3772 971 3839 prim0,
995 3781 1210 3837 propter
1225 3786 1306 3821 eo·

198 3861 207 3869 ·
243 3853 367 3889 rum
405 3842 759 3909 dignitatem3
790 3843 1044 3904 secundo,
1091 3851 1306 3909 propter

242 3911 561 3978 signandam
591 3914 874 3966 Trinitatis
904 3912 1100 3979 fidem;
1126 3913 1302 3976 tertie,

862 298 1098 350 PRIMAE
1131 295 1380 347 PARTIS
1412 292 1651 347 CAPUT
1674 294 1859 347 XLIX.

1403 423 1621 481 propter
1648 413 1866 466 testium
1894 430 2180 466 numerum
2207 415 2478 468 sufficien-

1404 497 1547 550 tem3
1599 496 1805 553 quarm,
1842 497 2056 553 propter
2095 487 2345 537 omnium
2376 496 2477 539 sta-

1405 569 1564 609 tuum
1621 559 1865 610 Ecclesiae
1922 558 2366 625 significationem
2422 569 2478 612 et

1406 630 1955 681 commendationem:
1979 646 2073 695 per
2095 631 2309 681 Petrum
2324 630 2478 682 enim

1407 700 1502 766 qui
1545 716 1770 751 uxorem
1843 700 2050 760 habuit,
2100 699 2480 766 significantur

1406 772 1708 838 conjugati;
1752 789 1846 839 per
1885 774 2145 823 Joannem
2192 773 2287 839 qui
2321 773 2479 840 virgo

1408 844 1548 909 fuit,
1599 844 1872 912 virgines3
1925 861 2018 911 per
2071 845 2325 896 Jacobum
2378 843 2478 912 qui

1409 917 1648 966 nescitur
1685 917 1836 983 virgo
1882 915 2067 976 fuisse,
2117 917 2201 966 vel
2249 930 2477 967 uxorem

1407 987 1682 1051 habuisse,
1739 987 1968 1038 vidualis
2024 997 2214 1037 status.
2262 988 2480 1037 Patrem

1408 1059 1587 1108 autem
1639 1068 1691 1108 et
1733 1068 1957 1109 matrem
1995 1059 2184 1124 puellae
2230 1057 2483 1124 permisit

1409 1128 1624 1189 intrare,
1664 1140 1881 1195 propter
1915 1145 2102 1180 eorum
2144 1128 2481 1179 testificatio-

1410 1215 1553 1252 nem.
1585 1202 1665 1251 Et
1688 1208 1867 1252 tenens
1907 1218 2119 1253 manum
2140 1201 2363 1268 puellae,
2396 1201 2482 1259 ait

1407 1270 1493 1321 illi
1521 1289 1540 1321 .-
1576 1271 1799 1321 Talitha
1826 1273 1983 1334 cumi,
2016 1273 2161 1339 quod
2190 1281 2271 1323 est
2305 1271 2481 1322 inter-

1407 1350 1672 1408 pretatum
1697 1358 1711 1391 ι
1745 1342 1957 1406 Puella,
1992 1343 2089 1392 tibi
2110 1343 2248 1407 dico,
2277 1353 2473 1408 surge.

1412 1413 1508 1462 Per
1534 1422 1736 1463 tactum
1781 1422 1832 1463 et
1864 1428 2048 1463 vocem
2090 1429 2201 1463 eam
2242 1412 2479 1479 curabat,

1408 1495 1469 1534 ut
1497 1485 1798 1535 ostenderet
1826 1485 1971 1550 quod
2001 1485 2310 1535 humanitas
2338 1493 2483 1534 esset

1409 1555 1830 1605 instrumentum
1876 1554 2173 1605 divinitatis
2221 1553 2482 1623 miracula

1409 1625 1669 1677 facientis
1723 1627 1895 1686 Unde,
1937 1628 2234 1677 secundum
2287 1627 2479 1694 Chry-

1410 1704 1718 1761 sostomum,
1756 1713 1950 1751 manus
1992 1699 2118 1748 Jesu
2158 1697 2483 1752 vivificativa

1411 1769 1647 1820 existens
1676 1781 1951 1831 mortuum
1986 1786 2179 1837 corpus
2210 1768 2478 1834 vivificat;

1409 1856 1511 1891 vox
1567 1851 1744 1892 autem
1799 1842 2060 1908 jacentem
2125 1841 2335 1892 excitat.
2400 1838 2485 1891 Et

1410 1912 1690 1980 confestim
1737 1914 1983 1963 surrexit
2016 1914 2222 1980 puella,
2266 1919 2318 1962 et
2354 1927 2480 1961 am-

1412 1983 1628 2034 bulabat
1677 2002 1695 2035 .-
1755 1985 1881 2052 quia
1932 1987 2080 2035 nulla
2142 2000 2293 2036 mora
2341 1983 2483 2034 inter

1409 2053 1635 2104 verbum
1682 2056 1796 2120 ejus
1847 2064 1899 2107 et
1951 2054 2147 2106 factum
2195 2063 2319 2105 erat.
2371 2052 2481 2104 Ubi

1413 2122 1836 2191 Chrysostomus
1873 2141 1891 2177 .·
1938 2144 1966 2172 «
2016 2127 2074 2176 In
2117 2123 2483 2176 ambulatione

1410 2194 1524 2259 ejus
1567 2211 1675 2245 non
1724 2195 1902 2246 solum
1953 2196 2241 2260 suscitata,
2294 2194 2386 2245 sed
2428 2205 2484 2247 et

1409 2263 1642 2330 perfecte
1707 2277 1892 2317 sanata
1953 2264 2272 2318 ostenditur.
2319 2285 2347 2313 n
2400 2263 2483 2320 Et

1394 2335 1576 2402 jussit
1611 2336 1696 2386 illi
1736 2337 1869 2386 dare
1908 2338 2248 2399 manducare,
2291 2336 2356 2386 ad
2394 2336 2483 2385 de-

1410 2406 1823 2457 monstrandum
1848 2409 1992 2473 quod
2022 2424 2139 2459 eam
2167 2421 2298 2457 vere
2316 2404 2483 2456 susci-

1410 2480 1556 2540 tavit,
1588 2488 1641 2530 et
1670 2496 1779 2530 non
1809 2490 1870 2529 ut
1896 2480 2136 2531 videatur
2160 2480 2480 2547 phantasma

1409 2563 1544 2610 esse,
1570 2551 1716 2616 quod
1747 2549 1945 2600 factum
1989 2562 2086 2602 est.

1479 2636 1542 2670 10
1578 2622 1719 2680 Qun>
1746 2637 1799 2672 11«
1833 2639 1993 2673 sensu
2017 2639 2240 2675 araneo
2268 2638 2480 2676 ruant-A

1409 2706 1647 2752 πωπω,
1700 2708 1974 2754 mammas,
2034 2710 2209 2744 ronna
2260 2709 2478 2746 ‘rvm-

1410 2777 1599 2824 τσΑΝε,
1629 2780 1997 2825 mscummouss
2033 2782 2198 2817 Husus
2225 2780 2479 2817 mancum

1411 2851 1603 2898 resrsss
1624 2835 1646 2885 ?
1669 2866 1729 2875 —-
1759 2837 2001 2905 Mystice,
2024 2839 2208 2903 puella
2230 2839 2283 2888 in
2320 2838 2477 2889 domo

1410 2914 1621 2959 mortua
1647 2910 1738 2960 'est
1769 2909 1948 2960 anima
1990 2921 2201 2961 mortua
2241 2924 2336 2977 per
2363 2924 2479 2976 pec·

1411 2992 1590 3032 catum
1642 2983 1699 3033 in
1740 2985 2075 3051 cogitatione.
2115 2985 2258 3035 Dicit
2298 2994 2478 3035 autem

1410 3054 1698 3114 Dominus,
1722 3056 1872 3122 quod
1901 3056 2077 3121 puella
2109 3056 2328 3115 dormit,
2350 3054 2480 3121 quia

1411 3125 1505 3191 qui
1543 3136 1766 3190 peccant
1793 3125 1850 3175 in
1881 3126 2149 3191 praesenti‚
2180 3125 2355 3175 adhuc
2385 3141 2480 3190 per

1412 3194 1786 3261 poenitentiam
1867 3195 2166 3246 resuscitari
2233 3205 2476 3262 possunt.

1418 3267 1689 3318 Tibicines
1730 3279 1857 3318 sunt
1895 3270 2165 3319 daemones
2198 3283 2478 3335 suggeren·

1409 3348 1512 3402 tes,
1562 3339 1647 3389 vel
1702 3339 1954 3391 homines
2010 3338 2327 3403 adulatores,
2382 3338 2476 3405 qui

1409 3409 1592 3460 fovent
1624 3420 1892 3461 mortuam
1939 3419 1991 3459 et
2018 3419 2198 3460 tenent
2240 3410 2329 3460 hic
2370 3424 2480 3460 cor-

1411 3498 1513 3550 pus
1550 3481 1608 3532 in
1656 3483 1831 3534 carnis
1876 3482 2088 3532 lascivia
2134 3492 2186 3533 et
2234 3481 2476 3543 solatiis,

1409 3570 1531 3623 quae
1550 3554 1779 3605 faciliter
1805 3555 2158 3606 terminantur
2186 3555 2252 3606 ad
2274 3555 2478 3606 luctum

1410 3625 1606 3677 inferni
1644 3634 1696 3675 et
1727 3625 2091 3676 desolationiS.
2135 3625 2240 3676 Sed
2283 3638 2383 3673 nos
2410 3623 2476 3675 ad

1411 3698 1638 3765 patriam
1682 3699 1974 3759 tendenteS,
2011 3697 2315 3750 mortiferos
2352 3695 2479 3748 sire·

1410 3786 1600 3821 narum
1660 3781 1846 3823 cantus
1882 3772 2042 3821 surda
2081 3786 2206 3821 aure
2250 3777 2474 3834 praeter-

1410 3857 1613 3893 eamus,
1633 3841 1787 3893 Unde
1825 3843 2043 3909 Ulysses
2070 3840 2194 3891 fecit
2228 3855 2285 3890 se
2316 3839 2472 3906 ligari

1412 3913 1469 3965 in
1495 3914 1638 3964 malo
1659 3914 1828 3975 navis,
1862 3923 1913 3965 et
1936 3928 2091 3963 aures
2114 3926 2237 3962 suas
2266 3911 2475 3964 obtura·
