2757 4413
347 321 451 373 822
1179 316 1396 367 INDEX
1425 315 1757 368 CAPITUM.

756 572 994 624 CAPUT
1036 571 1098 622 L.
1122 598 1183 609 —
1209 570 1295 622 De
1335 570 1542 622 duobus
1576 568 1739 621 caecis
1778 574 1832 620 et
1870 582 1971 620 uno
2004 574 2166 620 muto.

382 788 402 823 1
439 772 559 822 Duo
586 769 709 822 caeci
734 779 1004 822 curantur.
1299 769 1407 835 458
1547 784 1584 834 4
1609 769 1743 819 Muti
1768 765 2081 818 daemoniaci
2108 765 2335 817 curati0.
2473 763 2572 831 460

377 862 406 895 2
470 842 896 896 Circumstantiae
960 841 1254 894 curationis
1552 840 1579 891 5
1636 839 1781 900 Quid
1833 837 2059 905 mystice
2104 853 2198 904 per
2241 837 2427 903 ipsum

408 917 650 982 ipsorum
691 915 884 964 docent
909 929 1100 965 vanam
1129 913 1252 980 glo-
1579 909 1926 975 designetur?
2472 904 2573 970 460

412 987 548 1039 riam
577 1003 691 1037 esse
717 986 1004 1036 vitandam.
1299 985 1408 1054 459
1547 979 1581 1031 6
1608 980 1914 1032 Praedicatio
1932 989 1984 1030 et
2002 978 2261 1030 miracula
2272 977 2432 1029 Chri-

381 1057 408 1109 3
443 1056 587 1116 Quid
613 1054 893 1121 allegorice
932 1065 982 1106 et
1009 1054 1255 1121 spiritua·
1576 1052 1666 1102 sti.
2474 1047 2566 1113 461

408 1128 530 1180 liter
551 1142 648 1193 per
676 1127 778 1177 hos
804 1140 973 1177 caecos
1001 1125 1253 1192 designe-
1548 1139 1579 1190 7
1609 1122 1720 1174 Cur
1747 1122 2015 1174 Dominus
2037 1121 2309 1188 permittat
2338 1120 2434 1172 ho·

410 1198 532 1251 tur?
1301 1195 1409 1266 459
1576 1196 1753 1248 mines
1780 1196 2180 1247 tribulationem
2208 1193 2353 1260 pati?
2475 1191 2574 1258 462

561 1424 799 1476 CAPUT
846 1424 1020 1475 L1.-
1060 1424 1146 1476 De
1171 1423 1428 1475 missione
1456 1424 1838 1490 Apostolorum
1867 1425 1943 1477 αα
1961 1391 2371 1492 praedicandum

1066 1527 1186 1564 cum
1207 1518 1480 1578 potestate
1518 1513 1869 1564 curationum.

386 1698 406 1733 1
459 1681 685 1734 Vexatio
739 1682 917 1749 gregis
977 1693 1059 1743 est
1118 1698 1256 1750 saepe
1579 1682 1732 1734 omni
1756 1682 2136 1749 temporalium
2162 1682 2430 1733 sollicitu-

408 1754 563 1819 culpa
591 1763 884 1818 pastorum.
1301 1753 1408 1819 463
1549 1774 1552 1778 ·
1580 1756 1708 1805 dine
1730 1754 2042 1805 liberantur.
2477 1753 2574 1821 467

382 1840 412 1874 2
468 1824 657 1874 Messis
711 1826 881 1875 multa
923 1834 974 1875 et
1025 1824 1255 1889 operarii
1551 1840 1585 1893 9
1611 1825 1800 1875 Victus
1826 1839 1856 1874 a
1882 1823 2321 1890 praedicatoribus
2349 1838 2427 1873 ac-

409 1893 585 1959 pauci,
606 1894 738 1958 quid
768 1894 825 1943 in
855 1908 1016 1944 sensu
1052 1895 1259 1960 allego-
1581 1896 1687 1962 cipi
1716 1905 1907 1962 potest.
2478 1890 2573 1958 468

412 1963 523 2013 rico
550 1962 892 2029 significent?
1299 1964 1414 2031 464
1528 1982 1589 2018 10
1625 1966 1771 2026 Quid
1808 1965 2005 2017 tunicae
2038 1966 2160 2016 duae
2196 1975 2250 2016 et
2281 1965 2433 2031 virga

382 2033 410 2084 3
442 2032 568 2083 Bini
609 2033 673 2083 ad
702 2033 1099 2099 praedicandum
1124 2034 1259 2085 mit-
1581 2036 1640 2087 in
1667 2052 1827 2088 sensu
1860 2036 2264 2103 metaphorico.
2250 2036 2269 2071 Ρ
2474 2032 2574 2101 469

410 2115 601 2157 tuntur
625 2106 889 2172 Apostoli.
1304 2105 1416 2173 464
1528 2125 1546 2159 1
1565 2125 1583 2160 1
1611 2109 1905 2160 Festinatio
1938 2109 2004 2159 ad
2031 2108 2435 2191 praedicandum

382 2193 419 2244 4
447 2178 717 2228 Docentur
751 2193 860 2245 quo
904 2192 1121 2245 pergere
1159 2177 1259 2229 de-
1306 2239 1313 2246 ‚
1586 2180 1894 2234 necessaria.
2477 2194 2572 2247 470

416 2249 593 2301 beant.
1305 2247 1412 2315 465
1531 2271 1590 2306 12
1634 2256 1846 2321 Hospes
1898 2270 1931 2306 a
1989 2253 2432 2321 praedicatoribus

386 2320 415 2371 5
443 2321 595 2381 Item,
630 2319 764 2385 quid
797 2320 1114 2373 annuntiare
1160 2321 1259 2371 de·
1583 2325 1877 2392 eligendus,
1906 2341 2003 2376 nec
2042 2326 2196 2377 facile
2225 2336 2435 2376 mutan-

414 2395 595 2445 beant.
1307 2392 1415 2459 466
1582 2397 1702 2447 duS.
2477 2410 2571 2461 470

384 2463 419 2514 6
449 2465 686 2515 Potestas
724 2464 981 2516 miracula
1015 2464 1272 2534 patrandi·
1531 2466 1591 2518 13
1631 2466 1780 2518 Pacis
1830 2465 2033 2533 optatio
2086 2465 2434 2532 pulverisque

413 2535 686 2602 Apostolis
717 2551 987 2589 concessa.
1308 2534 1417 2601 466
1586 2536 1832 2588 excussio
1860 2536 1990 2603 quid
2020 2534 2358 2602 significent?
2477 2552 2564 2604 47¹

382 2623 415 2673 7
466 2607 646 2658 Gratis
695 2608 818 2658 dare
876 2608 1072 2659 debent
1116 2606 1262 2674 quod
1532 2623 1596 2673 ¹4
1624 2607 1868 2659 Gravitas
1893 2606 2089 2673 peccati
2119 2607 2434 2674 praedicato-

412 2677 578 2744 gratis
616 2688 950 2743 acceperunt.
1309 2675 1418 2743 467
1587 2693 1702 2728 rem
1727 2677 2145 2744 repudiantium.
2478 2693 2569 2743 47²

383 2747 416 2797 8
464 2747 617 2801 Nihil
660 2748 891 2801 ferentes
933 2749 989 2801 in
1031 2747 1137 2813 via,
1193 2747 1263 2799 ab

680 2975 913 3026 CAPUT
951 2974 1065 3025 LII.
1105 3001 1165 3012 -
1204 2972 1293 3024 De
1313 2972 1581 3038 patientia
1621 2972 1675 3024 in
1709 2973 1959 3024 adversis
1998 2973 2256 3024 habenda.

387 3161 406 3197 1
444 3144 705 3197 Patientia
732 3144 1057 3212 praedicatori
1090 3159 1264 3195 neces·
1485 3136 1488 3137 ⁷
1586 3145 1841 3197 admonet
1881 3146 1947 3196 de
1988 3144 2433 3212 responsionibus

410 3215 567 3277 saria,
592 3215 687 3282 qui
711 3216 856 3266 velut
880 3215 996 3266 ovis
1022 3215 1159 3266 inter
1185 3215 1266 3266 lu·
1586 3227 1715 3268 tunc
1743 3217 2022 3270 faciendiS.
2478 3232 2579 3283 477

410 3302 511 3354 pos
537 3286 786 3336 mittitur.
1308 3284 1415 3353 473
1555 3286 1589 3338 6
1641 3287 2072 3340 Persecutionem
2161 3288 2435 3368 patientur

383 3371 412 3408 2
447 3357 733 3408 Prudentia
760 3356 1020 3417 serpentis
1047 3356 1114 3407 ab
1142 3356 1263 3423 ipso
1366 3384 1371 3389 ·
1584 3357 1744 3409 etiam
1789 3359 1859 3410 ab
1887 3358 2076 3410 amicis
2101 3367 2154 3409 et
2195 3349 2433 3425 parenti-

412 3427 742 3494 simplicitati
771 3426 1032 3478 columbae
1061 3427 1258 3492 adjun-
1584 3429 1705 3481 buS.
2479 3428 2578 3495 478

411 3499 601 3564 genda.
1307 3511 1419 3564 474
1553 3517 1586 3569 7
1628 3500 1917 3552 Praemium
1965 3499 2430 3568 perseverantibus

385 3566 414 3620 3
446 3568 756 3619 Cavendum
784 3582 816 3619 a
841 3565 1000 3618 malis
1025 3565 1261 3617 homini·
1582 3571 1990 3637 repromissum.
2478 3568 2576 3635 478

410 3639 532 3691 bus.
1304 3637 1411 3706 475
1552 3642 1585 3692 8
1619 3642 1926 3709 Aliquando
1959 3640 2085 3708 fuga
2107 3640 2428 3707 praedicato-

379 3727 417 3777 4
444 3711 696 3763 Christus
735 3710 1009 3779 Apostolis
1050 3708 1258 3761 futuras
1578 3715 1731 3766 ribus
1758 3715 2105 3783 permittitur,
2133 3713 2429 3781 aliquando

411 3784 802 3851 persecutiones
830 3782 1090 3852 praedicit.
1302 3781 1411 3851 476
1580 3801 1710 3838 non.
2473 3798 2572 3850 479

384 3854 412 3905 5
442 3856 546 3909 Sed
579 3871 671 3909 eos
698 3872 810 3909 non
840 3872 957 3910 esse
995 3852 1253 3909 sollicitos
1546 3870 1581 3923 9
1613 3855 1862 3910 Christus
1902 3855 2189 3924 Apostolos
2215 3855 2280 3907 ad
2321 3853 2425 3906 tri-
