2757 4413
305 353 421 407 828·
1144 347 1372 401 INDEX·
1391 344 1727 399 CA-PmUM.

369 477 588 527 Christo
617 483 669 525 et
708 472 931 524 cuilibet
960 470 1219 537 praedica-
1541 473 1805 531 acceptus.
2436 459 2533 529 599

368 550 491 601 tori.
1268 538 1372 609 596
1511 553 1542 604 7
1584 538 1693 587 Cur
1733 532 1997 584 Dominus
2042 533 2193 583 nulla
2237 532 2391 598 signa

343 622 369 672 3
420 622 498 671 De
544 616 838 669 reverentia
881 630 1004 680 erga
1046 612 1220 663 libros
1540 606 1725 658 fecerit
1755 604 2057 655 Nazareth?
2432 604 2533 655 600

369 708 545 744 sacros
569 690 812 740 habenda
831 697 883 739 et
900 688 966 737 de
984 684 1221 753 pulchri·
1511 681 1545 732 8
1576 680 1902 745 Exemplum
1941 679 2107 729 sumit
2138 679 2389 731 Christus

370 767 560 818 tudine
586 762 810 816 Christi.
1270 756 1374 826 597
1542 753 1598 803 in
1631 751 1752 802 Elia
1770 761 1823 802 et
1849 750 2068 801 Elisaeo.
2437 747 2529 800 601

340 836 670 919 430mnium
721 832 995 884 Ordinum
1045 830 1224 882 officia
1512 840 1545 893 9
1574 823 1767 874 Mulier
1811 823 2103 888 Sareptana
2148 831 2202 872 et
2250 822 2406 873 Naa-

371 909 429 958 in
456 905 745 971 semetipso
771 900 1223 967 adimplevitnoe
1543 910 1665 944 man
1690 894 1746 943 in
1774 908 1938 943 sensu
1964 892 2210 958 mystico.
2435 891 2530 943 601

370 979 574 1030 minus,
1272 968 1374 1037 598
1487 969 1550 1016 10
1581 964 1885 1030 Indignatio
1909 963 2271 1013 habitantium
2297 962 2396 1012 Na·

342 1049 370 1101 5
415 1049 634 1101 Christo
671 1042 1057 1095 testimonium.
1092 1041 1225 1092 dant
1330 1075 1351 1102 η,
1542 1034 1750 1097 zareth3
1807 1031 2094 1083 Christum·
2144 1032 2399 1099 praecipi—-

369 1119 662 1184 simpliceS‚
691 1112 1225 1165 scandalizamucve-
1543 1118 1653 1159 tare
1682 1117 1908 1159 tentant.
2037 1113 2041 1118 “
2443 1104 2536 1156 602

326 1197 337 1214 ⁸
370 1204 433 1239 ro
460 1186 737 1237 Pharisaei.
1271 1179 1374 1248 598
1489 1195 1509 1233 1
1526 1196 1544 1232 1
1581 1180 1823 1239 Quatuor
1846 1178 2029 1230 modis
2057 1178 2397 1230 motsChri-

340 1260 374 1311 6
410 1260 603 1311 Nullus
650 1256 914 1323 Propheta
951 1254 1010 1305 in
1052 1253 1221 1320 patria
1544 1261 1628 1304 sto
1657 1251 1933 1304 intentata.
2442 1248 2533 1301 603

589 1512 833 1565 CAPUT
865 1511 1051 1564 LXVI.
1093 1540 1153 1550 —
1192 1510 1277 1560 De
1323 1507 1685 1561 decollatione
1726 1504 1960 1557 Joannis
1997 1504 2288 1573 Baptistae.

351 1728 369 1762 1
408 1712 681 1763 Passionis
712 1712 938 1763 sommis
969 1710 1265 1777 Baptistoe:‚
1446 1714 1452 1776 ζ
1550 1715 1734 1772 tyrem
1751 1703 1905 1754 facit.
2127 1685 2136 1693 ’
2444 1695 2541 1748 608

373 1784 659 1834 motivum.
1269 1777 1378 1843 604
1447 1797 1452 1837 g
1520 1793 1551 1842 7
1602 1775 1982 1827 Afflicniomm
2037 1781 2107 1823 et
2142 1768 2403 1823 tentatio-

343 1867 372 1901 2
401 1852 839 1903 Circumstantiae
857 1852 1021 1916 hujus
1052 1849 1226 1899 decol-
1447 1871 1450 1916 5
1550 1862 1683 1897 mim
1710 1845 1930 1895 utilitas.
2443 1835 2541 1888 608

376 1923 629 1973 lationis..
1269 1917 1378 1985 604
1447 1921 1452 1980 J
1519 1918 1553 1971 8
1600 1917 1848 1985 Martyrii
1892 1888 2296 1967 emendatio
2348 1920 2402 1963 et

349 1992 378 2043 3
416 1994 541 2053 Quo
567 1994 655 2043 die
690 1992 835 2044 fianta
857 1993 1025 2043 fuerit
1057 2002 1116 2043 et
1135 2007 1224 2042 se-
1447 2017 1452 2051 2
1549 1992 1729 2043 meriti
1761 2004 1952 2040 causae.
2444 1982 2538 2049 609

376 2065 592 2131 pultura
622 2064 843 2115 ,loannis
875 2064 1150 2131 Baptista.
1271 2060 1374 2113 605
1448 2055 1452 2108 ἒ
1519 2080 1553 2132 9
1580 2061 1876 2129 Speculum
1892 2058 2196 2126 spirituale
2191 2057 2414 2107 Sancto»

343 2151 380 2200 4
403 2136 627 2186 Joannis
662 2135 913 2202 Baptistae
955 2136 1226 2186 innocen·
1447 2129 1452 2192 ὲ
1550 2149 1704 2196 rum,
1747 2133 2043 2197 Martyrum
2098 2126 2401 2194 proesertim

372 2205 465 2258 tia·
1272 2204 1380 2257 606
1448 2254 1452 2277 s
1550 2202 1830 2255 memoria.
2438 2193 2537 2247 fixo

348 2277 375 2328 5
426 2278 728 2342 Quomodo·
765 2287 979 2345 martam
1020 2276 1226 2329 Christi
1497 2294 1559 2331 10
1610 2278 2032 2328 Condemnatur
2043 2272 2262 2340 ignavia
2306 2286 2412 2321 eo-

372 2349 553 2417 fiserit.
1271 2348 1377 2416 507
1448 2394 1451 2405 ,
1551 2364 1704 2407 τοττι,
1722 2347 1819 2414 qui
1841 2341 2294 2399 sammsimitati
2317 2356 2408 2391 re-

345 2420 378 2471 6
413 2421 678 2473 Patientia
711 2421 771 2470 in.
812 2419 1052 2471 adversis
1080 2435 1228 2471 mar-
1549 2428 1755 2470 cusant.
2446 2409 2534 2461 611
2555 2426 2579 2437 ⁸

494 2674 730 2727 CAPUT
766 2674 982 2728 LXVII.
1025 2703 1086 2714 -
1111 2675 1198 2728 De
1227 2654 1528 2743 refectione¹
1560 2675 1789 2743 quinque
1824 2674 2054 2727 millium
2095 2670 2383 2723 hominum.

353 2892 370 2927 1
412 2877 609 2930 Turbae
655 2877 935 2930 Christum
969 2874 1225 2927 seceden-
1451 2896 1454 2901 ⁸
1517 2874 1556 2927 8,
1579 2872 1783 2926 Christi
1800 2884 1853 2925 et
1870 2873 2261 2939 discipulorum
2283 2869 2399 2936 ejus

375 2956 485 2997 tem
511 2948 569 2997 in
597 2949 868 2999 desertum
887 2956 1204 3013 sequuntur.
1272 2945 1374 2996 612
1548 2948 1877 3015 parcimonia
1904 2947 2328 2998 commendatur.
2447 2937 2539 2992 6ιό

347 3032 375 3066 2
407 3017 716 3084 Benignitas
745 3018 950 3070 Christi
980 3033 1221 3084 erga-eas
1415 3060 1418 3061 γ
1519 3037 1551 3089 9
1578 3019 1879 3087 Explicatio
1924 3019 2208 3085 allegorica
2235 3017 2401 3081 hujus

375 3091 676 3156 multiplex,
1271 3086 1382 3140 613·
1549 3092 1813 3144 miraculi.
2446 3084 2542 3150 617

347 3161 376 3213 3
409 3162 518 3212 Cur
560 3159 917 3228 Evangelium
941 3160 1008 3212 de
1035 3160 1225 3212 multi-
1494 3182 1556 3217 10
1588 3166 1880 3233 Explicatio
1902 3166 2148 3217 moralis
2447 3157 2545 3210 618

374 3236 663 3302 plicatione
691 3251 895 3302 panum
927 3234 1015 3287 bis
1038 3234 1097 3287 in
1118 3251 1220 3287 an-
1314 3263 1328 3269 ⁷
1494 3255 1556 3290 u
1595 3238 1738 3298 Quid
1782 3237 1894 3289 sint
1939 3238 2185 3305 quinque
2233 3249 2401 3301 panes

377 3324 449 3358 110
479 3305 762 3358 recitetur?
1006 3348 1014 3356 .
1271 3304 1373 3357 613
1547 3310 1606 3360 in
1632 3325 1794 3360 sensu
1825 3309 2091 3378 mystico?
2443 3301 2540 3369 619

344 3395 381 3445 4
407 3378 566 3430 Fides
589 3380 778 3431 turbae.
1272 3377 1380 3444 614
1480 3396 1555 3431 ‘12
1604 3380 1857 3432 Christus
1946 3380 2086 3446 fugit
2174 3377 2401 3429 turbam

349 3449 378 3500 5
411 3451 549 3501 Inter
575 3466 768 3501 manus
795 3448 997 3502 Christi
1028 3450 1221 3501 multi-
1547 3452 1729 3518 ipsum
1772 3466 1955 3518 regem
1994 3448 2164 3501 facere
2204 3448 2403 3500 volen-

375 3520 643 3584 plicantur
669 3536 833 3587 panes
856 3530 908 3570 et
935 3519 1128 3585 pisces·
1270 3519 1380 3586 614
1545 3533 1675 3575 tem.
2444 3514 2539 3565 5'20

346 3590 379 3642 6
405 3592 700 3644 Duodecim
742 3592 960 3660 cophini
989 3592 1056 3642 de
1090 3593 1231 3643 reli-
1491 3593 1550 3644 13
1581 3595 1719 3644 Laus
1735 3595 1974 3645 humana
1999 3593 2066 3643 ad
2089 3590 2407 3656 exemplum·

375 3663 521 3729 quiis
548 3665 777 3730 impleti.
1269 3663 1380 3716 615
1547 3664 1757 3715 Christi
1781 3665 2054 3731 fugienda.
2445 3654 2534 3705 621

348 3747 380 3797 7
412 3733 710 3785 Admiratio
738 3736 926 3788 turbae.
1269 3734 1371 3786 615
1491 3751 1557 3800 14
1590 3735 1758 3787 Orare
1784 3733 2041 3801 competit
2073 3731 2222 3783 solis·
2446 3725 2534 3776 621
