2757 4413
608 269 701 320 DE
737 269 1136 321 PROBATICA
1172 241 1445 319 PISC1N‘A
1480 268 1572 319 ET
1614 267 2088 318 PARALYTmo.

229 396 523 438 excusatur
586 388 644 436 in
719 387 937 438 sabbato
1014 386 1301 453 operando,

301 473 364 507 12
419 458 598 508 MAms
636 473 1091 508 scANDALtzANTuR
1138 458 1303 507 Jumm

232 545 299 578 Eo
328 545 473 586 Quon
508 546 567 579 sn
596 546 855 587 AEQUALEM
877 546 1063 579 mem:
1087 530 1220 579 Deo,
1242 557 1302 567 —

231 599 334 649 Sed
365 600 499 665 quia
527 615 593 649 ex
618 600 715 650 hac
746 601 1089 650 excusatione
1116 599 1303 666 sequi-

231 680 318 721 tur
346 673 499 737 quod
541 672 787 723 Christus
828 673 898 723 sit
934 672 1157 739 aequalis
1190 673 1301 722 Deo

234 741 396 801 Patri,
429 742 552 792 ideo
582 758 646 792 ex
674 743 775 793 hoc
801 744 965 793 verbo
995 743 1167 809 magis
1191 758 1302 808 per-

231 815 597 880 sequebantur
619 831 742 865 eum
770 826 1027 883 tanquam
1050 816 1305 881 blasphe-

232 901 405 946 mm
435 886 534 952 qui
561 886 894 952 blasphemia
915 889 1088 953 majus
1115 902 1301 953 pecca-

233 967 348 1006 tum
380 967 481 1017 est,
509 967 560 1006 et
591 959 764 1009 acrius
793 959 1015 1024 punitur
1044 958 1100 1008 in
1143 959 1298 1024 Lege,

231 1043 397 1092 quam
438 1027 659 1077 violatio
682 1030 906 1081 sabbati.
937 1030 1091 1080 Unde
1126 1029 1307 1080 subdi-

232 1109 319 1149 tur
350 1116 365 1148 :
395 1101 697 1164 Propterea
729 1115 864 1166 ergo
905 1101 1102 1166 magiS,
1140 1100 1193 1149 id
1223 1109 1303 1150 est

232 1170 460 1220 avidiori
502 1169 686 1220 animo
729 1183 780 1222 et
818 1170 1121 1221 ferventiori
1166 1171 1298 1230 ze10,

233 1259 397 1308 quam
427 1243 583 1309 prius
602 1260 698 1309 pro
716 1260 875 1309 opere
903 1243 1128 1304 sabbati,
1150 1258 1301 1310 quae-

231 1315 422 1364 rebant
453 1315 640 1366 Judaei
678 1315 973 1382 interficere
1000 1330 1117 1365 eum
1123 1333 1145 1378 ,·
1174 1316 1300 1380 quia

231 1400 333 1435 non
364 1386 555 1449 solum,
585 1397 645 1437 ut
679 1386 757 1436 eis
791 1387 1095 1451 apparebat,
1126 1387 1301 1437 solve-

232 1456 320 1506 bat
349 1457 648 1521 sabbatum,
680 1458 776 1507 sed
805 1463 856 1507 et
882 1459 1104 1507 Patrem
1129 1470 1299 1517 suum,

232 1528 536 1577 naturalem
560 1538 611 1578 et
639 1529 743 1578 sibi
763 1529 1296 1590 consubstantialem,

233 1599 441 1649 dicebat
475 1601 665 1661 Deum,
692 1616 800 1649 non
822 1609 882 1650 ut
910 1616 1028 1660 nOS,
1052 1599 1146 1666 qui
1171 1601 1304 1650 ado-

236 1670 361 1734 ptati
399 1680 604 1735 patrem
649 1686 903 1720 vocamus
930 1686 1055 1720 eum
1071 1687 1087 1734 ;
1115 1685 1302 1736 aequa-

239 1741 331 1791 lem
384 1756 444 1791 se
476 1742 696 1808 faciens
747 1751 798 1792 et
847 1742 1134 1792 ostendens
1186 1742 1302 1792 Deo

237 1827 326 1877 per
357 1813 719 1878 aequalitatem
756 1823 955 1863 naturae
987 1823 1038 1862 et
1067 1823 1303 1878 potesta-

237 1882 319 1943 tis,
348 1885 498 1950 quod
538 1883 617 1934 illi
647 1884 1039 1949 blasphemiam
1070 1899 1185 1933 esse
1214 1883 1303 1933 di-

235 1956 434 2006 cebant.
484 1957 623 2007 Cum
675 1956 822 2006 enim
873 1972 1000 2005 eum
1051 1965 1300 2006 tantum-

233 2027 391 2077 modo
422 2025 706 2076 hominem
727 2036 990 2092 putarent,
1013 2026 1301 2091 imponunt

230 2097 277 2148 ei
301 2097 451 2162 quod
478 2097 722 2162 rapinam
753 2097 927 2158 faciat,
957 2112 1014 2147 se
1040 2099 1302 2162 aequalem

227 2168 427 2219 faciens
468 2168 601 2228 De0,
653 2168 805 2235 quasi
849 2185 956 2219 non
986 2178 1140 2228 esset,
1173 2183 1296 2218 cum

229 2256 410 2292 revera
436 2251 576 2291 esset
599 2241 736 2301 talis,
766 2241 893 2308 quia
921 2241 1038 2307 ipse
1064 2256 1156 2307 per
1201 2256 1303 2290 na-

231 2320 407 2362 turam
468 2323 628 2361 natus
672 2322 751 2361 est
790 2312 838 2361 ei
893 2312 1132 2379 aequalis.
1180 2312 1301 2362 Duo

230 2381 432 2448 quippe
472 2381 699 2432 crimina
723 2382 777 2431 in
817 2382 955 2447 Lege
1000 2391 1172 2431 morte
1199 2398 1303 2448 pu·-

233 2455 342 2507 nita
366 2456 609 2516 fuerunt,
638 2455 838 2506 scilicet
863 2456 1068 2506 crimen
1089 2456 1306 2506 solutio·

232 2525 316 2575 nis
361 2525 593 2586 sabbati,
636 2535 687 2575 et
727 2525 899 2591 magis
938 2526 1141 2575 crimen
1183 2526 1304 2575 bla-

232 2596 515 2662 sphemiae.
533 2597 598 2646 Et
612 2596 723 2646 haec
737 2598 846 2646 duo
866 2596 914 2646 ei
937 2596 1303 2662 imponebant,

232 2679 281 2718 et
320 2664 604 2735 propterea
643 2683 767 2717 eum
814 2667 1052 2717 occidere
1092 2683 1304 2734 quaere-

232 2739 377 2790 bant.
409 2739 483 2789 Et
502 2737 631 2804 quia
659 2738 925 2788 excusavit
944 2753 1000 2787 se
1017 2739 1082 2788 de
1106 2739 1301 2804 prim0,

231 2821 626 2877 consequenter
651 2820 864 2859 excusat
885 2825 942 2860 se
962 2810 1028 2859 de
1050 2811 1303 2869 secunde,

232 2886 467 2950 probans
487 2899 543 2933 se
561 2898 677 2933 esse
696 2882 897 2932 Filium
919 2883 1015 2932 Dei
1044 2892 1096 2933 et
1118 2898 1303 2950 aequa-

231 2956 333 3005 lem
369 2954 540 3005 Patri.
594 2955 660 3004 Et
702 2968 769 3002 ne
816 2952 984 3003 Judaei
1018 2952 1254 3002 dicerent
1287 2969 1300 3003 z

233 3028 355 3079 Tibi
409 3044 522 3077 non
571 3026 865 3085 credimus,
923 3026 1105 3075 nullus
1156 3026 1302 3075 enim

232 3099 333 3150 sibi
359 3108 565 3149 testans
590 3096 790 3163 dignus
818 3105 899 3147 est
927 3095 1052 3156 fide,
1084 3095 1204 3146 ideo
1238 3096 1303 3146 ad

233 3170 697 3222 confirmationem
737 3167 995 3233 propositi
1024 3168 1306 3234 multiplex

233 3242 442 3293 inducit
465 3240 860 3300 testimonium,
892 3238 1091 3290 scilicet
1115 3258 1130 3289 ε
1152 3242 1310 3291 Joan-

235 3314 336 3374 nis‚
371 3323 425 3363 et
467 3327 710 3378 operum,
741 3327 799 3361 ac
836 3310 1007 3376 ipsius
1039 3312 1225 3372 Patris,
1256 3321 1308 3361 et

232 3386 650 3451 scripturarum.
694 3383 835 3434 Dicit
880 3398 1005 3449 ergo
1043 3400 1062 3433 ε
1098 3384 1164 3434 Si
1203 3398 1307 3450 ego

235 3456 590 3508 testimonium
624 3454 876 3521 perhibeo
914 3454 980 3504 de
1028 3468 1110 3503 me
1159 3453 1276 3518 ipso
1284 3471 1305 3516 ,-

235 3527 588 3580 testimonium
633 3540 799 3575 meum
838 3539 941 3575 non
986 3530 1067 3574 est
1102 3538 1304 3587 verum,

234 3600 288 3651 id
318 3610 399 3650 est
428 3598 631 3660 efficax,
670 3599 966 3648 secundum
1007 3597 1305 3662 reputatio—

237 3686 361 3721 nem
410 3680 661 3729 vestram,
718 3663 968 3735 qhamvis
1016 3667 1075 3717 in
1125 3683 1182 3718 se
1233 3668 1305 3718 sit

239 3740 686 3791 efficacissimum.
768 3739 948 3802 Unde,
1004 3738 1305 3789 secundum

243 3814 705 3881 chrysostomum,
736 3811 837 3860 hoc
863 3811 1010 3877 quod
1033 3810 1178 3870 dicit,
1202 3827 1305 3862 non

244 3889 319 3935 est
344 3898 545 3947 verum,
576 3897 688 3933 non
715 3891 977 3948 quantum
1013 3881 1081 3932 ad
1120 3881 1306 3948 digni-

2365 269 2466 337 713

1410 395 1574 436 tatem
1601 401 1772 443 suam.
1807 386 1901 435 sed
1931 394 2196 451 quantum
2236 387 2302 435 ad
2345 386 2473 436 illo-

1409 474 1533 508 rum
1561 457 1925 523 suspicionem
1949 457 2287 523 loquebatur.

1479 530 1537 580 13
1576 531 1842 590 Qun-uon
1870 546 2146 580 VERITAns
2171 547 2380 581 TESTES.
2411 559 2473 570 —

1409 601 1545 651 Nota
1572 616 1700 667 ergo
1729 601 1875 667 quod
1905 600 1962 649 in
1996 601 2308 651 testimonio
2346 612 2475 653 sunt

1408 681 1639 736 quatuor
1682 680 1843 720 testes
1885 670 2004 733 filii,
2047 671 2175 737 quia
2218 671 2278 721 in
2320 671 2476 722 testi·-

1409 742 1596 792 monio
1655 752 1882 808 possunt
1938 753 2169 810 quatuor
2233 742 2474 808 reperiri,

1409 813 1646 864 scilicet:
1676 814 1913 864 veritatis
1951 815 2351 877 demonstratiO,
2378 829 2473 864 ve—

1408 883 1580 934 ritatis
1610 883 1966 945 confirmatiO,
2001 885 2236 935 veritatis
2276 884 2477 935 immo-

1411 954 1621 1015 bilitas,
1674 966 1726 1005 et
1787 954 1905 1021 ipsa
1964 955 2202 1006 veritatis
2264 955 2476 1006 veritas.

1408 1027 1807 1078 Demonstratio
1891 1038 2070 1079 autem
2152 1028 2311 1079 fiebat
2385 1043 2480 1095 per

1407 1100 1697 1164 Joannem;
1755 1099 1870 1166 ipse
1934 1101 2081 1151 enim
2137 1103 2372 1152 ,loannes
2412 1101 2479 1151 ad

1408 1187 1570 1237 quem
1591 1171 1757 1221 Judaei
1783 1171 2059 1232 miserunt,
2090 1182 2142 1222 et
2170 1188 2337 1238 quem
2362 1186 2482 1222 ma-

1408 1244 1490 1310 gis
1530 1244 1786 1294 omnibus
1813 1243 1918 1293 fide
1945 1244 2172 1310 dignum
2203 1244 2478 1310 putabant.

1409 1315 1783 1365 testimonium
1836 1313 2131 1380 perhibuit,
2197 1331 2308 1364 non
2355 1312 2479 1374 sibi,

1410 1387 1502 1436 sed
1549 1387 1777 1437 Veritati
1828 1386 2065 1446 Christ0,
2106 1387 2246 1436 sicut
2275 1385 2482 1437 amicus

1407 1460 1664 1510 veritatis.
1734 1459 2084 1512 Confirmatio
2154 1458 2314 1509 fiebat
2388 1473 2482 1522 per

1410 1547 1571 1596 opera
1595 1530 1918 1593 fortissima3
1956 1529 2102 1596 quod
2131 1529 2278 1579 enim
2315 1543 2481 1579 caecos

1407 1602 1749 1662 illuminavit,
1788 1617 1943 1653 aures
1969 1601 2198 1667 aperuit,
2228 1614 2320 1649 ora
2353 1615 2481 1649 mu-

1408 1683 1589 1723 torum
1633 1672 1877 1733 resolvit,
1932 1671 2195 1722 daemonia
2247 1668 2479 1735 fugavit,

1410 1754 1655 1793 mortuos
1704 1742 2098 1805 ressuscitavit;
2158 1741 2272 1791 haec
2320 1753 2480 1805 opera

1410 1815 1786 1866 testimonium
1844 1814 2062 1867 Christo
2106 1813 2476 1880 perhibebant.

1410 1885 1763 1936 immobilitas
1798 1885 2006 1951 patebat
2049 1900 2142 1950 per
2184 1881 2482 1934 attestatio-

1409 1972 1534 2006 nem
1570 1957 1758 2016 PatriS,
1804 1956 1900 2022 qui
1944 1955 2316 2005 testimonium
2357 1968 2481 2018 per-

1408 2026 1590 2077 hibuit
1629 2028 1695 2076 de
1729 2026 1980 2089 Christo;
2011 2027 2141 2092 quia
2171 2041 2275 2075 vox
2305 2022 2478 2073 Patris

1407 2097 1589 2146 audita
1615 2108 1693 2147 est
1720 2097 1777 2147 in
1798 2097 2097 2163 BaptismO,
2127 2096 2253 2146 etin
2275 2105 2478 2156 monte,

1409 2170 1526 2236 ipso
1567 2170 1786 2221 Christo
1823 2169 2222 2235 transfigurato,
2269 2166 2480 2218 Veritas

1408 2252 1583 2293 autem
1627 2243 2007 2292 ostendebatur
2051 2257 2116 2292 ex
2163 2239 2478 2305 scripturis,

1408 2328 1529 2380 quae
1560 2312 1775 2362 mentiri
1802 2328 1912 2361 non
1944 2322 2206 2378 poterant,
2239 2327 2301 2360 eo
2335 2309 2480 2375 quod

1407 2400 1437 2435 a
1502 2382 1706 2448 Spiritu
1768 2382 2005 2433 veritatis
2074 2388 2478 2447 processerunt;

1407 2456 1692 2523 Scripturae
1743 2454 1891 2504 enim
1954 2454 2132 2520 Legis,
2169 2468 2288 2519 quae
2346 2453 2478 2503 datae

1409 2537 1536 2576 sunt
1564 2542 1658 2592 per
1683 2526 1905 2591 Moysen
1937 2535 1989 2575 et
2018 2524 2329 2590 ProphetaS,
2360 2537 2482 2588 per-

1414 2599 1604 2649 hibent
1642 2599 1709 2649 de
1738 2597 1958 2648 Christo
1987 2594 2379 2646 testimonium.
2417 2594 2482 2644 Et

1411 2672 1487 2721 sic
1530 2687 1693 2737 penes
1738 2671 1857 2721 haec
1885 2679 2133 2735 quatuor,
2164 2682 2287 2734 quae
2320 2681 2480 2717 omne

1411 2740 1785 2790 testimonium
1814 2738 2054 2789 veritatis
2092 2736 2343 2796 fulciunt,
2376 2734 2480 2786 ista

1411 2821 1641 2878 quatuor
1663 2809 1975 2860 testimonia
1998 2809 2353 2875 accipiuntur.
2378 2808 2382 2813 “

1479 2899 1541 2947 14
1570 2884 1806 2932 Dumna
1829 2884 2126 2933 Jnnaeonuu
2153 2898 2220 2930 AD
2244 2896 2480 2931 anennu-

1410 2973 1538 3006 nmt.
1567 2985 1629 2994 —
1658 2957 1724 3006 Et
1758 2955 2007 3022 quamvis
2053 2963 2234 3004 essent
2267 2969 2362 3019 per
2402 2962 2480 3003 tot

1410 3026 1896 3076 incontradicibilia
1966 3025 2174 3075 inducti
2245 3035 2298 3074 et
2347 3038 2479 3072 con-

1410 3099 1575 3164 juncti
1610 3098 1946 3160 testimonia,
1990 3107 2171 3147 tamen
2229 3096 2483 3146 nolebant

1410 3169 1619 3219 credere
1643 3168 1700 3217 in
1730 3184 1872 3218 eum.
1905 3168 2060 3219 Unde
2084 3166 2248 3217 dicit:
2276 3166 2352 3216 Et
2380 3179 2481 3214 non

1412 3238 1574 3289 vultis
1627 3238 1806 3288 venire
1854 3239 1929 3288 ad
1974 3252 2072 3301 me,
2132 3237 2334 3287 scilicet
2385 3248 2480 3299 per

1410 3309 1593 3369 fidem,
1631 3308 1684 3358 id
1720 3318 1801 3359 est
1839 3326 1949 3359 non
1987 3308 2152 3360 vultis
2188 3306 2399 3357 credere
2428 3304 2482 3353 in

1412 3395 1516 3441 me,
1558 3389 1610 3430 et
1645 3395 1676 3430 a
1711 3395 1799 3429 me
1842 3395 2078 3446 quaerere
2110 3393 2290 3429 veram
2333 3376 2482 3425 salu-

1411 3462 1539 3512 tem,
1576 3467 1641 3502 ex
1672 3452 1784 3501 sola
1812 3452 2019 3503 malitia
2055 3460 2245 3500 vestrae
2279 3447 2478 3497 volun-

1411 3524 1553 3585 tatis,
1585 3525 1714 3591 quia
1755 3524 1894 3574 nihil
1925 3525 2071 3575 aliud
2105 3520 2334 3587 impedit
2368 3534 2482 3579 vos,

1412 3597 1519 3647 nisi
1549 3598 1737 3648 odium
1773 3608 1956 3647 contra
1994 3612 2080 3646 me
2107 3603 2422 3659 conceptum
2450 3607 2482 3642 a

1410 3667 1592 3730 vobis;
1637 3683 1740 3719 non
1772 3668 1952 3728 vultiS‚
1987 3668 2231 3731 inquam,
2272 3662 2485 3713 credere

1412 3741 1471 3791 in
1499 3755 1603 3804 me,
1642 3747 1700 3792 ut
1735 3741 1900 3790 vitam
1936 3746 2191 3790 aeternam
2223 3736 2487 3795 habeatis,

1412 3812 1639 3861 nuncin
1662 3826 1773 3875 spe,
1804 3820 1855 3860 et
1881 3809 1932 3858 in
1962 3808 2144 3858 futuro
2175 3806 2228 3856 in
2260 3822 2336 3867 re,
2361 3821 2483 3873 quae

1412 3882 1638 3933 habetur
1671 3895 1768 3946 per
1809 3879 1971 3929 fidem
2017 3878 2302 3929 formatam
2340 3878 2481 3929 cari-
