<?xml version="1.0" encoding="UTF-8"?>
<!DOCTYPE html PUBLIC "-//W3C//DTD XHTML 1.0 Transitional//EN"
    "http://www.w3.org/TR/xhtml1/DTD/xhtml1-transitional.dtd">
<html xmlns="http://www.w3.org/1999/xhtml" xml:lang="en" lang="en">
 <head>
  <title>
</title>
<meta http-equiv="Content-Type" content="text/html;charset=utf-8" />
  <meta name='ocr-system' content='tesseract 3.04.00' />
  <meta name='ocr-capabilities' content='ocr_page ocr_carea ocr_par ocr_line ocrx_word'/>
</head>
<body>
  <div class='ocr_page' id='page_1' title='image "./vitajesuchristi01sachgoog_0322.png"; bbox 0 0 2757 4413; ppageno 0'>
   <div class='ocr_carea' id='block_1_1' title="bbox 349 312 1995 386">
    <p class='ocr_par' dir='ltr' id='par_1_1' title="bbox 349 312 1995 386">
     <span class='ocr_line' id='line_1_1' title="bbox 349 312 1995 386; baseline -0.001 -17"><span class='ocrx_word' id='word_1_1' title='bbox 349 317 463 386; x_wconf 88' lang='grc'><strong>764</strong></span> <span class='ocrx_word' id='word_1_2' title='bbox 625 360 630 366; x_wconf 91' lang='grc'><strong>.</strong></span> <span class='ocrx_word' id='word_1_3' title='bbox 921 314 1162 366; x_wconf 79' lang='lat' dir='ltr'>PRIMAE</span> <span class='ocrx_word' id='word_1_4' title='bbox 1197 312 1444 365; x_wconf 88' lang='lat' dir='ltr'>PARTIS</span> <span class='ocrx_word' id='word_1_5' title='bbox 1475 315 1709 366; x_wconf 88' lang='lat' dir='ltr'>CAPUT</span> <span class='ocrx_word' id='word_1_6' title='bbox 1741 315 1995 368; x_wconf 88' lang='lat' dir='ltr'>LXXXV.</span> 
     </span>
    </p>
   </div>
   <div class='ocr_carea' id='block_1_2' title="bbox 295 429 1425 3453">
    <p class='ocr_par' dir='ltr' id='par_1_2' title="bbox 295 429 1422 935">
     <span class='ocr_line' id='line_1_2' title="bbox 347 429 1419 500; baseline -0.002 -17"><span class='ocrx_word' id='word_1_7' title='bbox 347 442 607 500; x_wconf 76' lang='lat' dir='ltr'><strong>stagnum</strong></span> <span class='ocrx_word' id='word_1_8' title='bbox 659 449 768 483; x_wconf 92' lang='lat' dir='ltr'><strong>non</strong></span> <span class='ocrx_word' id='word_1_9' title='bbox 805 434 964 499; x_wconf 92' lang='lat' dir='ltr'><strong>longe</strong></span> <span class='ocrx_word' id='word_1_10' title='bbox 1011 448 1042 482; x_wconf 92' lang='lat' dir='ltr'><strong>a</strong></span> <span class='ocrx_word' id='word_1_11' title='bbox 1088 429 1238 482; x_wconf 84' lang='lat' dir='ltr'><strong>fonte</strong></span> <span class='ocrx_word' id='word_1_12' title='bbox 1284 447 1419 482; x_wconf 88' lang='lat' dir='ltr'><strong>con-</strong></span> 
     </span>
     <span class='ocr_line' id='line_1_3' title="bbox 351 503 1419 573; baseline -0.002 -17"><span class='ocrx_word' id='word_1_13' title='bbox 351 516 619 557; x_wconf 79' lang='lat' dir='ltr'><strong>structum</strong></span> <span class='ocrx_word' id='word_1_14' title='bbox 664 515 793 566; x_wconf 89' lang='lat' dir='ltr'><strong>erat,</strong></span> <span class='ocrx_word' id='word_1_15' title='bbox 837 521 1001 573; x_wconf 90' lang='lat' dir='ltr'><strong>quam</strong></span> <span class='ocrx_word' id='word_1_16' title='bbox 1048 503 1419 555; x_wconf 86' lang='lat' dir='ltr'><strong>collectionem</strong></span> 
     </span>
     <span class='ocr_line' id='line_1_4' title="bbox 354 577 1419 643; baseline -0.003 -15"><span class='ocrx_word' id='word_1_17' title='bbox 354 579 519 628; x_wconf 89' lang='lat' dir='ltr'><strong>modo</strong></span> <span class='ocrx_word' id='word_1_18' title='bbox 565 577 851 643; x_wconf 80' lang='lat' dir='ltr'><em>piscinam,</em></span> <span class='ocrx_word' id='word_1_19' title='bbox 917 577 1080 626; x_wconf 88' lang='lat' dir='ltr'><strong>modo</strong></span> <span class='ocrx_word' id='word_1_20' title='bbox 1146 577 1419 627; x_wconf 84' lang='lat' dir='ltr'><strong>natatoria</strong></span> 
     </span>
     <span class='ocr_line' id='line_1_5' title="bbox 353 647 1420 714; baseline -0.003 -14"><span class='ocrx_word' id='word_1_21' title='bbox 353 649 627 714; x_wconf 87' lang='lat' dir='ltr'>Scriptura</span> <span class='ocrx_word' id='word_1_22' title='bbox 652 656 819 699; x_wconf 86' lang='lat' dir='ltr'><strong>vocat.</strong></span> <span class='ocrx_word' id='word_1_23' title='bbox 846 647 926 698; x_wconf 92' lang='lat' dir='ltr'><strong>Ibi</strong></span> <span class='ocrx_word' id='word_1_24' title='bbox 962 658 1044 698; x_wconf 91' lang='lat' dir='ltr'><strong>est</strong></span> <span class='ocrx_word' id='word_1_25' title='bbox 1065 657 1117 698; x_wconf 91' lang='lat' dir='ltr'><strong>et</strong></span> <span class='ocrx_word' id='word_1_26' title='bbox 1141 647 1264 698; x_wconf 86' lang='lat' dir='ltr'><strong>fons</strong></span> <span class='ocrx_word' id='word_1_27' title='bbox 1288 648 1420 699; x_wconf 89' lang='lat' dir='ltr'><strong>Vir-</strong></span> 
     </span>
     <span class='ocr_line' id='line_1_6' title="bbox 355 721 1419 788; baseline -0.002 -16"><span class='ocrx_word' id='word_1_28' title='bbox 355 722 504 788; x_wconf 82' lang='lat' dir='ltr'><strong>ginis</strong></span> <span class='ocrx_word' id='word_1_29' title='bbox 557 721 757 782; x_wconf 88' lang='lat' dir='ltr'><strong>Mariae,</strong></span> <span class='ocrx_word' id='word_1_30' title='bbox 802 721 869 771; x_wconf 86' lang='lat' dir='ltr'><strong>de</strong></span> <span class='ocrx_word' id='word_1_31' title='bbox 917 736 1029 787; x_wconf 89' lang='lat' dir='ltr'><strong>quo</strong></span> <span class='ocrx_word' id='word_1_32' title='bbox 1066 721 1181 787; x_wconf 89' lang='lat' dir='ltr'><strong>ipsa</strong></span> <span class='ocrx_word' id='word_1_33' title='bbox 1222 737 1419 788; x_wconf 90' lang='lat' dir='ltr'><strong>aquam</strong></span> 
     </span>
     <span class='ocr_line' id='line_1_7' title="bbox 355 794 1422 862; baseline -0.002 -16"><span class='ocrx_word' id='word_1_34' title='bbox 355 812 455 862; x_wconf 90' lang='lat' dir='ltr'><strong>pro</strong></span> <span class='ocrx_word' id='word_1_35' title='bbox 486 812 561 856; x_wconf 89' lang='lat' dir='ltr'><strong>se,</strong></span> <span class='ocrx_word' id='word_1_36' title='bbox 601 806 654 846; x_wconf 92' lang='lat' dir='ltr'><strong>et</strong></span> <span class='ocrx_word' id='word_1_37' title='bbox 689 810 788 861; x_wconf 89' lang='lat' dir='ltr'><strong>pro</strong></span> <span class='ocrx_word' id='word_1_38' title='bbox 829 811 928 845; x_wconf 89' lang='lat' dir='ltr'><strong>suo</strong></span> <span class='ocrx_word' id='word_1_39' title='bbox 970 794 1109 845; x_wconf 86' lang='lat' dir='ltr'><strong>Filio</strong></span> <span class='ocrx_word' id='word_1_40' title='bbox 1138 795 1422 846; x_wconf 85' lang='lat' dir='ltr'><strong>hauriebat</strong></span> 
     </span>
     <span class='ocr_line' id='line_1_8' title="bbox 295 867 1063 935; baseline -0.004 -14"><span class='ocrx_word' id='word_1_41' title='bbox 295 872 296 875; x_wconf 76' lang='grc'>’</span> <span class='ocrx_word' id='word_1_42' title='bbox 353 880 409 921; x_wconf 82' lang='lat' dir='ltr'><strong>et</strong></span> <span class='ocrx_word' id='word_1_43' title='bbox 441 885 569 920; x_wconf 89' lang='lat' dir='ltr'><strong>suos</strong></span> <span class='ocrx_word' id='word_1_44' title='bbox 598 884 802 935; x_wconf 89' lang='lat' dir='ltr'><strong>pannos</strong></span> <span class='ocrx_word' id='word_1_45' title='bbox 836 867 1063 919; x_wconf 84' lang='lat' dir='ltr'><strong>lavabat.</strong></span> 
     </span>
    </p>

    <p class='ocr_par' dir='ltr' id='par_1_3' title="bbox 344 940 1425 3453">
     <span class='ocr_line' id='line_1_9' title="bbox 345 940 1420 990; baseline -0.004 0"><span class='ocrx_word' id='word_1_46' title='bbox 345 956 350 960; x_wconf 83' lang='lat'><strong>·</strong></span> <span class='ocrx_word' id='word_1_47' title='bbox 422 940 450 990; x_wconf 86' lang='lat'>3</span> <span class='ocrx_word' id='word_1_48' title='bbox 488 941 761 990; x_wconf 67' lang='lat' dir='ltr'><strong>Cous-mus</strong></span> <span class='ocrx_word' id='word_1_49' title='bbox 791 954 1066 989; x_wconf 55' lang='lat' dir='ltr'><strong>tri-:muns</strong></span> <span class='ocrx_word' id='word_1_50' title='bbox 1085 954 1267 989; x_wconf 72' lang='lat' dir='ltr'><strong>PnAEco</strong></span> <span class='ocrx_word' id='word_1_51' title='bbox 1290 953 1420 988; x_wconf 77' lang='lat' dir='ltr'><strong>Fun·</strong></span> 
     </span>
     <span class='ocr_line' id='line_1_10' title="bbox 353 1009 1419 1061; baseline -0.003 0"><span class='ocrx_word' id='word_1_52' title='bbox 353 1025 530 1061; x_wconf 64' lang='grc' dir='ltr'>ωριτε</span> <span class='ocrx_word' id='word_1_53' title='bbox 570 1025 948 1060; x_wconf 56' lang='lat' dir='ltr'><strong>intumuimus.</strong></span> <span class='ocrx_word' id='word_1_54' title='bbox 974 1037 1034 1047; x_wconf 92' lang='lat'><em>-</em></span> <span class='ocrx_word' id='word_1_55' title='bbox 1057 1009 1203 1059; x_wconf 86' lang='lat' dir='ltr'><strong><em>Erat</em></strong></span> <span class='ocrx_word' id='word_1_56' title='bbox 1241 1015 1419 1058; x_wconf 86' lang='lat' dir='ltr'><strong>autem</strong></span> 
     </span>
     <span class='ocr_line' id='line_1_11' title="bbox 349 1079 1419 1145; baseline 0 -16"><span class='ocrx_word' id='word_1_57' title='bbox 349 1081 633 1130; x_wconf 77' lang='lat' dir='ltr'><strong>sabbatum</strong></span> <span class='ocrx_word' id='word_1_58' title='bbox 681 1081 897 1145; x_wconf 90' lang='lat' dir='ltr'><strong>quando</strong></span> <span class='ocrx_word' id='word_1_59' title='bbox 938 1079 1055 1131; x_wconf 85' lang='lat' dir='ltr'><strong>haec</strong></span> <span class='ocrx_word' id='word_1_60' title='bbox 1091 1079 1316 1141; x_wconf 87' lang='lat' dir='ltr'><strong>fiebant,</strong></span> <span class='ocrx_word' id='word_1_61' title='bbox 1366 1089 1419 1129; x_wconf 92' lang='lat' dir='ltr'><strong>et</strong></span> 
     </span>
     <span class='ocr_line' id='line_1_12' title="bbox 346 1150 1420 1217; baseline -0.002 -16"><span class='ocrx_word' id='word_1_62' title='bbox 346 1151 474 1201; x_wconf 79' lang='lat' dir='ltr'><strong>ideo</strong></span> <span class='ocrx_word' id='word_1_63' title='bbox 501 1150 753 1202; x_wconf 69' lang='lat' dir='ltr'><strong>Pharisaei</strong></span> <span class='ocrx_word' id='word_1_64' title='bbox 778 1151 893 1201; x_wconf 86' lang='lat' dir='ltr'><strong>haec</strong></span> <span class='ocrx_word' id='word_1_65' title='bbox 920 1161 1299 1217; x_wconf 83' lang='lat' dir='ltr'><strong>cognoscentes</strong></span> <span class='ocrx_word' id='word_1_66' title='bbox 1332 1164 1420 1199; x_wconf 88' lang='lat' dir='ltr'><strong>re-</strong></span> 
     </span>
     <span class='ocr_line' id='line_1_13' title="bbox 354 1221 1421 1288; baseline -0.003 -15"><span class='ocrx_word' id='word_1_67' title='bbox 354 1222 788 1288; x_wconf 80' lang='lat' dir='ltr'><strong>prehendebant;</strong></span> <span class='ocrx_word' id='word_1_68' title='bbox 836 1224 930 1273; x_wconf 86' lang='lat' dir='ltr'><strong>sed</strong></span> <span class='ocrx_word' id='word_1_69' title='bbox 975 1223 1240 1283; x_wconf 86' lang='lat' dir='ltr'><strong>errabant,</strong></span> <span class='ocrx_word' id='word_1_70' title='bbox 1291 1221 1421 1288; x_wconf 89' lang='lat' dir='ltr'><strong>quia</strong></span> 
     </span>
     <span class='ocr_line' id='line_1_14' title="bbox 354 1294 1423 1361; baseline -0.001 -18"><span class='ocrx_word' id='word_1_71' title='bbox 354 1309 517 1360; x_wconf 87' lang='lat' dir='ltr'><strong>opera</strong></span> <span class='ocrx_word' id='word_1_72' title='bbox 546 1295 609 1344; x_wconf 88' lang='lat' dir='ltr'><strong>ad</strong></span> <span class='ocrx_word' id='word_1_73' title='bbox 655 1295 752 1344; x_wconf 91' lang='lat' dir='ltr'><strong>Dei</strong></span> <span class='ocrx_word' id='word_1_74' title='bbox 796 1295 1251 1361; x_wconf 86' lang='lat' dir='ltr'><strong>magnificentiam</strong></span> <span class='ocrx_word' id='word_1_75' title='bbox 1282 1294 1423 1344; x_wconf 92' lang='lat' dir='ltr'><strong>ordi-</strong></span> 
     </span>
     <span class='ocr_line' id='line_1_15' title="bbox 355 1365 1420 1416; baseline 0 -2"><span class='ocrx_word' id='word_1_76' title='bbox 355 1375 479 1416; x_wconf 87' lang='lat' dir='ltr'><strong>nata</strong></span> <span class='ocrx_word' id='word_1_77' title='bbox 508 1365 654 1416; x_wconf 91' lang='lat' dir='ltr'><strong>licite</strong></span> <span class='ocrx_word' id='word_1_78' title='bbox 677 1365 736 1416; x_wconf 91' lang='lat' dir='ltr'><strong>in</strong></span> <span class='ocrx_word' id='word_1_79' title='bbox 764 1366 986 1416; x_wconf 88' lang='lat' dir='ltr'><strong>sabbato</strong></span> <span class='ocrx_word' id='word_1_80' title='bbox 1011 1365 1227 1416; x_wconf 88' lang='lat' dir='ltr'><strong>fiebant.</strong></span> <span class='ocrx_word' id='word_1_81' title='bbox 1264 1365 1420 1416; x_wconf 90' lang='lat' dir='ltr'><strong>Unde</strong></span> 
     </span>
     <span class='ocr_line' id='line_1_16' title="bbox 353 1439 1420 1508; baseline -0.002 -17"><span class='ocrx_word' id='word_1_82' title='bbox 353 1441 696 1508; x_wconf 81' lang='lat' dir='ltr'><strong>Augustinus</strong></span> <span class='ocrx_word' id='word_1_83' title='bbox 718 1458 735 1491; x_wconf 93' lang='lat'><strong>.·</strong></span> <span class='ocrx_word' id='word_1_84' title='bbox 761 1459 788 1488; x_wconf 77' lang='grc' dir='ltr'><strong>ι(</strong></span> <span class='ocrx_word' id='word_1_85' title='bbox 832 1439 949 1506; x_wconf 88' lang='lat' dir='ltr'><strong>lpse</strong></span> <span class='ocrx_word' id='word_1_86' title='bbox 996 1440 1176 1507; x_wconf 90' lang='lat' dir='ltr'><strong>potius</strong></span> <span class='ocrx_word' id='word_1_87' title='bbox 1224 1440 1420 1490; x_wconf 90' lang='lat' dir='ltr'><strong>sabba-</strong></span> 
     </span>
     <span class='ocr_line' id='line_1_17' title="bbox 353 1512 1421 1579; baseline -0.002 -17"><span class='ocrx_word' id='word_1_88' title='bbox 353 1520 474 1562; x_wconf 88' lang='lat' dir='ltr'><strong>tum</strong></span> <span class='ocrx_word' id='word_1_89' title='bbox 521 1512 851 1563; x_wconf 86' lang='lat' dir='ltr'><strong>custodiebat</strong></span> <span class='ocrx_word' id='word_1_90' title='bbox 896 1513 990 1579; x_wconf 92' lang='lat' dir='ltr'><strong>qui</strong></span> <span class='ocrx_word' id='word_1_91' title='bbox 1043 1513 1161 1563; x_wconf 90' lang='lat' dir='ltr'><strong>sine</strong></span> <span class='ocrx_word' id='word_1_92' title='bbox 1207 1520 1421 1577; x_wconf 85' lang='lat' dir='ltr'><strong>peccato</strong></span> 
     </span>
     <span class='ocr_line' id='line_1_18' title="bbox 353 1583 1423 1650; baseline -0.004 -14"><span class='ocrx_word' id='word_1_93' title='bbox 353 1594 484 1636; x_wconf 88' lang='lat' dir='ltr'><strong>erat.</strong></span> <span class='ocrx_word' id='word_1_94' title='bbox 513 1586 805 1636; x_wconf 89' lang='lat' dir='ltr'><strong>Sabbatum</strong></span> <span class='ocrx_word' id='word_1_95' title='bbox 830 1586 976 1636; x_wconf 88' lang='lat' dir='ltr'><strong>enim</strong></span> <span class='ocrx_word' id='word_1_96' title='bbox 1005 1586 1284 1636; x_wconf 90' lang='lat' dir='ltr'><strong>observare</strong></span> <span class='ocrx_word' id='word_1_97' title='bbox 1306 1583 1423 1650; x_wconf 91' lang='lat' dir='ltr'><strong>spi-</strong></span> 
     </span>
     <span class='ocr_line' id='line_1_19' title="bbox 355 1655 1420 1722; baseline -0.001 -18"><span class='ocrx_word' id='word_1_98' title='bbox 355 1655 621 1706; x_wconf 86' lang='lat' dir='ltr'><strong>ritualiter</strong></span> <span class='ocrx_word' id='word_1_99' title='bbox 642 1667 723 1706; x_wconf 92' lang='lat' dir='ltr'><strong>est</strong></span> <span class='ocrx_word' id='word_1_100' title='bbox 753 1673 863 1706; x_wconf 91' lang='lat' dir='ltr'><strong>non</strong></span> <span class='ocrx_word' id='word_1_101' title='bbox 898 1656 1095 1707; x_wconf 86' lang='lat' dir='ltr'><strong>habere</strong></span> <span class='ocrx_word' id='word_1_102' title='bbox 1114 1665 1420 1722; x_wconf 89' lang='lat' dir='ltr'><strong>peccatum;</strong></span> 
     </span>
     <span class='ocr_line' id='line_1_20' title="bbox 357 1727 1422 1793; baseline -0.002 -16"><span class='ocrx_word' id='word_1_103' title='bbox 357 1736 411 1777; x_wconf 88' lang='lat' dir='ltr'><strong>et</strong></span> <span class='ocrx_word' id='word_1_104' title='bbox 486 1727 591 1777; x_wconf 89' lang='lat' dir='ltr'><strong>hoc</strong></span> <span class='ocrx_word' id='word_1_105' title='bbox 658 1729 914 1778; x_wconf 88' lang='lat' dir='ltr'><strong>admonet</strong></span> <span class='ocrx_word' id='word_1_106' title='bbox 987 1729 1150 1788; x_wconf 83' lang='lat' dir='ltr'><strong>DeuS,</strong></span> <span class='ocrx_word' id='word_1_107' title='bbox 1202 1727 1422 1793; x_wconf 91' lang='lat' dir='ltr'><strong>quando</strong></span> 
     </span>
     <span class='ocr_line' id='line_1_21' title="bbox 357 1798 1423 1864; baseline 0.001 -18"><span class='ocrx_word' id='word_1_108' title='bbox 357 1798 698 1849; x_wconf 87' lang='lat' dir='ltr'><strong>commendat</strong></span> <span class='ocrx_word' id='word_1_109' title='bbox 743 1799 1045 1858; x_wconf 89' lang='lat' dir='ltr'><strong>sabbatum,</strong></span> <span class='ocrx_word' id='word_1_110' title='bbox 1094 1812 1246 1852; x_wconf 86' lang='lat' dir='ltr'><strong>omne</strong></span> <span class='ocrx_word' id='word_1_111' title='bbox 1288 1812 1423 1864; x_wconf 80' lang='lat' dir='ltr'><strong>opus</strong></span> 
     </span>
     <span class='ocr_line' id='line_1_22' title="bbox 344 1867 1424 1932; baseline 0 -16"><span class='ocrx_word' id='word_1_112' title='bbox 344 1867 553 1916; x_wconf 42' lang='lat' dir='ltr'><strong>*servile</strong></span> <span class='ocrx_word' id='word_1_113' title='bbox 580 1882 682 1917; x_wconf 85' lang='lat' dir='ltr'><strong>non</strong></span> <span class='ocrx_word' id='word_1_114' title='bbox 712 1868 943 1932; x_wconf 86' lang='lat' dir='ltr'><strong>facietis</strong></span> <span class='ocrx_word' id='word_1_115' title='bbox 975 1869 1028 1918; x_wconf 86' lang='lat' dir='ltr'><strong>in</strong></span> <span class='ocrx_word' id='word_1_116' title='bbox 1055 1883 1133 1922; x_wconf 84' lang='lat' dir='ltr'><strong>eo.</strong></span> <span class='ocrx_word' id='word_1_117' title='bbox 1180 1868 1323 1928; x_wconf 84' lang='lat' dir='ltr'><strong>Quid</strong></span> <span class='ocrx_word' id='word_1_118' title='bbox 1352 1867 1424 1917; x_wconf 86' lang='lat' dir='ltr'><strong>sit</strong></span> 
     </span>
     <span class='ocr_line' id='line_1_23' title="bbox 349 1940 1419 2003; baseline 0.003 -16"><span class='ocrx_word' id='word_1_119' title='bbox 349 1953 501 2003; x_wconf 48' lang='lat' dir='ltr'><strong>*opus</strong></span> <span class='ocrx_word' id='word_1_120' title='bbox 556 1941 764 1999; x_wconf 87' lang='lat' dir='ltr'><strong>servile,</strong></span> <span class='ocrx_word' id='word_1_121' title='bbox 812 1955 841 1990; x_wconf 94' lang='lat' dir='ltr'><strong>a</strong></span> <span class='ocrx_word' id='word_1_122' title='bbox 889 1940 1122 1991; x_wconf 89' lang='lat' dir='ltr'><strong>Domino</strong></span> <span class='ocrx_word' id='word_1_123' title='bbox 1175 1940 1358 1991; x_wconf 90' lang='lat' dir='ltr'><strong>audite</strong></span> <span class='ocrx_word' id='word_1_124' title='bbox 1405 1956 1419 1990; x_wconf 78' lang='lat' dir='ltr'><strong><em>z</em></strong></span> 
     </span>
     <span class='ocr_line' id='line_1_24' title="bbox 362 2009 1423 2079; baseline 0.002 -17"><span class='ocrx_word' id='word_1_125' title='bbox 362 2009 550 2062; x_wconf 86' lang='lat' dir='ltr'><strong>Omnis</strong></span> <span class='ocrx_word' id='word_1_126' title='bbox 590 2011 682 2076; x_wconf 83' lang='lat' dir='ltr'><strong>qui</strong></span> <span class='ocrx_word' id='word_1_127' title='bbox 715 2011 865 2076; x_wconf 87' lang='lat' dir='ltr'><strong>facit</strong></span> <span class='ocrx_word' id='word_1_128' title='bbox 896 2021 1190 2079; x_wconf 83' lang='lat' dir='ltr'><strong>peccatum,</strong></span> <span class='ocrx_word' id='word_1_129' title='bbox 1235 2028 1423 2064; x_wconf 82' lang='lat' dir='ltr'><strong>servus</strong></span> 
     </span>
     <span class='ocr_line' id='line_1_25' title="bbox 358 2081 1424 2147; baseline 0.005 -18"><span class='ocrx_word' id='word_1_130' title='bbox 358 2084 442 2130; x_wconf 83' lang='lat' dir='ltr'><strong>est</strong></span> <span class='ocrx_word' id='word_1_131' title='bbox 458 2081 672 2147; x_wconf 81' lang='lat' dir='ltr'><strong>peccati</strong></span> <span class='ocrx_word' id='word_1_132' title='bbox 688 2097 709 2143; x_wconf 89' lang='lat'><em>;</em></span> <span class='ocrx_word' id='word_1_133' title='bbox 750 2082 842 2132; x_wconf 88' lang='lat' dir='ltr'><strong>sed</strong></span> <span class='ocrx_word' id='word_1_134' title='bbox 883 2083 972 2135; x_wconf 91' lang='lat' dir='ltr'><strong>isti</strong></span> <span class='ocrx_word' id='word_1_135' title='bbox 1006 2084 1288 2134; x_wconf 87' lang='lat' dir='ltr'><strong>sabbatum</strong></span> <span class='ocrx_word' id='word_1_136' title='bbox 1318 2098 1424 2134; x_wconf 90' lang='lat' dir='ltr'><strong>car-</strong></span> 
     </span>
     <span class='ocr_line' id='line_1_26' title="bbox 358 2152 1424 2223; baseline 0.002 -21"><span class='ocrx_word' id='word_1_137' title='bbox 358 2152 551 2202; x_wconf 89' lang='lat' dir='ltr'><strong>naliter</strong></span> <span class='ocrx_word' id='word_1_138' title='bbox 623 2153 990 2217; x_wconf 82' lang='lat' dir='ltr'><strong>observabant,</strong></span> <span class='ocrx_word' id='word_1_139' title='bbox 1070 2155 1424 2223; x_wconf 88' lang='lat' dir='ltr'><strong>spiritualiter</strong></span> 
     </span>
     <span class='ocr_line' id='line_1_27' title="bbox 355 2225 1421 2298; baseline 0.004 -22"><span class='ocrx_word' id='word_1_140' title='bbox 355 2225 629 2277; x_wconf 86' lang='lat' dir='ltr'><strong>violabant</strong></span> <span class='ocrx_word' id='word_1_141' title='bbox 658 2244 671 2277; x_wconf 86' lang='lat'><strong>:</strong></span> <span class='ocrx_word' id='word_1_142' title='bbox 705 2248 728 2273; x_wconf 83' lang='lat'>»</span> <span class='ocrx_word' id='word_1_143' title='bbox 761 2228 874 2279; x_wconf 87' lang='lat' dir='ltr'><strong>haec</strong></span> <span class='ocrx_word' id='word_1_144' title='bbox 895 2230 1259 2298; x_wconf 82' lang='lat' dir='ltr'><strong>Augustinus.</strong></span> <span class='ocrx_word' id='word_1_145' title='bbox 1287 2229 1421 2280; x_wconf 88' lang='lat' dir='ltr'><strong>Ecce</strong></span> 
     </span>
     <span class='ocr_line' id='line_1_28' title="bbox 356 2299 1423 2366; baseline 0.004 -21"><span class='ocrx_word' id='word_1_146' title='bbox 356 2300 633 2366; x_wconf 85' lang='lat' dir='ltr'><strong>quomodo</strong></span> <span class='ocrx_word' id='word_1_147' title='bbox 673 2299 732 2349; x_wconf 89' lang='lat' dir='ltr'><strong>hi</strong></span> <span class='ocrx_word' id='word_1_148' title='bbox 778 2300 1163 2352; x_wconf 86' lang='lat' dir='ltr'><strong>traditionibus</strong></span> <span class='ocrx_word' id='word_1_149' title='bbox 1192 2299 1305 2350; x_wconf 88' lang='lat' dir='ltr'><strong>suis</strong></span> <span class='ocrx_word' id='word_1_150' title='bbox 1344 2300 1423 2349; x_wconf 90' lang='lat' dir='ltr'><strong>in-</strong></span> 
     </span>
     <span class='ocr_line' id='line_1_29' title="bbox 355 2369 1421 2433; baseline 0.003 -14"><span class='ocrx_word' id='word_1_151' title='bbox 355 2369 683 2433; x_wconf 85' lang='lat' dir='ltr'><strong>nitebantur,</strong></span> <span class='ocrx_word' id='word_1_152' title='bbox 729 2383 791 2424; x_wconf 91' lang='lat' dir='ltr'><strong>ut</strong></span> <span class='ocrx_word' id='word_1_153' title='bbox 831 2375 981 2424; x_wconf 90' lang='lat' dir='ltr'><strong>nullo</strong></span> <span class='ocrx_word' id='word_1_154' title='bbox 1020 2374 1183 2424; x_wconf 90' lang='lat' dir='ltr'><strong>modo</strong></span> <span class='ocrx_word' id='word_1_155' title='bbox 1231 2373 1421 2424; x_wconf 87' lang='lat' dir='ltr'><strong>violari</strong></span> 
     </span>
     <span class='ocr_line' id='line_1_30' title="bbox 355 2446 1420 2512; baseline 0.003 -19"><span class='ocrx_word' id='word_1_156' title='bbox 355 2458 446 2493; x_wconf 86' lang='lat' dir='ltr'><strong>eas</strong></span> <span class='ocrx_word' id='word_1_157' title='bbox 491 2447 886 2512; x_wconf 89' lang='lat' dir='ltr'><strong>permitterent;</strong></span> <span class='ocrx_word' id='word_1_158' title='bbox 935 2458 987 2498; x_wconf 92' lang='lat' dir='ltr'><strong>et</strong></span> <span class='ocrx_word' id='word_1_159' title='bbox 1033 2449 1282 2498; x_wconf 90' lang='lat' dir='ltr'><strong>mandata</strong></span> <span class='ocrx_word' id='word_1_160' title='bbox 1323 2446 1420 2497; x_wconf 90' lang='lat' dir='ltr'><strong>Dei</strong></span> 
     </span>
     <span class='ocr_line' id='line_1_31' title="bbox 355 2517 1423 2582; baseline 0.004 -17"><span class='ocrx_word' id='word_1_161' title='bbox 355 2517 529 2582; x_wconf 84' lang='lat' dir='ltr'><strong>magis</strong></span> <span class='ocrx_word' id='word_1_162' title='bbox 574 2520 868 2570; x_wconf 88' lang='lat' dir='ltr'><strong>necessaria</strong></span> <span class='ocrx_word' id='word_1_163' title='bbox 887 2519 1223 2578; x_wconf 90' lang='lat' dir='ltr'><strong>omittebant,</strong></span> <span class='ocrx_word' id='word_1_164' title='bbox 1262 2533 1423 2569; x_wconf 87' lang='lat' dir='ltr'><strong>exco-</strong></span> 
     </span>
     <span class='ocr_line' id='line_1_32' title="bbox 357 2587 1421 2658; baseline 0.006 -22"><span class='ocrx_word' id='word_1_165' title='bbox 357 2587 528 2641; x_wconf 86' lang='lat' dir='ltr'><strong>lantes</strong></span> <span class='ocrx_word' id='word_1_166' title='bbox 550 2592 785 2657; x_wconf 88' lang='lat' dir='ltr'><strong>culicem,</strong></span> <span class='ocrx_word' id='word_1_167' title='bbox 810 2593 1067 2644; x_wconf 86' lang='lat' dir='ltr'><strong>camelum</strong></span> <span class='ocrx_word' id='word_1_168' title='bbox 1091 2599 1267 2643; x_wconf 87' lang='lat' dir='ltr'><strong>autem</strong></span> <span class='ocrx_word' id='word_1_169' title='bbox 1288 2592 1421 2658; x_wconf 85' lang='lat' dir='ltr'><strong>glu-</strong></span> 
     </span>
     <span class='ocr_line' id='line_1_33' title="bbox 360 2659 1423 2715; baseline 0.006 -7"><span class='ocrx_word' id='word_1_170' title='bbox 360 2659 563 2714; x_wconf 80' lang='lat' dir='ltr'><strong>tientes,</strong></span> <span class='ocrx_word' id='word_1_171' title='bbox 614 2662 702 2713; x_wconf 91' lang='lat' dir='ltr'><strong>Sic</strong></span> <span class='ocrx_word' id='word_1_172' title='bbox 747 2674 800 2715; x_wconf 92' lang='lat' dir='ltr'><strong>et</strong></span> <span class='ocrx_word' id='word_1_173' title='bbox 861 2664 1024 2714; x_wconf 88' lang='lat' dir='ltr'><strong>hodie</strong></span> <span class='ocrx_word' id='word_1_174' title='bbox 1080 2663 1238 2715; x_wconf 87' lang='lat' dir='ltr'><strong>multi</strong></span> <span class='ocrx_word' id='word_1_175' title='bbox 1298 2678 1423 2714; x_wconf 87' lang='lat' dir='ltr'><strong>suas</strong></span> 
     </span>
     <span class='ocr_line' id='line_1_34' title="bbox 356 2732 1423 2800; baseline 0.002 -19"><span class='ocrx_word' id='word_1_176' title='bbox 356 2734 673 2786; x_wconf 89' lang='lat' dir='ltr'><strong>traditiones</strong></span> <span class='ocrx_word' id='word_1_177' title='bbox 723 2746 776 2787; x_wconf 88' lang='lat' dir='ltr'><strong>et</strong></span> <span class='ocrx_word' id='word_1_178' title='bbox 815 2734 1064 2787; x_wconf 87' lang='lat' dir='ltr'><strong>instituta</strong></span> <span class='ocrx_word' id='word_1_179' title='bbox 1113 2732 1286 2800; x_wconf 88' lang='lat' dir='ltr'><strong>magis</strong></span> <span class='ocrx_word' id='word_1_180' title='bbox 1333 2749 1423 2784; x_wconf 90' lang='lat' dir='ltr'><strong>se-</strong></span> 
     </span>
     <span class='ocr_line' id='line_1_35' title="bbox 356 2805 1423 2873; baseline 0.002 -21"><span class='ocrx_word' id='word_1_181' title='bbox 356 2816 600 2869; x_wconf 86' lang='lat' dir='ltr'><strong>quuntur</strong></span> <span class='ocrx_word' id='word_1_182' title='bbox 654 2818 706 2859; x_wconf 90' lang='lat' dir='ltr'><strong>et</strong></span> <span class='ocrx_word' id='word_1_183' title='bbox 756 2808 1061 2872; x_wconf 89' lang='lat' dir='ltr'><strong>observant,</strong></span> <span class='ocrx_word' id='word_1_184' title='bbox 1113 2822 1277 2873; x_wconf 90' lang='lat' dir='ltr'><strong>quam</strong></span> <span class='ocrx_word' id='word_1_185' title='bbox 1325 2805 1423 2855; x_wconf 92' lang='lat' dir='ltr'><strong>Dei</strong></span> 
     </span>
     <span class='ocr_line' id='line_1_36' title="bbox 348 2877 1424 2939; baseline 0.004 -15"><span class='ocrx_word' id='word_1_186' title='bbox 348 2877 626 2939; x_wconf 73' lang='lat' dir='ltr'><strong>mandata,</strong></span> <span class='ocrx_word' id='word_1_187' title='bbox 658 2880 865 2933; x_wconf 88' lang='lat' dir='ltr'><strong>similes</strong></span> <span class='ocrx_word' id='word_1_188' title='bbox 902 2881 960 2932; x_wconf 90' lang='lat' dir='ltr'><strong>in</strong></span> <span class='ocrx_word' id='word_1_189' title='bbox 1006 2881 1110 2934; x_wconf 81' lang='lat' dir='ltr'><strong>hoc</strong></span> <span class='ocrx_word' id='word_1_190' title='bbox 1137 2878 1424 2930; x_wconf 86' lang='lat' dir='ltr'><strong>Pharisaeis</strong></span> 
     </span>
     <span class='ocr_line' id='line_1_37' title="bbox 355 2946 1423 3015; baseline 0.001 -17"><span class='ocrx_word' id='word_1_191' title='bbox 355 2946 415 2997; x_wconf 91' lang='lat' dir='ltr'><strong>in</strong></span> <span class='ocrx_word' id='word_1_192' title='bbox 460 2965 646 3015; x_wconf 85' lang='lat' dir='ltr'><strong>opere3</strong></span> <span class='ocrx_word' id='word_1_193' title='bbox 677 2954 769 3004; x_wconf 89' lang='lat' dir='ltr'><strong>sed</strong></span> <span class='ocrx_word' id='word_1_194' title='bbox 797 2954 1022 3004; x_wconf 88' lang='lat' dir='ltr'><strong>timeant</strong></span> <span class='ocrx_word' id='word_1_195' title='bbox 1050 2968 1119 3003; x_wconf 90' lang='lat' dir='ltr'><strong>ne</strong></span> <span class='ocrx_word' id='word_1_196' title='bbox 1163 2951 1321 3003; x_wconf 86' lang='lat' dir='ltr'><strong>etiam</strong></span> <span class='ocrx_word' id='word_1_197' title='bbox 1368 2950 1423 2999; x_wconf 92' lang='lat' dir='ltr'><strong>in</strong></span> 
     </span>
     <span class='ocr_line' id='line_1_38' title="bbox 357 3024 1425 3080; baseline 0.006 -11"><span class='ocrx_word' id='word_1_198' title='bbox 357 3024 621 3080; x_wconf 78' lang='lat' dir='ltr'><strong>mercedis</strong></span> <span class='ocrx_word' id='word_1_199' title='bbox 647 3027 1019 3078; x_wconf 90' lang='lat' dir='ltr'><strong>retributione.</strong></span> <span class='ocrx_word' id='word_1_200' title='bbox 1046 3028 1110 3077; x_wconf 85' lang='lat' dir='ltr'><strong>Et</strong></span> <span class='ocrx_word' id='word_1_201' title='bbox 1137 3042 1261 3076; x_wconf 91' lang='lat' dir='ltr'><strong>cum</strong></span> <span class='ocrx_word' id='word_1_202' title='bbox 1290 3025 1425 3076; x_wconf 88' lang='lat' dir='ltr'><strong>schi-</strong></span> 
     </span>
     <span class='ocr_line' id='line_1_39' title="bbox 351 3095 1424 3162; baseline 0.004 -20"><span class='ocrx_word' id='word_1_203' title='bbox 351 3095 474 3142; x_wconf 85' lang='lat' dir='ltr'><strong>sma</strong></span> <span class='ocrx_word' id='word_1_204' title='bbox 514 3104 566 3144; x_wconf 92' lang='lat' dir='ltr'><strong>et</strong></span> <span class='ocrx_word' id='word_1_205' title='bbox 595 3096 863 3149; x_wconf 90' lang='lat' dir='ltr'><strong>dissensio</strong></span> <span class='ocrx_word' id='word_1_206' title='bbox 892 3100 1015 3149; x_wconf 90' lang='lat' dir='ltr'><strong>inde</strong></span> <span class='ocrx_word' id='word_1_207' title='bbox 1054 3097 1220 3162; x_wconf 88' lang='lat' dir='ltr'><strong>fieret,</strong></span> <span class='ocrx_word' id='word_1_208' title='bbox 1252 3112 1424 3148; x_wconf 87' lang='lat' dir='ltr'><strong>caecus</strong></span> 
     </span>
     <span class='ocr_line' id='line_1_40' title="bbox 355 3166 1424 3226; baseline 0.006 -11"><span class='ocrx_word' id='word_1_209' title='bbox 355 3166 695 3222; x_wconf 89' lang='lat' dir='ltr'><strong>illuminatus</strong></span> <span class='ocrx_word' id='word_1_210' title='bbox 746 3184 1047 3226; x_wconf 89' lang='lat' dir='ltr'><strong>constanter</strong></span> <span class='ocrx_word' id='word_1_211' title='bbox 1093 3182 1145 3224; x_wconf 88' lang='lat' dir='ltr'><strong>et</strong></span> <span class='ocrx_word' id='word_1_212' title='bbox 1193 3169 1424 3222; x_wconf 89' lang='lat' dir='ltr'><strong>viriliter</strong></span> 
     </span>
     <span class='ocr_line' id='line_1_41' title="bbox 352 3239 1421 3310; baseline 0.005 -22"><span class='ocrx_word' id='word_1_213' title='bbox 352 3239 515 3290; x_wconf 89' lang='lat' dir='ltr'><strong>etiam</strong></span> <span class='ocrx_word' id='word_1_214' title='bbox 577 3255 760 3295; x_wconf 92' lang='lat' dir='ltr'><strong>contra</strong></span> <span class='ocrx_word' id='word_1_215' title='bbox 829 3246 1053 3310; x_wconf 85' lang='lat' dir='ltr'><strong>majores</strong></span> <span class='ocrx_word' id='word_1_216' title='bbox 1111 3244 1421 3295; x_wconf 86' lang='lat' dir='ltr'><strong>Judaeorum</strong></span> 
     </span>
     <span class='ocr_line' id='line_1_42' title="bbox 353 3314 1422 3381; baseline 0.005 -22"><span class='ocrx_word' id='word_1_217' title='bbox 353 3321 561 3375; x_wconf 91' lang='lat' dir='ltr'><strong>partem</strong></span> <span class='ocrx_word' id='word_1_218' title='bbox 610 3314 830 3367; x_wconf 89' lang='lat' dir='ltr'><strong>Domini</strong></span> <span class='ocrx_word' id='word_1_219' title='bbox 886 3314 1141 3366; x_wconf 86' lang='lat' dir='ltr'><strong>defendit.</strong></span> <span class='ocrx_word' id='word_1_220' title='bbox 1200 3315 1261 3364; x_wconf 90' lang='lat' dir='ltr'><strong>In</strong></span> <span class='ocrx_word' id='word_1_221' title='bbox 1311 3330 1422 3381; x_wconf 93' lang='lat' dir='ltr'><strong>quo</strong></span> 
     </span>
     <span class='ocr_line' id='line_1_43' title="bbox 351 3384 1424 3453; baseline 0.006 -22"><span class='ocrx_word' id='word_1_222' title='bbox 351 3384 621 3448; x_wconf 84' lang='lat' dir='ltr'><strong>gratitudo</strong></span> <span class='ocrx_word' id='word_1_223' title='bbox 667 3388 781 3453; x_wconf 88' lang='lat' dir='ltr'><strong>ejus</strong></span> <span class='ocrx_word' id='word_1_224' title='bbox 824 3402 1017 3453; x_wconf 88' lang='lat' dir='ltr'><strong>magna</strong></span> <span class='ocrx_word' id='word_1_225' title='bbox 1065 3386 1339 3453; x_wconf 89' lang='lat' dir='ltr'><strong>apparuit;</strong></span> <span class='ocrx_word' id='word_1_226' title='bbox 1372 3396 1424 3437; x_wconf 88' lang='lat' dir='ltr'><strong>et</strong></span> 
     </span>
    </p>
   </div>
   <div class='ocr_carea' id='block_1_3' title="bbox 351 3456 1428 3524">
    <p class='ocr_par' dir='ltr' id='par_1_4' title="bbox 351 3456 1428 3524">
     <span class='ocr_line' id='line_1_44' title="bbox 351 3456 1428 3524; baseline 0.005 -21"><span class='ocrx_word' id='word_1_227' title='bbox 351 3467 448 3517; x_wconf 87' lang='lat' dir='ltr'><strong>per</strong></span> <span class='ocrx_word' id='word_1_228' title='bbox 480 3456 583 3508; x_wconf 89' lang='lat' dir='ltr'><strong>hoc</strong></span> <span class='ocrx_word' id='word_1_229' title='bbox 618 3458 777 3509; x_wconf 89' lang='lat' dir='ltr'><strong>etiarn</strong></span> <span class='ocrx_word' id='word_1_230' title='bbox 816 3458 1054 3509; x_wconf 90' lang='lat' dir='ltr'><strong>ostendit</strong></span> <span class='ocrx_word' id='word_1_231' title='bbox 1093 3458 1239 3523; x_wconf 92' lang='lat' dir='ltr'><strong>quod</strong></span> <span class='ocrx_word' id='word_1_232' title='bbox 1268 3457 1428 3524; x_wconf 88' lang='lat' dir='ltr'><strong>quili-</strong></span> 
     </span>
    </p>
   </div>
   <div class='ocr_carea' id='block_1_4' title="bbox 346 3528 1423 4019">
    <p class='ocr_par' dir='ltr' id='par_1_5' title="bbox 346 3528 1423 4019">
     <span class='ocr_line' id='line_1_45' title="bbox 346 3528 1423 3597; baseline -0.002 -16"><span class='ocrx_word' id='word_1_233' title='bbox 346 3532 441 3582; x_wconf 86' lang='lat' dir='ltr'><strong>&#39;bet</strong></span> <span class='ocrx_word' id='word_1_234' title='bbox 486 3540 751 3597; x_wconf 89' lang='lat' dir='ltr'><strong>gratanter</strong></span> <span class='ocrx_word' id='word_1_235' title='bbox 782 3539 833 3582; x_wconf 89' lang='lat' dir='ltr'><strong>et</strong></span> <span class='ocrx_word' id='word_1_236' title='bbox 864 3537 1170 3579; x_wconf 89' lang='lat' dir='ltr'><strong>constanter</strong></span> <span class='ocrx_word' id='word_1_237' title='bbox 1215 3528 1423 3579; x_wconf 90' lang='lat' dir='ltr'><strong>benefi-</strong></span> 
     </span>
     <span class='ocr_line' id='line_1_46' title="bbox 350 3599 1420 3665; baseline -0.003 -11"><span class='ocrx_word' id='word_1_238' title='bbox 350 3600 496 3654; x_wconf 86' lang='lat' dir='ltr'><strong>cium</strong></span> <span class='ocrx_word' id='word_1_239' title='bbox 543 3600 792 3650; x_wconf 90' lang='lat' dir='ltr'><strong>divinum</strong></span> <span class='ocrx_word' id='word_1_240' title='bbox 826 3613 1201 3665; x_wconf 88' lang='lat' dir='ltr'><strong>recognoscere</strong></span> <span class='ocrx_word' id='word_1_241' title='bbox 1246 3599 1420 3652; x_wconf 87' lang='lat' dir='ltr'><strong>debet.</strong></span> 
     </span>
     <span class='ocr_line' id='line_1_47' title="bbox 352 3668 1423 3723; baseline -0.001 -2"><span class='ocrx_word' id='word_1_242' title='bbox 352 3670 620 3722; x_wconf 88' lang='lat' dir='ltr'><strong>Constans</strong></span> <span class='ocrx_word' id='word_1_243' title='bbox 647 3672 845 3723; x_wconf 91' lang='lat' dir='ltr'><strong>athleta</strong></span> <span class='ocrx_word' id='word_1_244' title='bbox 871 3680 923 3721; x_wconf 87' lang='lat' dir='ltr'><strong>et</strong></span> <span class='ocrx_word' id='word_1_245' title='bbox 960 3668 1254 3721; x_wconf 88' lang='lat' dir='ltr'><strong>immobilis</strong></span> <span class='ocrx_word' id='word_1_246' title='bbox 1288 3686 1423 3721; x_wconf 89' lang='lat' dir='ltr'><strong>con-</strong></span> 
     </span>
     <span class='ocr_line' id='line_1_48' title="bbox 350 3740 1422 3809; baseline -0.001 -17"><span class='ocrx_word' id='word_1_247' title='bbox 350 3740 522 3792; x_wconf 77' lang='lat' dir='ltr'><strong>sessor</strong></span> <span class='ocrx_word' id='word_1_248' title='bbox 561 3743 796 3794; x_wconf 90' lang='lat' dir='ltr'><strong>veritatis</strong></span> <span class='ocrx_word' id='word_1_249' title='bbox 824 3751 1002 3809; x_wconf 84' lang='lat' dir='ltr'><strong>aperte</strong></span> <span class='ocrx_word' id='word_1_250' title='bbox 1035 3740 1229 3791; x_wconf 90' lang='lat' dir='ltr'><strong>fatetur</strong></span> <span class='ocrx_word' id='word_1_251' title='bbox 1255 3741 1422 3791; x_wconf 89' lang='lat' dir='ltr'><strong>bene-</strong></span> 
     </span>
     <span class='ocr_line' id='line_1_49' title="bbox 349 3810 1418 3879; baseline 0.003 -19"><span class='ocrx_word' id='word_1_252' title='bbox 349 3810 553 3873; x_wconf 89' lang='lat' dir='ltr'><strong>ficium,</strong></span> <span class='ocrx_word' id='word_1_253' title='bbox 607 3829 671 3863; x_wconf 88' lang='lat' dir='ltr'><strong>ne</strong></span> <span class='ocrx_word' id='word_1_254' title='bbox 718 3815 952 3866; x_wconf 89' lang='lat' dir='ltr'><strong>incurrat</strong></span> <span class='ocrx_word' id='word_1_255' title='bbox 1010 3811 1418 3879; x_wconf 82' lang='lat' dir='ltr'><strong>ingratitudinis</strong></span> 
     </span>
     <span class='ocr_line' id='line_1_50' title="bbox 346 3880 1422 3949; baseline 0.002 -20"><span class='ocrx_word' id='word_1_256' title='bbox 346 3880 630 3931; x_wconf 91' lang='lat' dir='ltr'><strong>damnum.</strong></span> <span class='ocrx_word' id='word_1_257' title='bbox 656 3884 955 3934; x_wconf 87' lang='lat' dir='ltr'><strong>Annuntiat</strong></span> <span class='ocrx_word' id='word_1_258' title='bbox 980 3884 1229 3949; x_wconf 86' lang='lat' dir='ltr'><strong>gratiam,</strong></span> <span class='ocrx_word' id='word_1_259' title='bbox 1266 3896 1422 3932; x_wconf 90' lang='lat' dir='ltr'><strong>evan-</strong></span> 
     </span>
     <span class='ocr_line' id='line_1_51' title="bbox 354 3952 1420 4019; baseline 0.003 -16"><span class='ocrx_word' id='word_1_260' title='bbox 354 3952 545 4019; x_wconf 85' lang='lat' dir='ltr'><strong>gelizat</strong></span> <span class='ocrx_word' id='word_1_261' title='bbox 585 3964 635 4004; x_wconf 87' lang='lat' dir='ltr'><strong>et</strong></span> <span class='ocrx_word' id='word_1_262' title='bbox 673 3955 953 4007; x_wconf 84' lang='lat' dir='ltr'><strong>confitetur</strong></span> <span class='ocrx_word' id='word_1_263' title='bbox 1007 3955 1173 4007; x_wconf 88' lang='lat' dir='ltr'><strong>libere</strong></span> <span class='ocrx_word' id='word_1_264' title='bbox 1219 3954 1420 4006; x_wconf 87' lang='lat' dir='ltr'><strong>verita-</strong></span> 
     </span>
    </p>
   </div>
   <div class='ocr_carea' id='block_1_5' title="bbox 1523 433 2556 719">
    <p class='ocr_par' dir='ltr' id='par_1_6' title="bbox 1523 433 2556 719">
     <span class='ocr_line' id='line_1_52' title="bbox 1524 433 2556 499; baseline 0.007 -17"><span class='ocrx_word' id='word_1_265' title='bbox 1524 441 1635 484; x_wconf 85' lang='lat' dir='ltr'><strong>tem</strong></span> <span class='ocrx_word' id='word_1_266' title='bbox 1683 433 1749 483; x_wconf 90' lang='lat' dir='ltr'><strong>ad</strong></span> <span class='ocrx_word' id='word_1_267' title='bbox 1790 433 2016 499; x_wconf 85' lang='lat' dir='ltr'><strong>gloriam</strong></span> <span class='ocrx_word' id='word_1_268' title='bbox 2054 434 2156 485; x_wconf 81' lang='lat' dir='ltr'><strong>Dei</strong></span> <span class='ocrx_word' id='word_1_269' title='bbox 2210 445 2262 485; x_wconf 89' lang='lat' dir='ltr'><strong>et</strong></span> <span class='ocrx_word' id='word_1_270' title='bbox 2320 437 2556 488; x_wconf 80' lang='lat' dir='ltr'><strong>laudem:</strong></span> 
     </span>
     <span class='ocr_line' id='line_1_53' title="bbox 1526 503 2556 566; baseline 0.007 -13"><span class='ocrx_word' id='word_1_271' title='bbox 1526 504 1629 554; x_wconf 89' lang='lat' dir='ltr'><strong>hoc</strong></span> <span class='ocrx_word' id='word_1_272' title='bbox 1668 520 1782 554; x_wconf 88' lang='lat' dir='ltr'><strong>non</strong></span> <span class='ocrx_word' id='word_1_273' title='bbox 1822 503 1924 555; x_wconf 88' lang='lat' dir='ltr'><strong>nisi</strong></span> <span class='ocrx_word' id='word_1_274' title='bbox 1951 521 1982 556; x_wconf 91' lang='lat' dir='ltr'><strong>a</strong></span> <span class='ocrx_word' id='word_1_275' title='bbox 2010 506 2266 566; x_wconf 89' lang='lat' dir='ltr'><strong>Domin0,</strong></span> <span class='ocrx_word' id='word_1_276' title='bbox 2303 523 2394 557; x_wconf 90' lang='lat' dir='ltr'><strong>nec</strong></span> <span class='ocrx_word' id='word_1_277' title='bbox 2430 525 2459 559; x_wconf 89' lang='lat' dir='ltr'><strong>a</strong></span> <span class='ocrx_word' id='word_1_278' title='bbox 2480 509 2556 560; x_wconf 88' lang='lat' dir='ltr'><strong>di·</strong></span> 
     </span>
     <span class='ocr_line' id='line_1_54' title="bbox 1523 576 2556 641; baseline 0.007 -15"><span class='ocrx_word' id='word_1_279' title='bbox 1523 576 1765 641; x_wconf 86' lang='lat' dir='ltr'><strong>scipulis,</strong></span> <span class='ocrx_word' id='word_1_280' title='bbox 1792 577 1897 629; x_wconf 86' lang='lat' dir='ltr'><strong>nisi</strong></span> <span class='ocrx_word' id='word_1_281' title='bbox 1923 579 2066 629; x_wconf 89' lang='lat' dir='ltr'><strong>Deus</strong></span> <span class='ocrx_word' id='word_1_282' title='bbox 2094 589 2238 630; x_wconf 84' lang='lat' dir='ltr'><strong>esset</strong></span> <span class='ocrx_word' id='word_1_283' title='bbox 2265 579 2319 629; x_wconf 91' lang='lat' dir='ltr'><strong>in</strong></span> <span class='ocrx_word' id='word_1_284' title='bbox 2359 581 2446 640; x_wconf 89' lang='lat' dir='ltr'><strong>eis,</strong></span> <span class='ocrx_word' id='word_1_285' title='bbox 2473 582 2556 632; x_wconf 86' lang='lat' dir='ltr'><strong>fie-</strong></span> 
     </span>
     <span class='ocr_line' id='line_1_55' title="bbox 1524 650 2556 719; baseline 0.008 -20"><span class='ocrx_word' id='word_1_286' title='bbox 1524 659 1619 700; x_wconf 87' lang='lat' dir='ltr'><strong>ret.</strong></span> <span class='ocrx_word' id='word_1_287' title='bbox 1665 650 1824 701; x_wconf 93' lang='lat' dir='ltr'><strong>Unde</strong></span> <span class='ocrx_word' id='word_1_288' title='bbox 1869 650 2291 719; x_wconf 76' lang='lat' dir='ltr'><strong>chrysostomus</strong></span> <span class='ocrx_word' id='word_1_289' title='bbox 2320 671 2337 704; x_wconf 90' lang='lat'><strong>.·</strong></span> <span class='ocrx_word' id='word_1_290' title='bbox 2365 671 2392 700; x_wconf 81' lang='lat'>«</span> <span class='ocrx_word' id='word_1_291' title='bbox 2415 653 2556 707; x_wconf 80' lang='lat' dir='ltr'><strong>Vides</strong></span> 
     </span>
    </p>
   </div>
   <div class='ocr_carea' id='block_1_6' title="bbox 1525 723 2590 792">
    <p class='ocr_par' dir='ltr' id='par_1_7' title="bbox 1525 723 2590 792">
     <span class='ocr_line' id='line_1_56' title="bbox 1525 723 2590 792; baseline 0.008 -22"><span class='ocrx_word' id='word_1_292' title='bbox 1525 737 1824 787; x_wconf 83' lang='lat' dir='ltr'><strong>praeconem</strong></span> <span class='ocrx_word' id='word_1_293' title='bbox 1870 723 2142 788; x_wconf 82' lang='lat' dir='ltr'><strong>veritatis3</strong></span> <span class='ocrx_word' id='word_1_294' title='bbox 2190 724 2341 775; x_wconf 84' lang='lat' dir='ltr'><strong>vides</strong></span> <span class='ocrx_word' id='word_1_295' title='bbox 2371 735 2590 792; x_wconf 59' lang='lat' dir='ltr'><strong>quanta·</strong></span> 
     </span>
    </p>
   </div>
   <div class='ocr_carea' id='block_1_7' title="bbox 1518 793 2559 2153">
    <p class='ocr_par' dir='ltr' id='par_1_8' title="bbox 1518 793 2559 2153">
     <span class='ocr_line' id='line_1_57' title="bbox 1524 793 2555 862; baseline 0.006 -20"><span class='ocrx_word' id='word_1_296' title='bbox 1524 793 1730 843; x_wconf 90' lang='lat' dir='ltr'><strong>audivit</strong></span> <span class='ocrx_word' id='word_1_297' title='bbox 1774 809 1839 844; x_wconf 83' lang='lat' dir='ltr'><strong>ex</strong></span> <span class='ocrx_word' id='word_1_298' title='bbox 1867 793 2058 856; x_wconf 76' lang='lat' dir='ltr'><strong>initiiS,</strong></span> <span class='ocrx_word' id='word_1_299' title='bbox 2093 805 2146 846; x_wconf 89' lang='lat' dir='ltr'><strong>et</strong></span> <span class='ocrx_word' id='word_1_300' title='bbox 2174 806 2371 861; x_wconf 89' lang='lat' dir='ltr'><strong>quanta</strong></span> <span class='ocrx_word' id='word_1_301' title='bbox 2393 812 2555 862; x_wconf 81' lang='lat' dir='ltr'><strong>passus</strong></span> 
     </span>
     <span class='ocr_line' id='line_1_58' title="bbox 1524 867 2556 934; baseline 0.007 -21"><span class='ocrx_word' id='word_1_302' title='bbox 1524 874 1624 925; x_wconf 89' lang='lat' dir='ltr'><strong>est,</strong></span> <span class='ocrx_word' id='word_1_303' title='bbox 1671 874 1723 914; x_wconf 92' lang='lat' dir='ltr'><strong>et</strong></span> <span class='ocrx_word' id='word_1_304' title='bbox 1746 880 1844 931; x_wconf 91' lang='lat' dir='ltr'><strong>per</strong></span> <span class='ocrx_word' id='word_1_305' title='bbox 1877 867 2057 930; x_wconf 87' lang='lat' dir='ltr'><strong>verba,</strong></span> <span class='ocrx_word' id='word_1_306' title='bbox 2087 876 2142 916; x_wconf 90' lang='lat' dir='ltr'><strong>et</strong></span> <span class='ocrx_word' id='word_1_307' title='bbox 2170 883 2270 932; x_wconf 82' lang='lat' dir='ltr'><strong>per</strong></span> <span class='ocrx_word' id='word_1_308' title='bbox 2311 884 2476 934; x_wconf 85' lang='lat' dir='ltr'><strong>opera,</strong></span> <span class='ocrx_word' id='word_1_309' title='bbox 2510 879 2556 920; x_wconf 83' lang='lat' dir='ltr'><strong>et</strong></span> 
     </span>
     <span class='ocr_line' id='line_1_59' title="bbox 1525 935 2554 1002; baseline 0.005 -17"><span class='ocrx_word' id='word_1_310' title='bbox 1525 935 1757 1002; x_wconf 89' lang='lat' dir='ltr'><strong>qualiter</strong></span> <span class='ocrx_word' id='word_1_311' title='bbox 1785 945 2005 988; x_wconf 89' lang='lat' dir='ltr'><strong>testatus</strong></span> <span class='ocrx_word' id='word_1_312' title='bbox 2032 948 2140 1002; x_wconf 84' lang='lat' dir='ltr'><strong>est3</strong></span> <span class='ocrx_word' id='word_1_313' title='bbox 2176 955 2287 989; x_wconf 86' lang='lat' dir='ltr'><strong>non</strong></span> <span class='ocrx_word' id='word_1_314' title='bbox 2316 940 2450 990; x_wconf 90' lang='lat' dir='ltr'><strong>enim</strong></span> <span class='ocrx_word' id='word_1_315' title='bbox 2473 955 2554 990; x_wconf 85' lang='lat' dir='ltr'><strong>ve·</strong></span> 
     </span>
     <span class='ocr_line' id='line_1_60' title="bbox 1525 1009 2556 1077; baseline 0.005 -21"><span class='ocrx_word' id='word_1_316' title='bbox 1525 1009 1846 1059; x_wconf 88' lang='lat' dir='ltr'><strong>recundatus</strong></span> <span class='ocrx_word' id='word_1_317' title='bbox 1864 1009 1930 1059; x_wconf 92' lang='lat' dir='ltr'><strong>de</strong></span> <span class='ocrx_word' id='word_1_318' title='bbox 1947 1009 2117 1075; x_wconf 87' lang='lat' dir='ltr'><strong>priori</strong></span> <span class='ocrx_word' id='word_1_319' title='bbox 2143 1010 2385 1072; x_wconf 60' lang='lat' dir='ltr'><strong>oaecitate,</strong></span> <span class='ocrx_word' id='word_1_320' title='bbox 2406 1025 2556 1077; x_wconf 80' lang='lat' dir='ltr'><strong>neque</strong></span> 
     </span>
     <span class='ocr_line' id='line_1_61' title="bbox 1525 1078 2559 1148; baseline 0.004 -20"><span class='ocrx_word' id='word_1_321' title='bbox 1525 1078 1832 1130; x_wconf 89' lang='lat' dir='ltr'><strong>formidavit</strong></span> <span class='ocrx_word' id='word_1_322' title='bbox 1876 1079 2115 1132; x_wconf 90' lang='lat' dir='ltr'><strong>furorem</strong></span> <span class='ocrx_word' id='word_1_323' title='bbox 2170 1080 2361 1148; x_wconf 87' lang='lat' dir='ltr'><strong>plebis,</strong></span> <span class='ocrx_word' id='word_1_324' title='bbox 2408 1096 2559 1147; x_wconf 80' lang='lat' dir='ltr'><strong>neque</strong></span> 
     </span>
     <span class='ocr_line' id='line_1_62' title="bbox 1524 1149 2559 1218; baseline 0.003 -19"><span class='ocrx_word' id='word_1_325' title='bbox 1524 1149 1702 1200; x_wconf 89' lang='lat' dir='ltr'><strong>renuit</strong></span> <span class='ocrx_word' id='word_1_326' title='bbox 1743 1152 2022 1202; x_wconf 85' lang='lat' dir='ltr'><strong>ostendere</strong></span> <span class='ocrx_word' id='word_1_327' title='bbox 2066 1151 2324 1218; x_wconf 88' lang='lat' dir='ltr'><strong>seipsum,</strong></span> <span class='ocrx_word' id='word_1_328' title='bbox 2368 1161 2424 1202; x_wconf 92' lang='lat' dir='ltr'><strong>ut</strong></span> <span class='ocrx_word' id='word_1_329' title='bbox 2449 1167 2559 1218; x_wconf 80' lang='lat' dir='ltr'><strong>prae·</strong></span> 
     </span>
     <span class='ocr_line' id='line_1_63' title="bbox 1524 1222 2556 1290; baseline 0.002 -19"><span class='ocrx_word' id='word_1_330' title='bbox 1524 1222 1665 1272; x_wconf 88' lang='lat' dir='ltr'><strong>dicet</strong></span> <span class='ocrx_word' id='word_1_331' title='bbox 1720 1222 2151 1290; x_wconf 80' lang='lat' dir='ltr'><strong>benefactorem3</strong></span> <span class='ocrx_word' id='word_1_332' title='bbox 2223 1225 2337 1275; x_wconf 84' lang='lat' dir='ltr'><strong>haec</strong></span> <span class='ocrx_word' id='word_1_333' title='bbox 2403 1234 2556 1275; x_wconf 85' lang='lat' dir='ltr'><strong>autem</strong></span> 
     </span>
     <span class='ocr_line' id='line_1_64' title="bbox 1524 1296 2554 1369; baseline 0.001 -25"><span class='ocrx_word' id='word_1_334' title='bbox 1524 1296 1720 1361; x_wconf 90' lang='lat' dir='ltr'><strong>scripta</strong></span> <span class='ocrx_word' id='word_1_335' title='bbox 1749 1307 1896 1358; x_wconf 90' lang='lat' dir='ltr'><strong>sunt,</strong></span> <span class='ocrx_word' id='word_1_336' title='bbox 1938 1308 1999 1349; x_wconf 92' lang='lat' dir='ltr'><strong>ut</strong></span> <span class='ocrx_word' id='word_1_337' title='bbox 2031 1309 2083 1369; x_wconf 84' lang='lat' dir='ltr'><strong>et</strong></span> <span class='ocrx_word' id='word_1_338' title='bbox 2109 1315 2208 1350; x_wconf 90' lang='lat' dir='ltr'><strong>nos</strong></span> <span class='ocrx_word' id='word_1_339' title='bbox 2237 1299 2506 1348; x_wconf 87' lang='lat' dir='ltr'><strong>imitemur.</strong></span> <span class='ocrx_word' id='word_1_340' title='bbox 2530 1316 2554 1344; x_wconf 72' lang='lat' dir='ltr'><strong>n</strong></span> 
     </span>
     <span class='ocr_line' id='line_1_65' title="bbox 1528 1368 2556 1422; baseline 0 -4"><span class='ocrx_word' id='word_1_341' title='bbox 1528 1369 1592 1418; x_wconf 89' lang='lat' dir='ltr'><strong>Et</strong></span> <span class='ocrx_word' id='word_1_342' title='bbox 1615 1368 1810 1419; x_wconf 87' lang='lat' dir='ltr'><strong>iterum</strong></span> <span class='ocrx_word' id='word_1_343' title='bbox 1841 1387 1856 1419; x_wconf 76' lang='grc' dir='ltr'><strong><em>ε</em></strong></span> <span class='ocrx_word' id='word_1_344' title='bbox 1888 1388 1916 1416; x_wconf 73' lang='grc' dir='ltr'><strong>ι(</strong></span> <span class='ocrx_word' id='word_1_345' title='bbox 1945 1371 2073 1420; x_wconf 87' lang='lat' dir='ltr'><strong>Haec</strong></span> <span class='ocrx_word' id='word_1_346' title='bbox 2102 1371 2338 1422; x_wconf 82' lang='lat' dir='ltr'><strong>veritatis</strong></span> <span class='ocrx_word' id='word_1_347' title='bbox 2372 1381 2444 1421; x_wconf 93' lang='lat' dir='ltr'><strong>est</strong></span> <span class='ocrx_word' id='word_1_348' title='bbox 2471 1384 2556 1419; x_wconf 86' lang='lat' dir='ltr'><strong>na·</strong></span> 
     </span>
     <span class='ocr_line' id='line_1_66' title="bbox 1525 1440 2554 1508; baseline 0.001 -19"><span class='ocrx_word' id='word_1_349' title='bbox 1525 1450 1660 1500; x_wconf 91' lang='lat' dir='ltr'><strong>tura,</strong></span> <span class='ocrx_word' id='word_1_350' title='bbox 1693 1456 1788 1507; x_wconf 87' lang='lat' dir='ltr'><strong>per</strong></span> <span class='ocrx_word' id='word_1_351' title='bbox 1833 1457 1956 1507; x_wconf 88' lang='lat' dir='ltr'><strong>quae</strong></span> <span class='ocrx_word' id='word_1_352' title='bbox 2000 1453 2220 1508; x_wconf 87' lang='lat' dir='ltr'><strong>putatur</strong></span> <span class='ocrx_word' id='word_1_353' title='bbox 2256 1442 2463 1492; x_wconf 87' lang='lat' dir='ltr'><strong>insidias</strong></span> <span class='ocrx_word' id='word_1_354' title='bbox 2496 1440 2554 1490; x_wconf 87' lang='lat' dir='ltr'><strong>ab</strong></span> 
     </span>
     <span class='ocr_line' id='line_1_67' title="bbox 1527 1510 2552 1580; baseline 0 -20"><span class='ocrx_word' id='word_1_355' title='bbox 1527 1510 1844 1562; x_wconf 89' lang='lat' dir='ltr'><strong>hominibus</strong></span> <span class='ocrx_word' id='word_1_356' title='bbox 1863 1512 1992 1579; x_wconf 88' lang='lat' dir='ltr'><strong>pati,</strong></span> <span class='ocrx_word' id='word_1_357' title='bbox 2023 1529 2119 1580; x_wconf 90' lang='lat' dir='ltr'><strong>per</strong></span> <span class='ocrx_word' id='word_1_358' title='bbox 2147 1514 2262 1564; x_wconf 84' lang='lat' dir='ltr'><strong>haec</strong></span> <span class='ocrx_word' id='word_1_359' title='bbox 2287 1512 2460 1563; x_wconf 89' lang='lat' dir='ltr'><strong>fortior</strong></span> <span class='ocrx_word' id='word_1_360' title='bbox 2477 1511 2528 1560; x_wconf 85' lang='lat' dir='ltr'><strong>fit</strong></span> <span class='ocrx_word' id='word_1_361' title='bbox 2537 1527 2552 1575; x_wconf 80' lang='lat'><em>3</em></span> 
     </span>
     <span class='ocr_line' id='line_1_68' title="bbox 1526 1582 2554 1653; baseline 0 -21"><span class='ocrx_word' id='word_1_362' title='bbox 1526 1597 1622 1647; x_wconf 90' lang='lat' dir='ltr'><strong>per</strong></span> <span class='ocrx_word' id='word_1_363' title='bbox 1657 1582 1772 1633; x_wconf 85' lang='lat' dir='ltr'><strong>haec</strong></span> <span class='ocrx_word' id='word_1_364' title='bbox 1799 1584 1977 1644; x_wconf 88' lang='lat' dir='ltr'><strong>claret,</strong></span> <span class='ocrx_word' id='word_1_365' title='bbox 2021 1599 2118 1649; x_wconf 90' lang='lat' dir='ltr'><strong>per</strong></span> <span class='ocrx_word' id='word_1_366' title='bbox 2147 1600 2268 1653; x_wconf 82' lang='lat' dir='ltr'><strong>quae</strong></span> <span class='ocrx_word' id='word_1_367' title='bbox 2307 1583 2554 1634; x_wconf 88' lang='lat' dir='ltr'><strong>obumbra-</strong></span> 
     </span>
     <span class='ocr_line' id='line_1_69' title="bbox 1528 1650 2554 1717; baseline 0 -15"><span class='ocrx_word' id='word_1_368' title='bbox 1528 1663 1632 1702; x_wconf 89' lang='lat' dir='ltr'><strong>tur.</strong></span> <span class='ocrx_word' id='word_1_369' title='bbox 1689 1673 1716 1699; x_wconf 66' lang='grc' dir='ltr'><strong>ι»</strong></span> <span class='ocrx_word' id='word_1_370' title='bbox 1773 1655 2114 1706; x_wconf 82' lang='lat' dir='ltr'><strong>Mendacium</strong></span> <span class='ocrx_word' id='word_1_371' title='bbox 2184 1671 2309 1707; x_wconf 84' lang='lat' dir='ltr'><strong>vero</strong></span> <span class='ocrx_word' id='word_1_372' title='bbox 2372 1650 2554 1717; x_wconf 83' lang='lat' dir='ltr'><strong>sibiipsi</strong></span> 
     </span>
     <span class='ocr_line' id='line_1_70' title="bbox 1527 1724 2552 1794; baseline 0 -20"><span class='ocrx_word' id='word_1_373' title='bbox 1527 1724 1734 1789; x_wconf 84' lang='lat' dir='ltr'><strong>obviat3</strong></span> <span class='ocrx_word' id='word_1_374' title='bbox 1769 1735 1820 1776; x_wconf 91' lang='lat' dir='ltr'><strong>et</strong></span> <span class='ocrx_word' id='word_1_375' title='bbox 1858 1742 1953 1792; x_wconf 92' lang='lat' dir='ltr'><strong>per</strong></span> <span class='ocrx_word' id='word_1_376' title='bbox 1991 1743 2052 1778; x_wconf 84' lang='lat' dir='ltr'><strong>ea</strong></span> <span class='ocrx_word' id='word_1_377' title='bbox 2100 1743 2197 1794; x_wconf 92' lang='lat' dir='ltr'><strong>per</strong></span> <span class='ocrx_word' id='word_1_378' title='bbox 2235 1741 2352 1794; x_wconf 88' lang='lat' dir='ltr'><strong>quae</strong></span> <span class='ocrx_word' id='word_1_379' title='bbox 2396 1725 2552 1775; x_wconf 85' lang='lat' dir='ltr'><strong>laedere</strong></span> 
     </span>
     <span class='ocr_line' id='line_1_71' title="bbox 1526 1797 2552 1867; baseline -0.001 -21"><span class='ocrx_word' id='word_1_380' title='bbox 1526 1797 1803 1848; x_wconf 89' lang='lat' dir='ltr'><strong>veritatem</strong></span> <span class='ocrx_word' id='word_1_381' title='bbox 1834 1799 2064 1858; x_wconf 89' lang='lat' dir='ltr'><strong>videtur,</strong></span> <span class='ocrx_word' id='word_1_382' title='bbox 2098 1817 2194 1867; x_wconf 90' lang='lat' dir='ltr'><strong>per</strong></span> <span class='ocrx_word' id='word_1_383' title='bbox 2218 1816 2278 1851; x_wconf 90' lang='lat' dir='ltr'><strong>ea</strong></span> <span class='ocrx_word' id='word_1_384' title='bbox 2309 1797 2552 1850; x_wconf 89' lang='lat' dir='ltr'><strong>clariorem</strong></span> 
     </span>
     <span class='ocr_line' id='line_1_72' title="bbox 1528 1870 2551 1936; baseline -0.003 -18"><span class='ocrx_word' id='word_1_385' title='bbox 1528 1883 1645 1918; x_wconf 88' lang='lat' dir='ltr'><strong>eam</strong></span> <span class='ocrx_word' id='word_1_386' title='bbox 1671 1870 1924 1930; x_wconf 88' lang='lat' dir='ltr'><strong>ostendit,</strong></span> <span class='ocrx_word' id='word_1_387' title='bbox 1952 1872 2100 1936; x_wconf 91' lang='lat' dir='ltr'><strong>quod</strong></span> <span class='ocrx_word' id='word_1_388' title='bbox 2131 1882 2184 1922; x_wconf 91' lang='lat' dir='ltr'><strong>et</strong></span> <span class='ocrx_word' id='word_1_389' title='bbox 2222 1887 2360 1921; x_wconf 91' lang='lat' dir='ltr'><strong>nunc</strong></span> <span class='ocrx_word' id='word_1_390' title='bbox 2383 1870 2551 1920; x_wconf 88' lang='lat' dir='ltr'><strong>factum</strong></span> 
     </span>
     <span class='ocr_line' id='line_1_73' title="bbox 1528 1940 2553 2007; baseline -0.003 -17"><span class='ocrx_word' id='word_1_391' title='bbox 1528 1950 1626 1999; x_wconf 88' lang='lat' dir='ltr'><strong>est,</strong></span> <span class='ocrx_word' id='word_1_392' title='bbox 1669 1941 1965 1991; x_wconf 90' lang='lat' dir='ltr'><strong>secundum</strong></span> <span class='ocrx_word' id='word_1_393' title='bbox 2017 1943 2270 1993; x_wconf 88' lang='lat' dir='ltr'><strong>eumdem</strong></span> <span class='ocrx_word' id='word_1_394' title='bbox 2321 1940 2553 2007; x_wconf 66' lang='lat' dir='ltr'><strong>Chrysot-</strong></span> 
     </span>
     <span class='ocr_line' id='line_1_74' title="bbox 1518 2010 2557 2072; baseline -0.002 -13"><span class='ocrx_word' id='word_1_395' title='bbox 1518 2015 1742 2062; x_wconf 77' lang='lat' dir='ltr'><strong>tomum.</strong></span> <span class='ocrx_word' id='word_1_396' title='bbox 1774 2012 1856 2061; x_wconf 87' lang='lat' dir='ltr'><strong>Ex</strong></span> <span class='ocrx_word' id='word_1_397' title='bbox 1884 2010 1984 2063; x_wconf 91' lang='lat' dir='ltr'><strong>ista</strong></span> <span class='ocrx_word' id='word_1_398' title='bbox 2012 2014 2139 2064; x_wconf 83' lang='lat' dir='ltr'><strong>caeci</strong></span> <span class='ocrx_word' id='word_1_399' title='bbox 2168 2011 2447 2063; x_wconf 87' lang='lat' dir='ltr'><strong>constantia</strong></span> <span class='ocrx_word' id='word_1_400' title='bbox 2470 2021 2557 2072; x_wconf 85' lang='lat' dir='ltr'><strong>ap-</strong></span> 
     </span>
     <span class='ocr_line' id='line_1_75' title="bbox 1528 2080 2553 2153; baseline -0.006 -21"><span class='ocrx_word' id='word_1_401' title='bbox 1528 2093 1692 2148; x_wconf 85' lang='lat' dir='ltr'><strong>paret,</strong></span> <span class='ocrx_word' id='word_1_402' title='bbox 1722 2098 1885 2150; x_wconf 90' lang='lat' dir='ltr'><strong>quam</strong></span> <span class='ocrx_word' id='word_1_403' title='bbox 1930 2084 2068 2136; x_wconf 90' lang='lat' dir='ltr'><strong>forte</strong></span> <span class='ocrx_word' id='word_1_404' title='bbox 2110 2085 2242 2153; x_wconf 92' lang='lat' dir='ltr'><strong>quid</strong></span> <span class='ocrx_word' id='word_1_405' title='bbox 2275 2085 2342 2137; x_wconf 89' lang='lat' dir='ltr'><strong>sit</strong></span> <span class='ocrx_word' id='word_1_406' title='bbox 2375 2080 2553 2139; x_wconf 83' lang='lat' dir='ltr'><strong>veritas,</strong></span> 
     </span>
    </p>
   </div>
   <div class='ocr_carea' id='block_1_8' title="bbox 1527 2151 2697 2225">
    <p class='ocr_par' dir='ltr' id='par_1_9' title="bbox 1527 2151 2697 2225">
     <span class='ocr_line' id='line_1_76' title="bbox 1527 2151 2697 2225; baseline -0.008 -18"><span class='ocrx_word' id='word_1_407' title='bbox 1527 2172 1648 2225; x_wconf 87' lang='lat' dir='ltr'><strong>quae</strong></span> <span class='ocrx_word' id='word_1_408' title='bbox 1675 2156 1720 2208; x_wconf 90' lang='lat' dir='ltr'><strong>si</strong></span> <span class='ocrx_word' id='word_1_409' title='bbox 1757 2157 2030 2224; x_wconf 89' lang='lat' dir='ltr'><strong>despectos</strong></span> <span class='ocrx_word' id='word_1_410' title='bbox 2073 2155 2427 2225; x_wconf 83' lang='lat' dir='ltr'><strong>assumpserit,</strong></span> <span class='ocrx_word' id='word_1_411' title='bbox 2464 2151 2550 2201; x_wconf 89' lang='lat' dir='ltr'><strong>cla·</strong></span> <span class='ocrx_word' id='word_1_412' title='bbox 2602 2210 2611 2220; x_wconf 28' lang='grc' dir='ltr'><strong>θ</strong></span> <span class='ocrx_word' id='word_1_413' title='bbox 2696 2213 2697 2220; x_wconf 13' lang='lat'>¹</span> 
     </span>
    </p>
   </div>
   <div class='ocr_carea' id='block_1_9' title="bbox 1519 2223 2552 4022">
    <p class='ocr_par' dir='ltr' id='par_1_10' title="bbox 1519 2223 2552 4022">
     <span class='ocr_line' id='line_1_77' title="bbox 1527 2223 2549 2286; baseline -0.008 -7"><span class='ocrx_word' id='word_1_414' title='bbox 1527 2245 1616 2279; x_wconf 89' lang='lat' dir='ltr'><strong>ros</strong></span> <span class='ocrx_word' id='word_1_415' title='bbox 1653 2239 1705 2279; x_wconf 90' lang='lat' dir='ltr'><strong>et</strong></span> <span class='ocrx_word' id='word_1_416' title='bbox 1751 2228 1915 2281; x_wconf 88' lang='lat' dir='ltr'><strong>fortes</strong></span> <span class='ocrx_word' id='word_1_417' title='bbox 1951 2246 2043 2281; x_wconf 90' lang='lat' dir='ltr'><strong>eos</strong></span> <span class='ocrx_word' id='word_1_418' title='bbox 2082 2232 2210 2283; x_wconf 90' lang='lat' dir='ltr'><strong>facit</strong></span> <span class='ocrx_word' id='word_1_419' title='bbox 2242 2240 2293 2281; x_wconf 91' lang='lat' dir='ltr'><strong>et</strong></span> <span class='ocrx_word' id='word_1_420' title='bbox 2324 2223 2549 2286; x_wconf 80' lang='lat' dir='ltr'><strong>ostendit3</strong></span> 
     </span>
     <span class='ocr_line' id='line_1_78' title="bbox 1527 2294 2547 2370; baseline -0.01 -19"><span class='ocrx_word' id='word_1_421' title='bbox 1527 2309 1577 2351; x_wconf 93' lang='lat' dir='ltr'><strong>et</strong></span> <span class='ocrx_word' id='word_1_422' title='bbox 1607 2315 1768 2367; x_wconf 88' lang='lat' dir='ltr'><strong>quam</strong></span> <span class='ocrx_word' id='word_1_423' title='bbox 1810 2301 2079 2353; x_wconf 89' lang='lat' dir='ltr'><strong>imbecille</strong></span> <span class='ocrx_word' id='word_1_424' title='bbox 2107 2302 2237 2370; x_wconf 90' lang='lat' dir='ltr'><strong>quid</strong></span> <span class='ocrx_word' id='word_1_425' title='bbox 2267 2300 2335 2350; x_wconf 89' lang='lat' dir='ltr'><strong>sit</strong></span> <span class='ocrx_word' id='word_1_426' title='bbox 2359 2294 2547 2347; x_wconf 87' lang='lat' dir='ltr'><strong>menda-</strong></span> 
     </span>
     <span class='ocr_line' id='line_1_79' title="bbox 1528 2366 2547 2439; baseline -0.007 -17"><span class='ocrx_word' id='word_1_427' title='bbox 1528 2372 1694 2433; x_wconf 88' lang='lat' dir='ltr'><strong>cium,</strong></span> <span class='ocrx_word' id='word_1_428' title='bbox 1731 2375 1875 2439; x_wconf 90' lang='lat' dir='ltr'><strong>quod</strong></span> <span class='ocrx_word' id='word_1_429' title='bbox 1914 2376 2014 2426; x_wconf 91' lang='lat' dir='ltr'><strong>etsi</strong></span> <span class='ocrx_word' id='word_1_430' title='bbox 2049 2392 2176 2425; x_wconf 91' lang='lat' dir='ltr'><strong>cum</strong></span> <span class='ocrx_word' id='word_1_431' title='bbox 2210 2372 2423 2424; x_wconf 91' lang='lat' dir='ltr'><strong>fortibus</strong></span> <span class='ocrx_word' id='word_1_432' title='bbox 2449 2366 2547 2416; x_wconf 80' lang='lat' dir='ltr'><strong>fue-</strong></span> 
     </span>
     <span class='ocr_line' id='line_1_80' title="bbox 1527 2442 2549 2505; baseline -0.005 -11"><span class='ocrx_word' id='word_1_433' title='bbox 1527 2444 1628 2505; x_wconf 82' lang='lat' dir='ltr'><strong>rit,</strong></span> <span class='ocrx_word' id='word_1_434' title='bbox 1702 2445 1998 2497; x_wconf 85' lang='lat' dir='ltr'><strong>imbecilles</strong></span> <span class='ocrx_word' id='word_1_435' title='bbox 2056 2462 2152 2496; x_wconf 90' lang='lat' dir='ltr'><strong>eos</strong></span> <span class='ocrx_word' id='word_1_436' title='bbox 2214 2448 2456 2495; x_wconf 89' lang='lat' dir='ltr'><strong>monstrat</strong></span> <span class='ocrx_word' id='word_1_437' title='bbox 2507 2442 2549 2485; x_wconf 79' lang='lat' dir='ltr'><strong>et</strong></span> 
     </span>
     <span class='ocr_line' id='line_1_81' title="bbox 1526 2518 2549 2585; baseline -0.01 -18"><span class='ocrx_word' id='word_1_438' title='bbox 1526 2518 1716 2571; x_wconf 88' lang='lat' dir='ltr'><strong>reddit.</strong></span> <span class='ocrx_word' id='word_1_439' title='bbox 1765 2520 2008 2570; x_wconf 87' lang='lat' dir='ltr'><strong>Tandem</strong></span> <span class='ocrx_word' id='word_1_440' title='bbox 2043 2531 2167 2585; x_wconf 93' lang='lat' dir='ltr'><strong>post</strong></span> <span class='ocrx_word' id='word_1_441' title='bbox 2199 2520 2402 2584; x_wconf 85' lang='lat' dir='ltr'><strong>longam</strong></span> <span class='ocrx_word' id='word_1_442' title='bbox 2441 2525 2549 2561; x_wconf 84' lang='lat' dir='ltr'><strong>con-</strong></span> 
     </span>
     <span class='ocr_line' id='line_1_82' title="bbox 1527 2584 2551 2661; baseline 0.005 -22"><span class='ocrx_word' id='word_1_443' title='bbox 1527 2589 1873 2641; x_wconf 85' lang='lat' dir='ltr'><strong>certationem</strong></span> <span class='ocrx_word' id='word_1_444' title='bbox 1925 2591 2313 2641; x_wconf 83' lang='lat' dir='ltr'><strong>maledixerunt</strong></span> <span class='ocrx_word' id='word_1_445' title='bbox 2361 2584 2432 2643; x_wconf 77' lang='lat' dir='ltr'><strong>ei,</strong></span> <span class='ocrx_word' id='word_1_446' title='bbox 2473 2594 2551 2661; x_wconf 52' lang='lat' dir='ltr'><strong>Fe·</strong></span> 
     </span>
     <span class='ocr_line' id='line_1_83' title="bbox 1527 2652 2552 2728; baseline -0.007 -16"><span class='ocrx_word' id='word_1_447' title='bbox 1527 2661 1765 2712; x_wconf 88' lang='lat' dir='ltr'><strong>cundum</strong></span> <span class='ocrx_word' id='word_1_448' title='bbox 1812 2676 1966 2711; x_wconf 88' lang='lat' dir='ltr'><strong>suam</strong></span> <span class='ocrx_word' id='word_1_449' title='bbox 2017 2660 2411 2728; x_wconf 89' lang='lat' dir='ltr'><strong>reputationem,</strong></span> <span class='ocrx_word' id='word_1_450' title='bbox 2452 2652 2552 2700; x_wconf 73' lang='lat' dir='ltr'><strong>hcet</strong></span> 
     </span>
     <span class='ocr_line' id='line_1_84' title="bbox 1529 2722 2549 2805; baseline -0.005 -24"><span class='ocrx_word' id='word_1_451' title='bbox 1529 2733 1700 2798; x_wconf 89' lang='lat' dir='ltr'><strong>magis</strong></span> <span class='ocrx_word' id='word_1_452' title='bbox 1754 2744 1892 2784; x_wconf 87' lang='lat' dir='ltr'><strong>esset</strong></span> <span class='ocrx_word' id='word_1_453' title='bbox 1935 2734 2253 2802; x_wconf 78' lang='lat' dir='ltr'><strong>benedictiO,</strong></span> <span class='ocrx_word' id='word_1_454' title='bbox 2294 2722 2549 2805; x_wconf 45' lang='lat' dir='ltr'><strong>secund-1111·1</strong></span> 
     </span>
     <span class='ocr_line' id='line_1_85' title="bbox 1527 2796 2551 2870; baseline -0.005 -15"><span class='ocrx_word' id='word_1_455' title='bbox 1527 2806 1801 2855; x_wconf 88' lang='lat' dir='ltr'><strong>veritatem</strong></span> <span class='ocrx_word' id='word_1_456' title='bbox 1831 2823 1846 2870; x_wconf 88' lang='lat'>;</span> <span class='ocrx_word' id='word_1_457' title='bbox 1877 2816 1928 2856; x_wconf 93' lang='lat' dir='ltr'><strong>et</strong></span> <span class='ocrx_word' id='word_1_458' title='bbox 1973 2806 2224 2856; x_wconf 85' lang='lat' dir='ltr'><strong>dixerunt</strong></span> <span class='ocrx_word' id='word_1_459' title='bbox 2253 2821 2266 2853; x_wconf 75' lang='lat' dir='ltr'><em>z</em></span> <span class='ocrx_word' id='word_1_460' title='bbox 2306 2802 2386 2851; x_wconf 89' lang='lat' dir='ltr'><strong>Tu</strong></span> <span class='ocrx_word' id='word_1_461' title='bbox 2423 2796 2551 2847; x_wconf 69' lang='lat' dir='ltr'><strong>disct-</strong></span> 
     </span>
     <span class='ocr_line' id='line_1_86' title="bbox 1519 2867 2548 2944; baseline -0.01 -19"><span class='ocrx_word' id='word_1_462' title='bbox 1519 2877 1686 2944; x_wconf 83' lang='lat' dir='ltr'><strong>pulus</strong></span> <span class='ocrx_word' id='word_1_463' title='bbox 1719 2876 1867 2927; x_wconf 87' lang='lat' dir='ltr'><strong>illius</strong></span> <span class='ocrx_word' id='word_1_464' title='bbox 1894 2878 1991 2927; x_wconf 63' lang='grc' dir='ltr'><strong>εἰς.</strong></span> <span class='ocrx_word' id='word_1_465' title='bbox 2022 2878 2179 2928; x_wconf 88' lang='lat' dir='ltr'><strong>Unde</strong></span> <span class='ocrx_word' id='word_1_466' title='bbox 2204 2867 2548 2943; x_wconf 71' lang='lat' dir='ltr'><strong>Augustinus-⁶</strong></span> 
     </span>
     <span class='ocr_line' id='line_1_87' title="bbox 1529 2941 2546 3008; baseline -0.003 -16"><span class='ocrx_word' id='word_1_467' title='bbox 1529 2965 1556 2992; x_wconf 82' lang='lat'>«</span> <span class='ocrx_word' id='word_1_468' title='bbox 1587 2947 1931 2999; x_wconf 89' lang='lat' dir='ltr'><strong>Maledictum</strong></span> <span class='ocrx_word' id='word_1_469' title='bbox 1968 2956 2066 3008; x_wconf 91' lang='lat' dir='ltr'><strong>est,</strong></span> <span class='ocrx_word' id='word_1_470' title='bbox 2108 2948 2153 2998; x_wconf 90' lang='lat' dir='ltr'><strong>si</strong></span> <span class='ocrx_word' id='word_1_471' title='bbox 2194 2960 2281 2996; x_wconf 91' lang='lat' dir='ltr'><strong>cor</strong></span> <span class='ocrx_word' id='word_1_472' title='bbox 2314 2941 2546 2991; x_wconf 76' lang='lat' dir='ltr'><strong>discunas,</strong></span> 
     </span>
     <span class='ocr_line' id='line_1_88' title="bbox 1530 3011 2549 3087; baseline -0.004 -20"><span class='ocrx_word' id='word_1_473' title='bbox 1530 3034 1640 3067; x_wconf 91' lang='lat' dir='ltr'><strong>non</strong></span> <span class='ocrx_word' id='word_1_474' title='bbox 1666 3018 1711 3068; x_wconf 87' lang='lat' dir='ltr'><strong>si</strong></span> <span class='ocrx_word' id='word_1_475' title='bbox 1740 3019 1903 3069; x_wconf 88' lang='lat' dir='ltr'><strong>verba</strong></span> <span class='ocrx_word' id='word_1_476' title='bbox 1948 3019 2259 3087; x_wconf 79' lang='lat' dir='ltr'><strong>perpendaS.</strong></span> <span class='ocrx_word' id='word_1_477' title='bbox 2300 3011 2418 3063; x_wconf 82' lang='lat' dir='ltr'><strong>Tale</strong></span> <span class='ocrx_word' id='word_1_478' title='bbox 2450 3016 2549 3055; x_wconf 83' lang='lat' dir='ltr'><strong>ma-</strong></span> 
     </span>
     <span class='ocr_line' id='line_1_89' title="bbox 1528 3085 2548 3156; baseline 0.006 -19"><span class='ocrx_word' id='word_1_479' title='bbox 1528 3089 1781 3139; x_wconf 90' lang='lat' dir='ltr'><strong>ledictum</strong></span> <span class='ocrx_word' id='word_1_480' title='bbox 1837 3090 1908 3139; x_wconf 89' lang='lat' dir='ltr'><strong>sit</strong></span> <span class='ocrx_word' id='word_1_481' title='bbox 1956 3106 2119 3156; x_wconf 91' lang='lat' dir='ltr'><strong>super</strong></span> <span class='ocrx_word' id='word_1_482' title='bbox 2165 3103 2263 3140; x_wconf 89' lang='lat' dir='ltr'><strong>nos</strong></span> <span class='ocrx_word' id='word_1_483' title='bbox 2313 3094 2361 3135; x_wconf 86' lang='lat' dir='ltr'><strong>et</strong></span> <span class='ocrx_word' id='word_1_484' title='bbox 2413 3085 2548 3143; x_wconf 78' lang='lat' dir='ltr'><strong>super</strong></span> 
     </span>
     <span class='ocr_line' id='line_1_90' title="bbox 1526 3149 2548 3230; baseline -0.014 -17"><span class='ocrx_word' id='word_1_485' title='bbox 1526 3162 1668 3213; x_wconf 89' lang='lat' dir='ltr'><strong>filios</strong></span> <span class='ocrx_word' id='word_1_486' title='bbox 1708 3174 1942 3216; x_wconf 91' lang='lat' dir='ltr'><strong>nostros.</strong></span> <span class='ocrx_word' id='word_1_487' title='bbox 1980 3185 2002 3209; x_wconf 74' lang='grc' dir='ltr'><strong>ιι</strong></span> <span class='ocrx_word' id='word_1_488' title='bbox 2041 3166 2105 3215; x_wconf 90' lang='lat' dir='ltr'><strong>Et</strong></span> <span class='ocrx_word' id='word_1_489' title='bbox 2147 3161 2379 3230; x_wconf 87' lang='lat' dir='ltr'><strong>sequitur</strong></span> <span class='ocrx_word' id='word_1_490' title='bbox 2404 3171 2420 3204; x_wconf 91' lang='grc'><strong>.·</strong></span> <span class='ocrx_word' id='word_1_491' title='bbox 2447 3149 2548 3201; x_wconf 81' lang='lat' dir='ltr'><strong>Nos</strong></span> 
     </span>
     <span class='ocr_line' id='line_1_91' title="bbox 1526 3221 2551 3303; baseline 0 -20"><span class='ocrx_word' id='word_1_492' title='bbox 1526 3240 1701 3284; x_wconf 86' lang='lat' dir='ltr'><strong>autem</strong></span> <span class='ocrx_word' id='word_1_493' title='bbox 1723 3234 1922 3302; x_wconf 82' lang='lat' dir='ltr'><strong>Moysi</strong></span> <span class='ocrx_word' id='word_1_494' title='bbox 1943 3236 2195 3303; x_wconf 82' lang='lat' dir='ltr'><strong>discipuli</strong></span> <span class='ocrx_word' id='word_1_495' title='bbox 2220 3241 2407 3284; x_wconf 86' lang='lat' dir='ltr'><strong>sumus.</strong></span> <span class='ocrx_word' id='word_1_496' title='bbox 2428 3221 2551 3283; x_wconf 53' lang='lat' dir='ltr'>Moy?</span> 
     </span>
     <span class='ocr_line' id='line_1_92' title="bbox 1527 3299 2543 3375; baseline -0.001 -21"><span class='ocrx_word' id='word_1_497' title='bbox 1527 3320 1612 3355; x_wconf 90' lang='lat' dir='ltr'><strong>ses</strong></span> <span class='ocrx_word' id='word_1_498' title='bbox 1652 3305 1958 3371; x_wconf 87' lang='lat' dir='ltr'><strong>praedicavit</strong></span> <span class='ocrx_word' id='word_1_499' title='bbox 1991 3305 2321 3358; x_wconf 87' lang='lat' dir='ltr'><strong>servant-ibus</strong></span> <span class='ocrx_word' id='word_1_500' title='bbox 2360 3299 2543 3375; x_wconf 69' lang='lat' dir='ltr'><strong>Legem,</strong></span> 
     </span>
     <span class='ocr_line' id='line_1_93' title="bbox 1527 3365 2545 3440; baseline -0.009 -14"><span class='ocrx_word' id='word_1_501' title='bbox 1527 3376 1855 3429; x_wconf 86' lang='lat' dir='ltr'><strong>fertilitatem</strong></span> <span class='ocrx_word' id='word_1_502' title='bbox 1898 3388 1950 3429; x_wconf 92' lang='lat' dir='ltr'><strong>et</strong></span> <span class='ocrx_word' id='word_1_503' title='bbox 1993 3380 2130 3430; x_wconf 92' lang='lat' dir='ltr'><strong>bona</strong></span> <span class='ocrx_word' id='word_1_504' title='bbox 2176 3368 2479 3440; x_wconf 84' lang='lat' dir='ltr'><strong>temporaha,</strong></span> <span class='ocrx_word' id='word_1_505' title='bbox 2501 3365 2545 3408; x_wconf 72' lang='lat' dir='ltr'><strong>et</strong></span> 
     </span>
     <span class='ocr_line' id='line_1_94' title="bbox 1527 3434 2542 3523; baseline 0.003 -22"><span class='ocrx_word' id='word_1_506' title='bbox 1527 3462 1743 3519; x_wconf 90' lang='lat' dir='ltr'><strong>propter</strong></span> <span class='ocrx_word' id='word_1_507' title='bbox 1771 3452 1875 3503; x_wconf 89' lang='lat' dir='ltr'><strong>hoc</strong></span> <span class='ocrx_word' id='word_1_508' title='bbox 1900 3453 2061 3504; x_wconf 89' lang='lat' dir='ltr'><strong>habet</strong></span> <span class='ocrx_word' id='word_1_509' title='bbox 2087 3454 2262 3519; x_wconf 86' lang='lat' dir='ltr'><strong>plures</strong></span> <span class='ocrx_word' id='word_1_510' title='bbox 2287 3434 2542 3523; x_wconf 63' lang='lat' dir='ltr'><strong>diSCJP¹¹¹⁰³</strong></span> 
     </span>
     <span class='ocr_line' id='line_1_95' title="bbox 1526 3517 2541 3592; baseline 0 -17"><span class='ocrx_word' id='word_1_511' title='bbox 1526 3541 1690 3591; x_wconf 90' lang='lat' dir='ltr'><strong>quam</strong></span> <span class='ocrx_word' id='word_1_512' title='bbox 1719 3525 1989 3587; x_wconf 89' lang='lat' dir='ltr'><strong>Christus,</strong></span> <span class='ocrx_word' id='word_1_513' title='bbox 2018 3526 2113 3592; x_wconf 92' lang='lat' dir='ltr'><strong>qui</strong></span> <span class='ocrx_word' id='word_1_514' title='bbox 2142 3520 2421 3592; x_wconf 77' lang='lat' dir='ltr'><strong>praedicawt</strong></span> <span class='ocrx_word' id='word_1_515' title='bbox 2440 3517 2541 3575; x_wconf 53' lang='grc' dir='ltr'><strong>ΡΨ·</strong></span> 
     </span>
     <span class='ocr_line' id='line_1_96' title="bbox 1527 3589 2538 3663; baseline -0.022 -16"><span class='ocrx_word' id='word_1_516' title='bbox 1527 3607 1785 3663; x_wconf 85' lang='lat' dir='ltr'><strong>pertatem</strong></span> <span class='ocrx_word' id='word_1_517' title='bbox 1814 3607 1866 3649; x_wconf 91' lang='lat' dir='ltr'><strong>et</strong></span> <span class='ocrx_word' id='word_1_518' title='bbox 1890 3597 2089 3650; x_wconf 84' lang='lat' dir='ltr'><strong>similia</strong></span> <span class='ocrx_word' id='word_1_519' title='bbox 2099 3613 2114 3661; x_wconf 82' lang='lat'><em>3</em></span> <span class='ocrx_word' id='word_1_520' title='bbox 2158 3605 2209 3647; x_wconf 91' lang='lat' dir='ltr'><strong>et</strong></span> <span class='ocrx_word' id='word_1_521' title='bbox 2234 3592 2414 3656; x_wconf 85' lang='lat' dir='ltr'><strong>injuste</strong></span> <span class='ocrx_word' id='word_1_522' title='bbox 2438 3589 2538 3629; x_wconf 85' lang='lat' dir='ltr'><strong>con-</strong></span> 
     </span>
     <span class='ocr_line' id='line_1_97' title="bbox 1525 3654 2531 3738; baseline -0.004 -20"><span class='ocrx_word' id='word_1_523' title='bbox 1525 3670 1868 3730; x_wconf 88' lang='lat' dir='ltr'><strong>demnantes,</strong></span> <span class='ocrx_word' id='word_1_524' title='bbox 1919 3670 2182 3738; x_wconf 82' lang='lat' dir='ltr'><strong>ejecerunt</strong></span> <span class='ocrx_word' id='word_1_525' title='bbox 2229 3676 2336 3715; x_wconf 86' lang='lat' dir='ltr'><strong>eum</strong></span> <span class='ocrx_word' id='word_1_526' title='bbox 2371 3654 2531 3728; x_wconf 61' lang='lat' dir='ltr'><strong><em>sorqssr</em></strong></span> 
     </span>
     <span class='ocr_line' id='line_1_98' title="bbox 1526 3730 2536 3806; baseline -0.019 -18"><span class='ocrx_word' id='word_1_527' title='bbox 1526 3748 1671 3789; x_wconf 84' lang='lat' dir='ltr'><strong>extra</strong></span> <span class='ocrx_word' id='word_1_528' title='bbox 1696 3754 2041 3806; x_wconf 87' lang='lat' dir='ltr'><strong>synagogam,</strong></span> <span class='ocrx_word' id='word_1_529' title='bbox 2062 3739 2116 3790; x_wconf 89' lang='lat' dir='ltr'><strong>id</strong></span> <span class='ocrx_word' id='word_1_530' title='bbox 2135 3746 2212 3790; x_wconf 87' lang='lat' dir='ltr'><strong>est</strong></span> <span class='ocrx_word' id='word_1_531' title='bbox 2229 3741 2364 3784; x_wconf 81' lang='lat' dir='ltr'><strong>extra</strong></span> <span class='ocrx_word' id='word_1_532' title='bbox 2390 3730 2536 3773; x_wconf 73' lang='lat' dir='ltr'><strong>socie-</strong></span> 
     </span>
     <span class='ocr_line' id='line_1_99' title="bbox 1525 3804 2536 3876; baseline -0.022 -15"><span class='ocrx_word' id='word_1_533' title='bbox 1525 3821 1687 3862; x_wconf 90' lang='lat' dir='ltr'><strong>tatem</strong></span> <span class='ocrx_word' id='word_1_534' title='bbox 1714 3812 2040 3874; x_wconf 84' lang='lat' dir='ltr'><strong>Judaeorum,</strong></span> <span class='ocrx_word' id='word_1_535' title='bbox 2068 3820 2311 3876; x_wconf 87' lang='lat' dir='ltr'><strong>tanquam</strong></span> <span class='ocrx_word' id='word_1_536' title='bbox 2351 3804 2536 3848; x_wconf 82' lang='lat' dir='ltr'><strong>excom-</strong></span> 
     </span>
     <span class='ocr_line' id='line_1_100' title="bbox 1526 3856 2535 3952; baseline -0.003 -16"><span class='ocrx_word' id='word_1_537' title='bbox 1526 3886 1861 3938; x_wconf 85' lang='lat' dir='ltr'><strong>municatum</strong></span> <span class='ocrx_word' id='word_1_538' title='bbox 1917 3896 1968 3937; x_wconf 87' lang='lat' dir='ltr'><strong>et</strong></span> <span class='ocrx_word' id='word_1_539' title='bbox 2019 3885 2367 3952; x_wconf 76' lang='lat' dir='ltr'><strong>reprobatum,</strong></span> <span class='ocrx_word' id='word_1_540' title='bbox 2414 3856 2535 3934; x_wconf 71' lang='lat' dir='ltr'>qu⁰d</span> 
     </span>
     <span class='ocr_line' id='line_1_101' title="bbox 1525 3947 2533 4022; baseline -0.002 -17"><span class='ocrx_word' id='word_1_541' title='bbox 1525 3956 1664 4022; x_wconf 92' lang='lat' dir='ltr'><strong>apud</strong></span> <span class='ocrx_word' id='word_1_542' title='bbox 1721 3971 1813 4006; x_wconf 90' lang='lat' dir='ltr'><strong>eos</strong></span> <span class='ocrx_word' id='word_1_543' title='bbox 1868 3966 1978 4007; x_wconf 90' lang='lat' dir='ltr'><strong>erat</strong></span> <span class='ocrx_word' id='word_1_544' title='bbox 2031 3954 2316 4007; x_wconf 81' lang='lat' dir='ltr'><strong>maximum</strong></span> <span class='ocrx_word' id='word_1_545' title='bbox 2357 3947 2533 4005; x_wconf 81' lang='lat' dir='ltr'><strong>oppro-</strong></span> 
     </span>
    </p>
   </div>
   <div class='ocr_carea' id='block_1_10' title="bbox 2695 1964 2698 2650">
    <p class='ocr_par' dir='ltr' id='par_1_11' title="bbox 2695 1964 2698 2650">
     <span class='ocr_line' id='line_1_102' title="bbox 2695 1964 2698 2650; baseline 0 0"><span class='ocrx_word' id='word_1_546' title='bbox 2695 1964 2698 2650; x_wconf 95' lang='lat' dir='ltr'><strong> </strong></span> 
     </span>
    </p>
   </div>
   <div class='ocr_carea' id='block_1_11' title="bbox 2693 1964 2700 4250">
    <p class='ocr_par' dir='ltr' id='par_1_12' title="bbox 2693 1964 2700 4250">
     <span class='ocr_line' id='line_1_103' title="bbox 2693 1964 2700 4250; baseline 0 0"><span class='ocrx_word' id='word_1_547' title='bbox 2693 1964 2700 4250; x_wconf 95' lang='lat' dir='ltr'><strong> </strong></span> 
     </span>
    </p>
   </div>
  </div>
 </body>
</html>
