2757 4413
200 325 291 376 DE
324 326 843 379 lMPEDIMENTIS
871 328 1383 380 PERFECTIONIS
1413 330 1513 381 ET
1537 330 1881 391 SEQUELAE
1912 332 2209 382 CHRISTI.
2237 330 2345 399 493

118 454 243 490 mr:
267 455 448 492 vanu.
471 470 534 480 —
565 442 638 493 Ut
658 452 838 493 autem
855 442 985 494 dicit
999 443 1169 506 Beda,

119 514 382 577 quomodo
420 525 547 580 post
579 516 850 581 Baptisma
897 532 1010 567 suae
1042 517 1175 567 Pas-

115 587 289 649 sionis,
316 598 445 653 post
479 589 621 654 ignis
646 589 941 655 spiritualis
965 589 1171 640 adven-

113 669 237 717 tum,
266 668 410 708 terra
429 658 502 708 sit
529 675 730 720 arsura,
759 660 1008 720 declarat,
1032 661 1171 710 sub-

115 729 231 778 dens
260 745 281 777 2
300 729 502 780 Nolite
532 731 817 793 arbitrari,
849 730 902 781 id
933 731 1171 782 estfalso

110 797 294 862 judicio
337 799 575 851 rationis
611 801 839 866 opinari,
877 802 1006 868 quia
1051 804 1171 853 veni

109 870 319 933 mittere,
352 869 411 919 id
460 880 544 921 est
572 886 873 937 procurare,
906 873 988 922 vel
1032 889 1169 923 eon-

109 940 329 1004 firmare,
348 958 551 1010 pacem
572 945 631 994 in
661 950 827 1007 terra,
852 945 905 995 id
928 956 1009 996 est
1036 962 1171 996 con-

106 1012 331 1063 cordiam
393 1027 574 1079 pravae
639 1015 997 1080 colligationis
1053 1031 1169 1066 suae

105 1085 323 1135 earnalis
337 1085 680 1137 afflictionis.
695 1088 823 1138 Non
846 1088 966 1138 veni
974 1103 1167 1156 pacem

103 1153 295 1205 scilicet
318 1156 488 1206 talem
520 1156 749 1218 mittere,
772 1156 903 1222 quia
920 1174 1166 1223 guerram

102 1226 377 1276 constituit
430 1238 485 1277 et
544 1227 828 1279 hominem
882 1229 1166 1280 inimicum

101 1294 184 1346 Dei
205 1295 363 1360 facit;
396 1298 499 1347 sed
523 1298 788 1363 gladium,
820 1299 877 1349 id
907 1310 989 1350 est
1006 1316 1165 1366 sepa-

98 1369 351 1421 rationem
381 1380 440 1421 et
489 1372 863 1437 praecisionem
899 1375 1014 1439 ejus
1043 1391 1165 1440 quoe

96 1454 266 1503 pacem
324 1441 544 1492 inducit
620 1453 673 1493 et
718 1443 997 1494 hominem
1051 1446 1164 1495 Deo

96 1512 384 1577 conjungit.
422 1513 556 1563 Veni
586 1522 852 1579 separare
863 1515 1050 1580 filium
1069 1516 1165 1566 ad·

100 1595 273 1632 vasus
303 1589 533 1650 patrem
560 1599 732 1646 saum,
774 1591 829 1635 et
848 1586 1033 1651 filiam
1053 1586 1162 1637 ad-

98 1666 271 1703 versus
322 1660 555 1705 matrem
612 1670 766 1706 suam
788 1694 807 1720 ,
861 1663 917 1707 et
971 1672 1162 1708 nro-um

97 1724 351 1775 adver-sus
406 1740 623 1777 socrum
656 1742 829 1787 snam,
856 1727 911 1778 id
933 1739 1033 1789 est,
1072 1745 1162 1780 se-

96 1794 321 1844 cundum
355 1795 617 1846 Glossam
646 1814 663 1847 .-
691 1816 721 1843 α
745 1798 880 1848 Veni
926 1800 1162 1866 privatos

95 1867 265 1917 carnis
291 1867 520 1918 affectus
564 1869 921 1937 exstinguere,
958 1873 1161 1939 quibus

97 1935 159 1986 ita
182 1937 423 1989 invicem
453 1937 689 2004 diligunt
721 1950 780 1989 ut
819 1942 933 1991 Deo
974 1943 1161 1994 minus

97 2008 335 2068 serviant,
364 2010 454 2059 vel
481 2009 699 2074 penitus
726 2026 760 2061 a
795 2011 893 2062 Dei
938 2012 1183 2065 servitio'

95 2092 144 2127 se
186 2089 454 2129 avertant.
496 2079 650 2130 Unde
685 2081 927 2147 loquitur
966 2081 1058 2132 hic
1093 2084 1160 2134 de

98 2151 425 2216 separatione
474 2151 783 2217 spirituali,
845 2154 1048 2204 scilicet
1089 2155 1159 2205 ab

95 2235 264 2272 amore
302 2222 611 2273 amicorum
661 2223 998 2286 inordinat0‚
1045 2242 1156 2277 non

94 2291 151 2340 de
169 2293 442 2358 corporali
470 2294 693 2359 quando
718 2304 801 2344 est
833 2294 951 2345 sine
974 2307 1159 2347 contu·

95 2362 243 2412 melia
275 2363 556 2414 Creatoris
570 2373 623 2413 et
649 2364 1157 2428 offensa3etin1‘mi-

92 2435 400 2501 cihominis,
431 2437 529 2503 qui
575 2438 776 2490 scilicet
800 2439 877 2489 sic
903 2451 1155 2506 operatus

92 2517 167 2557 est
203 2508 274 2558 ab
322 2507 469 2569 aliis,
518 2509 603 2559 vel
644 2509 767 2570 fide,
816 2512 899 2563 vel
930 2512 1154 2578 religio-

94 2594 173 2639 ne,
196 2590 248 2632 et
283 2580 538 2632 moribus
559 2593 691 2633 sunt
719 2583 996 2636 domestici
1018 2584 1151 2651 ejvr,

92 2650 180 2715 qui
229 2651 399 2702 etiam
443 2663 570 2704 ante
612 2655 1021 2719 separationem,
1052 2656 1148 2707 etsi

94 2722 366 2773 carnaliter
387 2724 642 2790 diligunt,
669 2736 850 2776 tamen
868 2727 1157 2792 spirituali-

92 2803 166 2841 ter
186 2793 403 2855 odiunt,
424 2795 563 2845 dum
586 2812 806 2847 cursum
833 2796 953 2847 vivoe
983 2797 1155 2863 spiri-

95 2865 243 2915 tualis
265 2864 595 2931 impediunt.
628 2887 657 2913 n
685 2867 891 2918 Deinde
918 2869 1155 2920 ostendit

95 2936 308 2986 modum
347 2953 463 3002 quo
491 2938 635 2989 venit
682 2954 926 3005 separare
984 2939 1156 2990 homi·

94 3020 208 3055 nem
252 3008 322 3057 ab
377 3008 588 3070 amicis,
632 3019 686 3060 et
726 3009 881 3075 ponit
909 3011 1156 3077 quinque

96 3074 477 3142 impedimenta
508 3079 850 3145 perfectionis
881 3091 941 3133 et
953 3097 1155 3149 seque-

95 3147 151 3197 1ae
176 3148 404 3200 Christi.
656 3151 664 3164 '

148 3217 176 3267 3
236 3220 457 3270 Parnon
499 3237 903 3275 nnuman-urunt
948 3241 1151 3276 »enre-

96 3304 287 3342 ettonis
326 3308 398 3341 m·
429 3308 684 3351 SEQUELAE
713 3295 917 3346 Donum
947 3314 962 3347 ε
992 3313 1152 3348 moa-

96 3373 311 3412 nnutus
339 3378 760 3421 raopmouonun
776 3381 940 3416 Axon.
963 3395 1027 3405 —
1056 3368 1150 3416 Ln-

95 3432 211 3498 cipit
258 3451 292 3485 a
335 3436 515 3501 primo
556 3438 969 3505 impedimento,
998 3442 1150 3507 quod

94 3514 162 3554 est
171 3505 517 3559 inordinatus
529 3525 683 3560 amor
697 3512 1148 3580 propinquorum,

94 3575 149 3626 de
170 3594 282 3644 quo
308 3580 392 3629 sic
424 3581 502 3630 ait
528 3597 542 3630 ε
580 3582 689 3643 Qui
722 3591 873 3635 amat
912 3592 1146 3651 patrem,

94 3656 176 3699 aut
210 3658 444 3702 matrem
481 3653 568 3703 vel
601 3655 803 3721 filium,
839 3664 937 3707 aut
962 3657 1148 3723 filiam

89 3719 201 3781 plus
239 3737 404 3788 quam
431 3738 533 3787 me,
563 3727 709 3790 quod
736 3727 802 3777 fit
828 3727 1149 3794 multiplici-

94 3800 176 3849 ter.
206 3809 343 3844 cum
386 3804 605 3860 propter
628 3812 722 3847 eos
749 3798 819 3848 ad
842 3797 1007 3849 fidem
1035 3814 1149 3849 non

95 3866 247 3928 venit,
304 3867 393 3916 vel
430 3879 699 3933 acceptam
750 3870 1010 3932 dimittit,
1061 3873 1148 3923 vel

96 3939 307 3988 mortale
344 3940 657 4002 committit,
707 3942 793 3992 vel
842 3953 1013 3994 status
1062 3944 1146 3994 sui

1279 443 1521 510 periculo
1545 459 1607 495 se
1630 445 1880 511 exponit,
1921 462 2024 497 non
2055 454 2139 497 est
2172 460 2253 496 me
2272 447 2352 496 di-

1274 530 1438 580 gnus,
1468 531 1557 566 me
1594 515 1798 567 seilicet
1824 516 1884 566 in
1915 518 2119 567 mundo
2148 517 2350 568 habere

1276 586 1579 653 hospitem,
1631 587 1688 637 in
1756 587 1955 651 judicio
2011 597 2236 648 testem,
2286 588 2346 639 in

1273 673 1440 723 regno
1495 669 1973 709 remuneratorem.
2032 658 2344 710 Secundum

1273 728 1423 778 enim
1457 730 1844 795 Augustiana,
1894 739 2132 794 peccator
2178 729 2344 779 etiam

1274 814 1385 849 non
1409 808 1491 848 est
1524 798 1723 865 dignus
1756 815 1892 865 pane
1938 815 2049 866 quo
2090 799 2340 850 vescitur.

1273 869 1444 930 Quasi
1499 869 1697 919 diceret
1736 870 2048 920 Dominus:
2088 869 2174 919 Sic
2214 869 2340 919 veni

1271 956 1515 1006 separare
1540 941 1826 991 hominem
1851 957 1882 992 a
1912 952 2059 1007 patre
2086 941 2169 992 vel
2195 941 2342 991 ami-

1271 1011 1367 1071 cis,
1418 1027 1530 1061 non
1553 1011 1692 1077 quin
1724 1022 1929 1077 patrem
1955 1012 2162 1078 diligat,
2191 1022 2245 1063 et
2278 1011 2340 1062 in

1271 1093 1517 1149 parentes
1544 1084 1795 1149 pietatem
1816 1095 2013 1147 servet3
2048 1086 2140 1134 sed
2165 1100 2231 1135 ne
2250 1099 2344 1150 pa-

1269 1166 1479 1207 ternam
1536 1157 1789 1222 pietatem
1834 1173 1945 1208 suae
1991 1158 2172 1217 saluti,
2202 1158 2336 1208 divi-

1270 1243 1352 1279 ηε
1402 1228 1672 1294 religioni,
1715 1244 1776 1279 ac
1799 1229 2013 1295 pietatis
2041 1229 2210 1279 cultui
2237 1245 2337 1279 an-

1267 1309 1508 1365 teponat,
1535 1310 1590 1351 et
1617 1299 1713 1350 ubi
1743 1299 1880 1364 patri
1917 1300 2001 1350 vel
2032 1300 2191 1350 matri
2221 1316 2335 1350 non

1269 1381 1447 1437 potest
1474 1371 1676 1423 servari
1696 1371 1878 1421 honor
1901 1382 1992 1422 aut
2017 1372 2188 1437 pietas
2215 1371 2340 1422 sine

1266 1443 1470 1494 offensa
1510 1443 1610 1494 Dei
1655 1453 1710 1493 et
1738 1443 1940 1508 jactura
1970 1442 2200 1507 propriae
2245 1458 2337 1493 sa-

1267 1514 1416 1577 lutis,
1470 1523 1602 1564 tunc
1648 1513 1840 1563 odium
1889 1513 1947 1565 in
1986 1528 2116 1563 suos
2167 1513 2338 1578 pietas

1266 1595 1347 1634 est
1400 1584 1457 1635 in
1508 1586 1701 1648 Deum,
1749 1593 1801 1635 et
1849 1584 2132 1634 salubriter
2160 1583 2333 1634 relin-

1265 1665 1513 1720 quuntur
1537 1665 1688 1721 pater
1718 1664 1772 1704 et
1804 1665 1992 1713 mater,
2033 1652 2162 1720 quia
2192 1669 2338 1718 prae-

1264 1725 1518 1777 ferendus
1547 1737 1631 1777 est
1670 1737 1922 1777 creaturae
1950 1727 2187 1777 Creator.
2221 1725 2334 1777 Ca-

1264 1798 1396 1848 ritas
1429 1799 1579 1849 enim
1622 1808 1707 1849 est
1755 1798 1833 1848 sic
1880 1797 2139 1857 ordinata,
2183 1797 2332 1862 quod

1264 1868 1433 1919 homo
1476 1870 1635 1919 debet
1682 1869 1857 1919 Deum
1897 1867 2122 1933 diligere
2170 1882 2334 1933 super

1262 1940 1481 2000 omnia,
1528 1940 1691 1991 etiam
1737 1955 1900 2005 super
1950 1940 2227 2005 seipsum;
2274 1949 2329 1990 et

1261 2010 1381 2061 ideo
1401 2026 1499 2076 pro
1521 2012 1728 2063 nullius
1745 2022 2164 2079 quantacunque
2193 2010 2326 2061 ami·

1260 2081 1388 2132 citia
1405 2083 1564 2133 debet
1581 2083 1858 2144 retardari,
1879 2082 2014 2149 quin
2045 2097 2329 2148 prosequa-

1259 2161 1347 2202 tur
1374 2168 1436 2204 ea
1464 2168 1587 2220 quae
1639 2153 1908 2220 pertinent
1953 2153 2019 2203 ad
2062 2154 2331 2203 honorem

1259 2224 1378 2276 Dei.
1425 2227 1539 2276 Sub
1599 2226 1713 2276 Deo
1791 2236 1844 2276 et
1887 2235 2103 2292 propter
2150 2226 2329 2275 Deum

1258 2298 1530 2364 quidquid
1587 2308 1797 2348 amatur
1862 2308 1942 2348 est
2013 2297 2325 2347 amandum.

1261 2370 1411 2421 Unde
1448 2369 1826 2436 Hieronymus
1857 2387 1875 2421 .-
1905 2388 1932 2415 ι
1966 2369 2067 2419 Hic
2092 2368 2226 2418 ordo
2266 2366 2325 2417 in

1257 2442 1409 2493 omni
1442 2442 1631 2493 affectu
1662 2443 1991 2493 necessarius
2035 2451 2132 2491 est.
2187 2443 2325 2490 Arna

1257 2524 1380 2579 post
1418 2515 1594 2564 Deum
1643 2522 1866 2578 patrem,
1914 2525 2036 2561 ama
2077 2519 2321 2572 matrem,

1257 2600 1378 2636 ama
1411 2584 1583 2648 filios;
1614 2584 1663 2634 si
1710 2593 1889 2633 autem
1918 2580 2205 2632 necessitas
2228 2595 2324 2631 ve·

1257 2656 1339 2707 nit
1365 2666 1428 2706 ut
1471 2671 1624 2706 amor
1660 2664 1941 2720 parentum
1979 2667 2040 2702 ac
2086 2651 2328 2702 filiorum

1256 2726 1426 2776 amori
1455 2726 1551 2777 Dei
1574 2733 1930 2792 comparetur,
1960 2733 2014 2773 et
2044 2738 2155 2772 non
2190 2737 2330 2787 pos-

1255 2795 1326 2847 sit
1353 2806 1580 2861 uterque
1605 2793 1824 2854 servari,
1862 2792 2026 2843 etiam
2054 2792 2241 2841 odium
2268 2791 2330 2842 in

1256 2881 1403 2931 suos,
1438 2867 1608 2933 pietas
1633 2866 1690 2916 in
1737 2866 1914 2915 Deum
1942 2873 2041 2914 est.
2093 2882 2121 2910 »
2172 2862 2325 2913 Circa

1256 2938 1360 2989 hoc
1413 2939 1653 3004 primum
1721 2935 2176 3002 impedimentum
2232 2947 2324 2983 se-

1256 3011 1459 3077 quendi
1510 3011 1813 3069 Christum,
1868 3019 1995 3059 nota
2049 3006 2139 3057 hic
2188 3005 2326 3057 utile

1254 3084 1581 3149 exemplum.
1608 3083 1748 3133 Cum
1767 3081 1913 3132 enirn
1933 3078 2156 3145 quidam
2175 3093 2324 3128 amo-

1255 3169 1312 3204 re
1339 3149 1769 3220 propinquorum
1801 3152 2069 3208 detentus,
2099 3163 2192 3213 per
2215 3147 2322 3198 hoc

1253 3241 1284 3276 a
1308 3228 1528 3292 sequela
1568 3224 1790 3275 Domini
1819 3232 1963 3273 esset
2005 3219 2321 3286 impeditus,

1254 3296 1488 3361 quadam
1515 3295 1631 3345 vice
1673 3295 1860 3344 volens
1911 3305 2180 3357 apponere
2227 3303 2320 3339 re·-

1256 3365 1518 3426 medium,
1545 3362 1855 3415 convocavit
1882 3378 1976 3413 eos
2018 3360 2085 3410 ad
2128 3358 2325 3410 convi-

1252 3435 1425 3495 vium,
1453 3446 1508 3486 et
1530 3434 1670 3485 inter
1689 3433 1875 3500 epulas
1920 3430 2126 3497 rogavit
2148 3444 2326 3480 unum

1251 3524 1317 3560 ex
1363 3507 1471 3558 illis
1515 3523 1675 3574 quem
1725 3505 1899 3571 magis
1950 3503 2054 3554 sibi
2103 3501 2318 3552 fidelem

1251 3595 1369 3631 esse
1395 3579 1642 3629 credebat
1660 3591 1768 3642 prae
1796 3574 2007 3633 ceteriS‚
2037 3583 2096 3622 ut
2120 3572 2165 3622 si
2190 3585 2319 3622 eum

1250 3652 1516 3718 diligeret,
1559 3649 1790 3715 digitum
1831 3662 1992 3696 suum
2023 3644 2320 3694 minimum

1252 3741 1350 3791 pro
1382 3741 1448 3775 eo
1476 3724 1535 3774 in
1583 3723 1766 3788 ignem
1795 3719 2058 3780 mitteret3
2105 3715 2196 3765 sed
2225 3713 2322 3764 ille

1254 3814 1468 3866 poenam
1515 3797 1717 3848 timens
1756 3793 1860 3843 hoc
1907 3790 2077 3839 facere
2119 3786 2319 3847 renuit,

1252 3886 1346 3921 nec
1373 3870 1537 3920 fidem
1568 3881 1733 3933 quam
1762 3861 2105 3914 simulaverat
2141 3856 2189 3906 ei
2214 3872 2317 3907 ex-

1252 3942 1452 3993 hibuit.
1479 3942 1550 3992 Et
1579 3936 1790 3994 deinde,
1833 3929 2020 3981 ceteris
2056 3927 2318 3978 omnibus
