2757 4413
657 331 751 382 DE
781 328 1224 381 DAEMONIACO
1258 329 1467 382 CAECO
1497 330 1590 381 ET
1620 330 1843 382 MUTO.

157 448 344 500 fabulas
389 462 667 498 narremus
720 445 984 512 antiquas.
1039 445 1194 495 Cete-

154 538 264 573 rum
298 520 389 587 qui
441 520 686 570 scurrilia
730 519 966 584 replicat,
1018 527 1068 568 et
1107 533 1194 567 ca-

151 594 347 645 chinnis
406 608 499 643 ora
561 591 822 650 dissolvit,
883 599 935 640 et
987 588 1193 655 aliquid

149 665 333 731 profert
357 662 728 729 turpitudinis,
769 661 859 711 hic
898 677 1006 710 non
1035 660 1191 710 otiosi

146 735 413 794 sermoniS,
468 735 561 784 sed
612 732 888 783 criminosi
923 731 1192 783 tenebitur

146 824 280 873 reus3
303 809 534 874 ideoque
561 808 618 857 in
645 807 932 857 verborum
956 806 1189 871 pondere

145 878 372 945 probatio
406 877 653 927 consistit
699 877 949 926 humanae
991 876 1133 926 vitae.
1163 896 1187 922 ι

144 951 210 1002 Et
234 951 428 1001 iterum
459 965 473 998 ι
516 966 543 993 «
575 947 851 1014 Quidquid
881 962 990 997 non
1020 945 1189 996 aedifi-

144 1032 212 1072 cat
236 1021 534 1079 audienteS,
560 1018 617 1068 in
643 1018 936 1084 periculum
965 1017 1189 1069 vertitur

139 1092 479 1144 audientium.
509 1110 536 1137 n
586 1090 656 1140 Et
685 1090 945 1155 Origenes
974 1107 992 1141 .-
1023 1108 1050 1137 «
1079 1091 1189 1140 lna-

138 1164 213 1214 nis
237 1173 316 1214 est
356 1161 543 1212 omnis
576 1176 769 1219 serm0,
817 1161 872 1210 in
918 1176 1026 1226 quo
1075 1176 1187 1209 non

136 1245 206 1284 est
233 1233 557 1283 intrinsecus
587 1231 790 1297 aliquid
820 1247 916 1297 pro
944 1233 1073 1290 Dm,
1104 1232 1188 1282 vel

139 1321 224 1370 pro
269 1305 366 1355 Dei
412 1303 683 1353 mandatO.
742 1322 770 1350 n
825 1303 977 1353 Unde
1025 1303 1186 1353 etiam

139 1377 435 1444 Gregorius
470 1393 486 1425 .-
528 1394 555 1421 «
594 1375 832 1425 Otiosum
870 1376 1081 1425 verbum
1107 1384 1188 1424 est

134 1450 268 1516 quod
301 1458 394 1498 aut
438 1447 645 1497 ratione
671 1446 822 1510 justae
843 1445 1187 1506 necessitatis,

132 1530 217 1571 aut
258 1518 560 1569 intentione
609 1518 708 1583 piae
752 1516 999 1566 utilitatis
1028 1526 1183 1566 caret.

134 1592 198 1642 Et
224 1591 267 1641 si
302 1591 368 1640 de
398 1589 563 1640 verbo
587 1589 760 1639 otioso
785 1598 837 1638 et
864 1587 1185 1652 cogitatione

131 1660 494 1711 minutissima
537 1658 804 1709 reddenda
849 1666 929 1708 est
957 1656 1091 1706 ratio
1126 1655 1183 1705 in

128 1732 215 1781 die
232 1731 546 1789 novissime,
569 1729 902 1795 pensandum
923 1737 1001 1778 est
1020 1742 1184 1792 quan-

129 1811 183 1852 ta
234 1812 445 1867 peccata
497 1810 785 1866 sequantur
831 1799 1049 1849 multos.
1096 1797 1183 1847 Sic

128 1872 269 1924 enim
284 1873 430 1922 Deus
450 1871 873 1936 uniuscujusque
884 1869 996 1920 vias
1009 1868 1184 1919 consi-

129 1944 287 2003 derat,
321 1943 398 1993 sic
427 1957 641 2008 gressus
668 1946 961 2001 enumerat,
992 1951 1051 1990 ut
1086 1956 1181 1990 nec

128 2013 504 2064 minutissimae
545 2012 910 2077 cogitatione8‚
958 2021 1048 2062 aut
1097 2021 1179 2061 te-

125 2083 385 2134 nuissima
424 2083 604 2142 verba,
647 2097 766 2148 quae
805 2083 944 2147 apud
971 2097 1069 2132 nos
1092 2081 1179 2133 vi-

125 2156 357 2216 luerunt,
391 2154 506 2220 ejus
536 2153 733 2220 judicio
769 2153 1066 2203 indiscussa
1094 2168 1179 2203 re-

125 2237 391 2277 maneant.
422 2245 450 2273 »
476 2225 630 2276 Unde
647 2234 699 2274 et
719 2225 1136 2292 Chrysostomus
1160 2242 1178 2274 .·

123 2317 150 2345 ι
183 2298 427 2348 Otiosum
451 2297 663 2346 verbum
692 2293 1029 2360 intelligitur,
1071 2310 1178 2344 non

122 2370 347 2429 malum,
380 2368 470 2418 sed
499 2368 645 2433 quod
674 2366 876 2416 bonum
911 2382 1020 2416 non
1050 2381 1180 2431 ope-—

120 2453 283 2501 ratur,
319 2441 371 2490 id
398 2451 477 2491 est
514 2441 660 2506 quod
699 2455 808 2489 non
832 2438 1054 2491 aedificat
1078 2454 1177 2489 au-

117 2515 380 2565 dientem.
422 2513 478 2563 Si
529 2528 654 2578 ergo
695 2527 791 2578 pro
833 2513 977 2562 bono
1016 2512 1177 2562 verbo

119 2600 172 2639 et
199 2588 379 2638 otioso
405 2587 667 2637 rationem
689 2601 880 2636 sumus
902 2585 1176 2647 reddituri,

115 2660 250 2726 quid
282 2674 561 2725 speramus
597 2659 663 2707 de
706 2657 881 2708 malo?
923 2658 987 2707 Et
1030 2657 1076 2707 si
1112 2657 1178 2706 de

115 2733 260 2783 malo
288 2732 454 2781 verbo
481 2731 742 2781 rationem
767 2730 939 2780 daturi
968 2745 1175 2789 sumus,

116 2802 252 2868 quid
303 2816 581 2866 speramus
625 2801 691 2851 de
731 2816 889 2865 opere
934 2799 1107 2849 malo?
1146 2819 1174 2845 n

114 2873 230 2923 haec
262 2872 705 2938 Chrysostomus.
737 2872 801 2921 Et
834 2870 952 2920 ideo
986 2885 1176 2920 caven-

114 2945 248 2993 dum
287 2954 371 2993 est
404 2958 434 2993 a
474 2942 652 2992 verbis
680 2941 867 2992 otiosis
901 2951 953 2991 et
998 2940 1174 2993 malis,

113 3015 215 3066 Ex
232 3014 415 3065 verbis
433 3014 568 3064 enim
589 3013 694 3063 tuis
713 3012 758 3062 si
783 3012 985 3063 fuerint
1013 3012 1173 3070 bona,

111 3100 170 3136 ac
202 3084 430 3135 bonitati
465 3083 660 3134 mentis
689 3098 941 3141 consona,
977 3092 1029 3133 et
1071 3082 1174 3132 sub

110 3158 315 3209 debitis
334 3156 750 3207 circumstantiis
771 3156 989 3221 prolata,
1005 3155 1171 3222 justi-

101 3226 383 3293 ficaberis,
409 3226 464 3276 id
490 3236 570 3276 est
599 3225 903 3288 mereberis,
932 3226 1015 3275 vel
1049 3235 1174 3275 tan-

112 3313 280 3364 quam
332 3298 502 3362 justus
539 3295 991 3358 remuneraberis;
1022 3302 1072 3345 et
1100 3311 1173 3346 ex

109 3371 296 3421 verbis
337 3369 441 3420 tuis
476 3368 921 3430 condemnaberis,
968 3367 1013 3417 si
1056 3367 1174 3418 fue-

108 3440 225 3492 rint
277 3441 438 3504 mala,
488 3450 541 3490 et
582 3439 848 3506 praedictis
890 3439 1170 3489 contraria.

106 3512 389 3579 Scriptum
435 3521 516 3562 est
560 3510 726 3571 enim,
773 3510 901 3576 quia
935 3524 1080 3561 mors
1124 3517 1175 3560 et

106 3584 227 3636 vita
257 3583 318 3634 in
350 3583 593 3634 manibus
615 3582 837 3647 linguae.
867 3581 938 3632 Et
967 3581 1086 3632 ideo
1109 3598 1173 3632 ex

107 3654 460 3707 sermonibus
506 3653 614 3703 tuis
664 3652 1033 3717 justificaberis
1090 3654 1173 3703 vel

104 3724 577 3784 condemnaberis,
623 3724 768 3790 quod
807 3724 1053 3773 omnium
1094 3734 1174 3774 est

104 3796 495 3862 justissimum.
557 3794 765 3846 Etenim
813 3804 872 3845 tu
905 3795 1174 3846 dominus

103 3884 170 3920 es
201 3879 252 3920 et
283 3866 518 3927 dicendi,
546 3876 599 3917 et
624 3880 731 3916 non
760 3866 985 3918 dicendi.
1018 3867 1174 3918 Unde

104 3939 250 3991 idem
283 3939 711 4007 Chrysostomus
734 3954 753 3988 .·
783 3957 806 3984 ι
830 3939 1169 3990 Mansuetum

227 4055 372 4107 Vm
400 4053 526 4105 ,ἵκευ
555 4052 791 4117 Canuti,
832 4067 1005 4107 ‘rotun
1035 4055 1098 4107 11.

2250 331 2352 401 675

1300 444 1591 510 judicium3
1649 464 1758 498 non
1822 447 1967 498 enim
2032 463 2097 498 ex
2158 449 2357 514 quibus

1299 516 1435 567 alius
1455 518 1584 568 dicit
1611 520 1677 570 de
1701 530 1769 580 te,
1801 521 1893 569 sed
1914 536 1977 570 ex
1997 521 2198 586 quibus
2226 522 2360 587 ipse-

1300 598 1407 637 met
1435 588 1645 638 locutus
1678 605 1752 648 eS,
1783 589 2156 642 calculationes
2184 592 2353 642 Judex

1298 659 1458 722 feret;
1501 671 1552 709 et
1581 671 1639 710 tu
1675 661 1932 711 dominus
1983 677 2039 712 es
2068 663 2296 714 dicendi.
2327 683 2355 711 ι»

1300 733 1365 782 Et
1401 731 1593 782 iterum
1630 751 1643 784 ι
1675 753 1702 781 «
1732 734 2119 801 Unusquisque
2170 736 2355 785 homi-

1298 822 1431 856 num
1476 819 1540 855 ex
1600 807 1874 856 voluntate
1933 821 2028 856 sua
2082 807 2211 866 sola,
2264 817 2356 858 aut

1297 886 1553 943 peccator,
1607 887 1699 927 aut
1765 879 1936 942 justus
1992 879 2353 930 constituitur.

1296 946 1649 1000 Convincitur
1695 957 1873 998 autem
1934 949 2352 1017 uniuscujusque

1296 1018 1580 1085 peccatoris
1608 1020 1852 1069 voluntas
1891 1020 2216 1071 testimoniis
2255 1021 2353 1071 tri-

1296 1093 1415 1152 buS,
1439 1092 1493 1141 id
1514 1102 1595 1142 est
1636 1092 2042 1159 cogitationum,
2066 1090 2353 1147 verborum

1293 1175 1343 1215 et
1372 1179 1598 1230 operum
1627 1181 1641 1214 ς
1670 1184 1697 1211 n
1728 1164 1843 1214 haec
1877 1165 2316 1224 Chrysostomus.

1362 1234 1425 1285 16
1468 1236 1625 1294 Quam
1675 1250 1946 1285 pessmus
1995 1251 2056 1285 os
2105 1252 2350 1288 Nos-mun

1292 1323 1599 1358 cusronmn.
1619 1336 1679 1345 --
1705 1307 1805 1357 Hic
1842 1322 1966 1372 ergo
2009 1308 2263 1358 docemur
2289 1320 2350 1360 ut

1291 1395 1352 1429 os
1395 1389 1640 1430 nostrum
1672 1378 2053 1441 custodiamuS,
2089 1395 2157 1429 ne
2189 1381 2350 1430 verba

1291 1449 1464 1500 otiosa
1521 1451 1603 1501 vel
1663 1450 1801 1499 mala
1851 1449 2172 1514 loquamur;
2224 1451 2352 1516 quia

1290 1521 1430 1571 sicut
1473 1536 1566 1571 vas
1603 1522 1747 1586 quod
1785 1536 1894 1570 non
1945 1520 2201 1585 operitur,
2241 1521 2347 1573 cito

1291 1594 1638 1644 immundum
1667 1592 1744 1653 fit,
1772 1603 1824 1643 et
1856 1593 2120 1659 quidquid
2151 1604 2231 1644 est
2259 1594 2345 1644 in-

1289 1663 1455 1715 terius
1476 1663 1745 1729 frigescit3
1777 1663 1854 1713 sic
1887 1673 1967 1714 est
1995 1673 2046 1713 et
2074 1665 2140 1713 de
2168 1665 2345 1723 corde,

1290 1736 1395 1787 nisi
1437 1752 1515 1796 os,
1561 1737 1707 1802 quod
1754 1747 1834 1787 est
1875 1738 1988 1799 ejus
2016 1737 2347 1801 operculum,

1287 1817 1529 1858 teneatur
1556 1822 1679 1856 cum
1707 1807 1927 1857 discreta
1952 1807 2190 1858 custodia
2212 1809 2350 1857 clau-

1286 1894 1425 1928 sum.
1486 1878 1568 1935 Et,
1612 1886 1670 1928 ut
1724 1877 1852 1927 dicit
1902 1878 2225 1944 GregoriuS,
2277 1878 2346 1928 ab

1286 1949 1436 1999 omni
1491 1948 1827 1999 rectitudinis
1897 1959 2038 2000 statu
2098 1958 2342 2015 pereunt.

1285 2022 1377 2087 qui
1411 2037 1506 2087 per
1537 2020 1696 2071 noxia
1723 2022 1883 2071 verba
1909 2021 2243 2071 dilabuntur.
2278 2022 2344 2070 Et

1286 2092 1407 2141 ideo
1443 2091 1750 2155 frequenter
1788 2107 2021 2150 oremus,
2060 2092 2295 2142 dicentes
2326 2107 2339 2140 ε

1285 2165 1450 2227 Pone,
1481 2162 1721 2227 Domine,
1747 2164 2047 2215 custodiam
2076 2164 2162 2214 ori
2189 2178 2340 2226 meo;

1284 2242 1335 2286 et
1354 2235 1546 2285 ostium
1567 2234 1982 2285 circumstantiae
2012 2234 2171 2284 labiis
2191 2233 2340 2285 meis,

1285 2308 1439 2359 Unde
1464 2306 1886 2371 chrysostomus
1914 2323 1931 2355 .-
1961 2323 1988 2351 «
2018 2306 2188 2371 Magis
2226 2306 2341 2356 uti-

1284 2393 1389 2444 que
1417 2375 1623 2441 virgine
1646 2375 1824 2441 aliqua
1847 2375 2055 2425 custodi
2080 2375 2341 2441 linguam.

1285 2449 1470 2513 Equus
1504 2455 1583 2496 est
1610 2444 1800 2511 regalis
1840 2445 2041 2511 lingua.
2074 2445 2129 2495 Si
2178 2445 2344 2511 igitur

1284 2517 1608 2585 imposueris
1628 2517 1859 2577 frenum,
1884 2527 1936 2568 et
1953 2517 2198 2567 docueris
2222 2533 2343 2568 am-

1285 2591 1467 2640 bulare
1526 2605 1650 2639 cum
1720 2589 1860 2638 bona
1900 2631 1906 2635 .
1931 2588 2340 2654 compositione.

1282 2659 1510 2727 quiescit
1546 2674 1705 2723 super
1739 2673 1874 2718 eam,
1916 2668 1968 2709 et
1994 2658 2224 2724 desuper
2249 2674 2342 2708 se-

1282 2732 1430 2782 debit
1469 2747 1577 2781 rex.
1608 2730 1666 2779 Si
1695 2741 1872 2780 autem
1912 2730 2229 2781 infrenatam
2269 2731 2346 2780 di·

1282 2802 1495 2852 miseris
1530 2801 1674 2860 ferri,
1717 2811 1768 2850 et
1816 2802 2035 2863 saltare;
2065 2801 2264 2851 diaboli
2294 2811 2347 2852 et

1282 2875 1592 2924 daemonum
1617 2872 1783 2921 sessio
1816 2869 1875 2921 fit
1905 2888 1919 2921 ε
1952 2889 1979 2917 »
2007 2871 2121 2921 haec
2154 2872 2343 2939 Chry-

1281 2950 1564 2995 sostomus.
1593 2943 1747 2994 Unde
1777 2952 1828 2992 et
1858 2942 2125 3007 Origenes
2150 2960 2167 2992 .·
2193 2961 2221 2989 «
2243 2944 2348 2993 Eo-

1282 3032 1403 3065 rum
1445 3015 1540 3081 qui
1582 3015 1742 3065 verba
1787 3014 1882 3064 Dei
1920 3015 2235 3080 loquuntur,
2283 3031 2345 3066 os

1280 3088 1424 3138 Deus
1461 3087 1658 3154 aperit;
1692 3087 1909 3136 illorum
1960 3101 2086 3136 vero
2113 3086 2207 3152 qui
2255 3088 2342 3137 lo-

1279 3169 1520 3225 quuntur
1550 3156 1911 3216 mendacium,
1940 3155 2136 3207 falsum
2183 3158 2339 3209 testi-

1280 3228 1547 3288 monium,
1569 3226 1933 3289 scurrilitates,
1955 3226 2337 3292 turpitudines,

1279 3312 1635 3349 susurronum
1656 3311 1871 3363 quoque
1890 3306 1944 3345 et
1963 3296 2337 3357 detractorum,

1280 3379 1331 3420 et
1358 3385 1545 3419 eorum
1576 3368 1672 3434 qui
1700 3367 1871 3418 otiosa
1891 3367 2201 3433 loquuntur,
2232 3368 2343 3418 dia·

1279 3442 1437 3491 bolus
1470 3456 1532 3490 os
1566 3438 1754 3505 aperit.
1797 3440 2052 3504 Magnum
2081 3454 2208 3504 ergo
2239 3453 2338 3503 pe-

1278 3512 1508 3561 riculum
1537 3520 1618 3561 est
1644 3509 1792 3576 loqui
1829 3511 1897 3560 de
1925 3510 2250 3562 secularibus
2288 3519 2341 3558 et

1277 3583 1447 3643 vaniS,
1489 3599 1612 3633 cum
1677 3583 1846 3633 multa
1893 3584 2002 3634 sint
2052 3581 2235 3631 divina
2287 3588 2341 3629 et

1279 3653 1434 3703 utilia
1458 3653 1524 3703 de
1553 3652 1753 3718 quibus
1784 3653 1933 3718 loqui
1973 3664 2278 3717 possumus.
2309 3667 2337 3696 »ι

1281 3728 1433 3778 Unde
1459 3727 1776 3779 Ambrosius
1796 3744 1814 3777 .·
1841 3746 1869 3774 «
1900 3727 2021 3776 Non
2068 3722 2338 3773 mediocre

1279 3797 1575 3863 periculum
1595 3808 1693 3858 est,
1722 3813 1845 3847 cum
1874 3805 2021 3847 tanta
2044 3794 2336 3844 habeamus

1278 3867 1493 3934 eloquia
1512 3868 1628 3928 Dei,
1656 3877 1708 3917 et
1732 3881 1890 3931 opera
1917 3879 2040 3931 quae
2067 3862 2206 3923 fecit,
2250 3861 2339 3913 his

1278 3939 1671 4006 praetermissis,
1691 3938 1838 4005 loqui
1857 3952 1981 4004 quae
2003 3935 2166 3989 seculi
2190 3944 2349 3992 sunt.

2085 4049 2148 4103 15
