<?xml version="1.0" encoding="UTF-8"?>
<!DOCTYPE html PUBLIC "-//W3C//DTD XHTML 1.0 Transitional//EN"
    "http://www.w3.org/TR/xhtml1/DTD/xhtml1-transitional.dtd">
<html xmlns="http://www.w3.org/1999/xhtml" xml:lang="en" lang="en">
 <head>
  <title>
</title>
<meta http-equiv="Content-Type" content="text/html;charset=utf-8" />
  <meta name='ocr-system' content='tesseract 3.04.00' />
  <meta name='ocr-capabilities' content='ocr_page ocr_carea ocr_par ocr_line ocrx_word'/>
</head>
<body>
  <div class='ocr_page' id='page_1' title='image "./vitajesuchristi01sachgoog_0219.png"; bbox 0 0 2757 4413; ppageno 0'>
   <div class='ocr_carea' id='block_1_1' title="bbox 617 338 1975 399">
    <p class='ocr_par' dir='ltr' id='par_1_1' title="bbox 617 338 1975 399">
     <span class='ocr_line' id='line_1_1' title="bbox 617 338 1975 399; baseline -0.009 0"><span class='ocrx_word' id='word_1_1' title='bbox 617 348 711 399; x_wconf 91' lang='lat' dir='ltr'>DE</span> <span class='ocrx_word' id='word_1_2' title='bbox 742 343 992 397; x_wconf 59' lang='lat' dir='ltr'>MARCO</span> <span class='ocrx_word' id='word_1_3' title='bbox 1025 340 1284 393; x_wconf 65' lang='lat' dir='ltr'>Maru-m</span> <span class='ocrx_word' id='word_1_4' title='bbox 1315 338 1591 390; x_wconf 72' lang='lat' dir='ltr'>ARmAM</span> <span class='ocrx_word' id='word_1_5' title='bbox 1619 338 1975 389; x_wconf 74' lang='lat' dir='ltr'>HABENTE.</span> 
     </span>
    </p>
   </div>
   <div class='ocr_carea' id='block_1_2' title="bbox 181 461 1255 3947">
    <p class='ocr_par' dir='ltr' id='par_1_2' title="bbox 181 461 1255 3947">
     <span class='ocr_line' id='line_1_2' title="bbox 191 461 1240 528; baseline -0.011 -8"><span class='ocrx_word' id='word_1_6' title='bbox 191 468 378 522; x_wconf 69' lang='lat' dir='ltr'>scilicet</span> <span class='ocrx_word' id='word_1_7' title='bbox 436 481 469 516; x_wconf 87' lang='lat' dir='ltr'>a</span> <span class='ocrx_word' id='word_1_8' title='bbox 527 465 740 515; x_wconf 77' lang='lat' dir='ltr'>diabolo</span> <span class='ocrx_word' id='word_1_9' title='bbox 764 501 778 524; x_wconf 93' lang='lat'>,</span> <span class='ocrx_word' id='word_1_10' title='bbox 831 473 893 513; x_wconf 74' lang='lat' dir='ltr'>ut</span> <span class='ocrx_word' id='word_1_11' title='bbox 958 461 1240 528; x_wconf 75' lang='lat' dir='ltr'>perderent</span> 
     </span>
     <span class='ocr_line' id='line_1_3' title="bbox 190 532 1239 592; baseline -0.011 0"><span class='ocrx_word' id='word_1_12' title='bbox 190 555 318 592; x_wconf 85' lang='lat' dir='ltr'>eum.</span> <span class='ocrx_word' id='word_1_13' title='bbox 350 536 652 588; x_wconf 76' lang='lat' dir='ltr'>invidentes</span> <span class='ocrx_word' id='word_1_14' title='bbox 690 534 832 585; x_wconf 86' lang='lat' dir='ltr'>enirn</span> <span class='ocrx_word' id='word_1_15' title='bbox 879 532 1102 583; x_wconf 77' lang='lat' dir='ltr'>Christo</span> <span class='ocrx_word' id='word_1_16' title='bbox 1135 546 1239 580; x_wconf 90' lang='lat' dir='ltr'>no-</span> 
     </span>
     <span class='ocr_line' id='line_1_4' title="bbox 189 601 1238 670; baseline -0.011 -8"><span class='ocrx_word' id='word_1_17' title='bbox 189 611 356 662; x_wconf 82' lang='lat' dir='ltr'>lebant</span> <span class='ocrx_word' id='word_1_18' title='bbox 382 623 508 658; x_wconf 86' lang='lat' dir='ltr'>eum</span> <span class='ocrx_word' id='word_1_19' title='bbox 538 606 703 656; x_wconf 73' lang='lat' dir='ltr'>facere</span> <span class='ocrx_word' id='word_1_20' title='bbox 732 604 905 670; x_wconf 78' lang='lat' dir='ltr'>signa,</span> <span class='ocrx_word' id='word_1_21' title='bbox 927 618 993 653; x_wconf 86' lang='lat' dir='ltr'>ne</span> <span class='ocrx_word' id='word_1_22' title='bbox 1012 601 1238 668; x_wconf 69' lang='lat' dir='ltr'>gloriam</span> 
     </span>
     <span class='ocr_line' id='line_1_5' title="bbox 187 676 1241 749; baseline -0.01 -17"><span class='ocrx_word' id='word_1_23' title='bbox 187 679 487 749; x_wconf 70' lang='lat' dir='ltr'>acquireret,</span> <span class='ocrx_word' id='word_1_24' title='bbox 527 688 580 728; x_wconf 84' lang='lat' dir='ltr'>et</span> <span class='ocrx_word' id='word_1_25' title='bbox 630 676 923 741; x_wconf 82' lang='lat' dir='ltr'>discipulos</span> <span class='ocrx_word' id='word_1_26' title='bbox 958 688 1241 738; x_wconf 80' lang='lat' dir='ltr'>congrega-</span> 
     </span>
     <span class='ocr_line' id='line_1_6' title="bbox 187 745 1240 816; baseline -0.012 -11"><span class='ocrx_word' id='word_1_27' title='bbox 187 764 284 816; x_wconf 85' lang='lat' dir='ltr'>ret;</span> <span class='ocrx_word' id='word_1_28' title='bbox 313 753 403 802; x_wconf 86' lang='lat' dir='ltr'>sed</span> <span class='ocrx_word' id='word_1_29' title='bbox 435 747 826 814; x_wconf 80' lang='lat' dir='ltr'><strong>turpitudinem</strong></span> <span class='ocrx_word' id='word_1_30' title='bbox 861 745 1076 795; x_wconf 66' lang='lat' dir='ltr'>invidiae</span> <span class='ocrx_word' id='word_1_31' title='bbox 1130 758 1240 793; x_wconf 81' lang='lat' dir='ltr'>suae</span> 
     </span>
     <span class='ocr_line' id='line_1_7' title="bbox 188 815 1239 883; baseline -0.011 -7"><span class='ocrx_word' id='word_1_32' title='bbox 188 823 376 876; x_wconf 78' lang='lat' dir='ltr'>sabbati</span> <span class='ocrx_word' id='word_1_33' title='bbox 416 819 729 872; x_wconf 88' lang='lat' dir='ltr'>defensione</span> <span class='ocrx_word' id='word_1_34' title='bbox 770 817 1034 883; x_wconf 82' lang='lat' dir='ltr'>tegebant,</span> <span class='ocrx_word' id='word_1_35' title='bbox 1075 824 1136 865; x_wconf 83' lang='lat' dir='ltr'>ut</span> <span class='ocrx_word' id='word_1_36' title='bbox 1183 815 1239 864; x_wconf 86' lang='lat' dir='ltr'>in</span> 
     </span>
     <span class='ocr_line' id='line_1_8' title="bbox 188 886 1242 964; baseline -0.012 -17"><span class='ocrx_word' id='word_1_37' title='bbox 188 897 343 964; x_wconf 85' lang='lat' dir='ltr'>prima</span> <span class='ocrx_word' id='word_1_38' title='bbox 375 892 602 959; x_wconf 88' lang='lat' dir='ltr'>quidem</span> <span class='ocrx_word' id='word_1_39' title='bbox 630 888 759 939; x_wconf 81' lang='lat' dir='ltr'>facie</span> <span class='ocrx_word' id='word_1_40' title='bbox 792 888 1102 938; x_wconf 82' lang='lat' dir='ltr'>viderentur</span> <span class='ocrx_word' id='word_1_41' title='bbox 1128 886 1242 936; x_wconf 83' lang='lat' dir='ltr'>sab-</span> 
     </span>
     <span class='ocr_line' id='line_1_9' title="bbox 186 959 1242 1031; baseline -0.01 -14"><span class='ocrx_word' id='word_1_42' title='bbox 186 967 278 1018; x_wconf 85' lang='lat' dir='ltr'>bati</span> <span class='ocrx_word' id='word_1_43' title='bbox 306 963 567 1031; x_wconf 74' lang='lat' dir='ltr'>justitiam</span> <span class='ocrx_word' id='word_1_44' title='bbox 596 959 897 1017; x_wconf 70' lang='lat' dir='ltr'>defendere,</span> <span class='ocrx_word' id='word_1_45' title='bbox 928 973 1108 1009; x_wconf 78' lang='lat' dir='ltr'>revera</span> <span class='ocrx_word' id='word_1_46' title='bbox 1139 972 1242 1007; x_wconf 86' lang='lat' dir='ltr'>au-</span> 
     </span>
     <span class='ocr_line' id='line_1_10' title="bbox 185 1029 1241 1098; baseline -0.012 -10"><span class='ocrx_word' id='word_1_47' title='bbox 185 1045 279 1088; x_wconf 87' lang='lat' dir='ltr'>tem</span> <span class='ocrx_word' id='word_1_48' title='bbox 298 1050 453 1085; x_wconf 83' lang='lat' dir='ltr'>suam</span> <span class='ocrx_word' id='word_1_49' title='bbox 473 1037 889 1098; x_wconf 71' lang='lat' dir='ltr'>exsequerentur</span> <span class='ocrx_word' id='word_1_50' title='bbox 916 1029 1193 1079; x_wconf 78' lang='lat' dir='ltr'>invidiam.</span> <span class='ocrx_word' id='word_1_51' title='bbox 1212 1045 1241 1073; x_wconf 64' lang='grc' dir='ltr'>ι</span> 
     </span>
     <span class='ocr_line' id='line_1_11' title="bbox 185 1098 1242 1158; baseline -0.01 -1"><span class='ocrx_word' id='word_1_52' title='bbox 185 1107 329 1158; x_wconf 80' lang='lat' dir='ltr'>Jesus</span> <span class='ocrx_word' id='word_1_53' title='bbox 372 1109 553 1154; x_wconf 83' lang='lat' dir='ltr'>autem</span> <span class='ocrx_word' id='word_1_54' title='bbox 598 1102 771 1151; x_wconf 77' lang='lat' dir='ltr'>sciens</span> <span class='ocrx_word' id='word_1_55' title='bbox 813 1098 1242 1148; x_wconf 79' lang='lat' dir='ltr'><strong>machinationes</strong></span> 
     </span>
     <span class='ocr_line' id='line_1_12' title="bbox 187 1169 1244 1240; baseline -0.01 -12"><span class='ocrx_word' id='word_1_56' title='bbox 187 1192 373 1235; x_wconf 75' lang='lat' dir='ltr'>eumin,</span> <span class='ocrx_word' id='word_1_57' title='bbox 400 1173 532 1240; x_wconf 87' lang='lat' dir='ltr'>quia</span> <span class='ocrx_word' id='word_1_58' title='bbox 576 1171 718 1221; x_wconf 83' lang='lat' dir='ltr'>nihil</span> <span class='ocrx_word' id='word_1_59' title='bbox 754 1185 878 1220; x_wconf 84' lang='lat' dir='ltr'>eum</span> <span class='ocrx_word' id='word_1_60' title='bbox 916 1169 1128 1229; x_wconf 80' lang='lat' dir='ltr'>latebat,</span> <span class='ocrx_word' id='word_1_61' title='bbox 1160 1181 1244 1218; x_wconf 70' lang='lat' dir='ltr'>re·</span> 
     </span>
     <span class='ocr_line' id='line_1_13' title="bbox 185 1240 1238 1306; baseline -0.011 -5"><span class='ocrx_word' id='word_1_62' title='bbox 185 1249 330 1301; x_wconf 78' lang='lat' dir='ltr'>cessit</span> <span class='ocrx_word' id='word_1_63' title='bbox 358 1246 486 1296; x_wconf 81' lang='lat' dir='ltr'>inde</span> <span class='ocrx_word' id='word_1_64' title='bbox 499 1261 520 1306; x_wconf 92' lang='lat'>,·</span> <span class='ocrx_word' id='word_1_65' title='bbox 552 1253 606 1294; x_wconf 90' lang='lat' dir='ltr'>et</span> <span class='ocrx_word' id='word_1_66' title='bbox 633 1258 752 1293; x_wconf 78' lang='lat' dir='ltr'>cum</span> <span class='ocrx_word' id='word_1_67' title='bbox 793 1240 1078 1306; x_wconf 73' lang='lat' dir='ltr'><em>discipulis</em></span> <span class='ocrx_word' id='word_1_68' title='bbox 1105 1241 1238 1302; x_wconf 74' lang='lat' dir='ltr'>suis,</span> 
     </span>
     <span class='ocr_line' id='line_1_14' title="bbox 185 1313 1242 1372; baseline -0.01 0"><span class='ocrx_word' id='word_1_69' title='bbox 185 1321 248 1372; x_wconf 83' lang='lat' dir='ltr'>ad</span> <span class='ocrx_word' id='word_1_70' title='bbox 286 1333 439 1370; x_wconf 84' lang='lat' dir='ltr'>mare</span> <span class='ocrx_word' id='word_1_71' title='bbox 481 1316 721 1367; x_wconf 63' lang='lat' dir='ltr'>secessit.</span> <span class='ocrx_word' id='word_1_72' title='bbox 770 1313 1008 1364; x_wconf 75' lang='lat' dir='ltr'>Recessit</span> <span class='ocrx_word' id='word_1_73' title='bbox 1064 1323 1242 1363; x_wconf 68' lang='lat' dir='ltr'>autem</span> 
     </span>
     <span class='ocr_line' id='line_1_15' title="bbox 185 1388 1246 1460; baseline -0.008 -15"><span class='ocrx_word' id='word_1_74' title='bbox 185 1394 293 1445; x_wconf 89' lang='lat' dir='ltr'>inde</span> <span class='ocrx_word' id='word_1_75' title='bbox 331 1401 559 1460; x_wconf 78' lang='lat' dir='ltr'>propter</span> <span class='ocrx_word' id='word_1_76' title='bbox 599 1390 768 1440; x_wconf 86' lang='lat' dir='ltr'>multa</span> <span class='ocrx_word' id='word_1_77' title='bbox 807 1406 821 1439; x_wconf 76' lang='lat' dir='ltr'>t</span> <span class='ocrx_word' id='word_1_78' title='bbox 858 1389 1053 1454; x_wconf 91' lang='lat' dir='ltr'>primo,</span> <span class='ocrx_word' id='word_1_79' title='bbox 1081 1397 1142 1437; x_wconf 91' lang='lat' dir='ltr'>ut</span> <span class='ocrx_word' id='word_1_80' title='bbox 1169 1388 1246 1437; x_wconf 86' lang='lat' dir='ltr'>eis</span> 
     </span>
     <span class='ocr_line' id='line_1_16' title="bbox 184 1458 1246 1531; baseline -0.007 -16"><span class='ocrx_word' id='word_1_81' title='bbox 184 1474 408 1531; x_wconf 84' lang='lat' dir='ltr'>parceret</span> <span class='ocrx_word' id='word_1_82' title='bbox 426 1501 439 1524; x_wconf 93' lang='lat'>‚</span> <span class='ocrx_word' id='word_1_83' title='bbox 484 1471 537 1512; x_wconf 90' lang='lat' dir='ltr'>et</span> <span class='ocrx_word' id='word_1_84' title='bbox 572 1460 908 1511; x_wconf 84' lang='lat' dir='ltr'>occasionem</span> <span class='ocrx_word' id='word_1_85' title='bbox 955 1458 1246 1524; x_wconf 76' lang='lat' dir='ltr'>impietatis</span> 
     </span>
     <span class='ocr_line' id='line_1_17' title="bbox 182 1531 1246 1599; baseline -0.008 -12"><span class='ocrx_word' id='word_1_86' title='bbox 182 1535 419 1596; x_wconf 69' lang='lat' dir='ltr'>auferret,</span> <span class='ocrx_word' id='word_1_87' title='bbox 459 1533 755 1599; x_wconf 81' lang='lat' dir='ltr'>majorique</span> <span class='ocrx_word' id='word_1_88' title='bbox 796 1531 1013 1581; x_wconf 80' lang='lat' dir='ltr'>utilitati</span> <span class='ocrx_word' id='word_1_89' title='bbox 1067 1532 1246 1580; x_wconf 90' lang='lat' dir='ltr'>Eccle-</span> 
     </span>
     <span class='ocr_line' id='line_1_18' title="bbox 183 1602 1244 1668; baseline -0.008 -9"><span class='ocrx_word' id='word_1_90' title='bbox 183 1607 262 1658; x_wconf 79' lang='lat' dir='ltr'>siae</span> <span class='ocrx_word' id='word_1_91' title='bbox 311 1623 371 1658; x_wconf 88' lang='lat' dir='ltr'>se</span> <span class='ocrx_word' id='word_1_92' title='bbox 445 1614 700 1668; x_wconf 85' lang='lat' dir='ltr'>servaret;</span> <span class='ocrx_word' id='word_1_93' title='bbox 762 1603 1031 1665; x_wconf 87' lang='lat' dir='ltr'>secund0‚</span> <span class='ocrx_word' id='word_1_94' title='bbox 1100 1602 1244 1667; x_wconf 86' lang='lat' dir='ltr'>quod</span> 
     </span>
     <span class='ocr_line' id='line_1_19' title="bbox 185 1672 1246 1738; baseline -0.008 -9"><span class='ocrx_word' id='word_1_95' title='bbox 185 1680 421 1729; x_wconf 67' lang='lat' dir='ltr'>nundum</span> <span class='ocrx_word' id='word_1_96' title='bbox 452 1683 671 1726; x_wconf 86' lang='lat' dir='ltr'>venerat</span> <span class='ocrx_word' id='word_1_97' title='bbox 714 1682 931 1738; x_wconf 87' lang='lat' dir='ltr'>tempus</span> <span class='ocrx_word' id='word_1_98' title='bbox 977 1672 1246 1721; x_wconf 73' lang='lat' dir='ltr'>Passionis</span> 
     </span>
     <span class='ocr_line' id='line_1_20' title="bbox 185 1742 1245 1814; baseline -0.008 -15"><span class='ocrx_word' id='word_1_99' title='bbox 185 1762 279 1799; x_wconf 85' lang='lat' dir='ltr'>suae</span> <span class='ocrx_word' id='word_1_100' title='bbox 349 1745 685 1814; x_wconf 86' lang='lat' dir='ltr'>praefinitum</span> <span class='ocrx_word' id='word_1_101' title='bbox 758 1759 790 1794; x_wconf 86' lang='lat' dir='ltr'>a</span> <span class='ocrx_word' id='word_1_102' title='bbox 850 1742 1030 1801; x_wconf 84' lang='lat' dir='ltr'>Patre,</span> <span class='ocrx_word' id='word_1_103' title='bbox 1113 1756 1245 1791; x_wconf 86' lang='lat' dir='ltr'>nec-</span> 
     </span>
     <span class='ocr_line' id='line_1_21' title="bbox 183 1815 1242 1885; baseline -0.008 -13"><span class='ocrx_word' id='word_1_104' title='bbox 183 1822 295 1872; x_wconf 84' lang='lat' dir='ltr'>dum</span> <span class='ocrx_word' id='word_1_105' title='bbox 359 1820 601 1885; x_wconf 85' lang='lat' dir='ltr'>impletae</span> <span class='ocrx_word' id='word_1_106' title='bbox 649 1826 800 1868; x_wconf 85' lang='lat' dir='ltr'>erant</span> <span class='ocrx_word' id='word_1_107' title='bbox 849 1815 1242 1880; x_wconf 78' lang='lat' dir='ltr'>Prophetarum</span> 
     </span>
     <span class='ocr_line' id='line_1_22' title="bbox 183 1886 1245 1958; baseline -0.008 -16"><span class='ocrx_word' id='word_1_108' title='bbox 183 1893 489 1958; x_wconf 79' lang='lat' dir='ltr'>Scripturae3</span> <span class='ocrx_word' id='word_1_109' title='bbox 540 1888 716 1948; x_wconf 82' lang='lat' dir='ltr'>tertio,</span> <span class='ocrx_word' id='word_1_110' title='bbox 748 1886 876 1953; x_wconf 78' lang='lat' dir='ltr'>quia</span> <span class='ocrx_word' id='word_1_111' title='bbox 924 1902 1036 1936; x_wconf 78' lang='lat' dir='ltr'>non</span> <span class='ocrx_word' id='word_1_112' title='bbox 1064 1888 1245 1936; x_wconf 75' lang='lat' dir='ltr'>aderat</span> 
     </span>
     <span class='ocr_line' id='line_1_23' title="bbox 182 1963 1244 2027; baseline -0.008 -10"><span class='ocrx_word' id='word_1_113' title='bbox 182 1964 340 2027; x_wconf 72' lang='lat' dir='ltr'>locus,</span> <span class='ocrx_word' id='word_1_114' title='bbox 433 1963 642 2014; x_wconf 89' lang='lat' dir='ltr'>scilicet</span> <span class='ocrx_word' id='word_1_115' title='bbox 713 1963 1042 2020; x_wconf 79' lang='lat' dir='ltr'>Jerusalem,</span> <span class='ocrx_word' id='word_1_116' title='bbox 1099 1970 1244 2011; x_wconf 83' lang='lat' dir='ltr'>extra</span> 
     </span>
     <span class='ocr_line' id='line_1_24' title="bbox 181 2032 1240 2104; baseline -0.007 -16"><span class='ocrx_word' id='word_1_117' title='bbox 181 2051 329 2104; x_wconf 75' lang='lat' dir='ltr'>quam</span> <span class='ocrx_word' id='word_1_118' title='bbox 359 2052 476 2086; x_wconf 92' lang='lat' dir='ltr'>non</span> <span class='ocrx_word' id='word_1_119' title='bbox 501 2034 607 2084; x_wconf 87' lang='lat' dir='ltr'>fuit</span> <span class='ocrx_word' id='word_1_120' title='bbox 624 2034 774 2083; x_wconf 87' lang='lat' dir='ltr'>locus</span> <span class='ocrx_word' id='word_1_121' title='bbox 791 2032 1065 2082; x_wconf 77' lang='lat' dir='ltr'>Passionis</span> <span class='ocrx_word' id='word_1_122' title='bbox 1093 2033 1240 2096; x_wconf 83' lang='lat' dir='ltr'>ejus;</span> 
     </span>
     <span class='ocr_line' id='line_1_25' title="bbox 181 2102 1243 2174; baseline -0.007 -16"><span class='ocrx_word' id='word_1_123' title='bbox 181 2118 353 2174; x_wconf 82' lang='lat' dir='ltr'>quarto</span> <span class='ocrx_word' id='word_1_124' title='bbox 378 2146 393 2167; x_wconf 95' lang='lat'>‚</span> <span class='ocrx_word' id='word_1_125' title='bbox 444 2112 664 2171; x_wconf 87' lang='lat' dir='ltr'>propter</span> <span class='ocrx_word' id='word_1_126' title='bbox 720 2102 956 2152; x_wconf 89' lang='lat' dir='ltr'>dandum</span> <span class='ocrx_word' id='word_1_127' title='bbox 1011 2102 1126 2152; x_wconf 82' lang='lat' dir='ltr'>suis</span> <span class='ocrx_word' id='word_1_128' title='bbox 1185 2102 1243 2151; x_wconf 84' lang='lat' dir='ltr'>in</span> 
     </span>
     <span class='ocr_line' id='line_1_26' title="bbox 181 2172 1241 2245; baseline -0.008 -15"><span class='ocrx_word' id='word_1_129' title='bbox 181 2176 542 2245; x_wconf 81' lang='lat' dir='ltr'>persecutione</span> <span class='ocrx_word' id='word_1_130' title='bbox 615 2172 849 2240; x_wconf 82' lang='lat' dir='ltr'>fugiendi</span> <span class='ocrx_word' id='word_1_131' title='bbox 903 2173 1241 2239; x_wconf 71' lang='lat' dir='ltr'>exemplum,</span> 
     </span>
     <span class='ocr_line' id='line_1_27' title="bbox 181 2244 1245 2314; baseline -0.007 -14"><span class='ocrx_word' id='word_1_132' title='bbox 181 2264 239 2300; x_wconf 89' lang='lat' dir='ltr'>ne</span> <span class='ocrx_word' id='word_1_133' title='bbox 267 2250 396 2314; x_wconf 85' lang='lat' dir='ltr'>fuga</span> <span class='ocrx_word' id='word_1_134' title='bbox 433 2262 618 2298; x_wconf 89' lang='lat' dir='ltr'>eorum</span> <span class='ocrx_word' id='word_1_135' title='bbox 664 2246 1017 2310; x_wconf 77' lang='lat' dir='ltr'>imputaretur</span> <span class='ocrx_word' id='word_1_136' title='bbox 1045 2244 1101 2294; x_wconf 89' lang='lat' dir='ltr'>in</span> <span class='ocrx_word' id='word_1_137' title='bbox 1133 2259 1245 2310; x_wconf 88' lang='lat' dir='ltr'>pec·</span> 
     </span>
     <span class='ocr_line' id='line_1_28' title="bbox 182 2314 1247 2384; baseline -0.006 -14"><span class='ocrx_word' id='word_1_138' title='bbox 182 2330 369 2383; x_wconf 74' lang='lat' dir='ltr'>eatum3</span> <span class='ocrx_word' id='word_1_139' title='bbox 409 2318 627 2384; x_wconf 84' lang='lat' dir='ltr'>quinto,</span> <span class='ocrx_word' id='word_1_140' title='bbox 670 2326 888 2382; x_wconf 85' lang='lat' dir='ltr'>propter</span> <span class='ocrx_word' id='word_1_141' title='bbox 924 2314 1247 2366; x_wconf 83' lang='lat' dir='ltr'>humilitatis</span> 
     </span>
     <span class='ocr_line' id='line_1_29' title="bbox 182 2387 1246 2457; baseline -0.007 -15"><span class='ocrx_word' id='word_1_142' title='bbox 182 2400 228 2442; x_wconf 87' lang='lat' dir='ltr'>et</span> <span class='ocrx_word' id='word_1_143' title='bbox 249 2389 528 2457; x_wconf 80' lang='lat' dir='ltr'>patientiae</span> <span class='ocrx_word' id='word_1_144' title='bbox 555 2387 838 2447; x_wconf 86' lang='lat' dir='ltr'>indicium,</span> <span class='ocrx_word' id='word_1_145' title='bbox 884 2395 937 2437; x_wconf 89' lang='lat' dir='ltr'>et</span> <span class='ocrx_word' id='word_1_146' title='bbox 964 2402 1086 2436; x_wconf 85' lang='lat' dir='ltr'>cum</span> <span class='ocrx_word' id='word_1_147' title='bbox 1115 2402 1246 2451; x_wconf 91' lang='lat' dir='ltr'>pos-</span> 
     </span>
     <span class='ocr_line' id='line_1_30' title="bbox 182 2456 1245 2523; baseline -0.007 -11"><span class='ocrx_word' id='word_1_148' title='bbox 182 2461 244 2511; x_wconf 76' lang='lat' dir='ltr'>sit</span> <span class='ocrx_word' id='word_1_149' title='bbox 263 2460 606 2511; x_wconf 78' lang='lat' dir='ltr'>adversarios</span> <span class='ocrx_word' id='word_1_150' title='bbox 624 2473 753 2509; x_wconf 90' lang='lat' dir='ltr'>suos</span> <span class='ocrx_word' id='word_1_151' title='bbox 776 2467 912 2508; x_wconf 85' lang='lat' dir='ltr'>nutu</span> <span class='ocrx_word' id='word_1_152' title='bbox 940 2456 1165 2523; x_wconf 84' lang='lat' dir='ltr'>dejicere</span> <span class='ocrx_word' id='word_1_153' title='bbox 1188 2458 1245 2506; x_wconf 89' lang='lat' dir='ltr'>in</span> 
     </span>
     <span class='ocr_line' id='line_1_31' title="bbox 181 2528 1245 2598; baseline -0.004 -16"><span class='ocrx_word' id='word_1_154' title='bbox 181 2532 462 2598; x_wconf 79' lang='lat' dir='ltr'>abyssum3</span> <span class='ocrx_word' id='word_1_155' title='bbox 518 2539 686 2592; x_wconf 83' lang='lat' dir='ltr'>sexto,</span> <span class='ocrx_word' id='word_1_156' title='bbox 739 2529 805 2578; x_wconf 84' lang='lat' dir='ltr'>ad</span> <span class='ocrx_word' id='word_1_157' title='bbox 852 2528 1245 2578; x_wconf 85' lang='lat' dir='ltr'>ostendendum</span> 
     </span>
     <span class='ocr_line' id='line_1_32' title="bbox 181 2598 1245 2665; baseline -0.007 -11"><span class='ocrx_word' id='word_1_158' title='bbox 181 2617 303 2654; x_wconf 78' lang='lat' dir='ltr'>veroe</span> <span class='ocrx_word' id='word_1_159' title='bbox 335 2600 696 2652; x_wconf 80' lang='lat' dir='ltr'>humanitatis</span> <span class='ocrx_word' id='word_1_160' title='bbox 732 2599 967 2665; x_wconf 79' lang='lat' dir='ltr'>signum,</span> <span class='ocrx_word' id='word_1_161' title='bbox 1006 2613 1130 2648; x_wconf 88' lang='lat' dir='ltr'>cum</span> <span class='ocrx_word' id='word_1_162' title='bbox 1173 2598 1245 2647; x_wconf 83' lang='lat' dir='ltr'>li·-</span> 
     </span>
     <span class='ocr_line' id='line_1_33' title="bbox 182 2672 1246 2742; baseline -0.006 -15"><span class='ocrx_word' id='word_1_163' title='bbox 182 2686 252 2727; x_wconf 83' lang='lat' dir='ltr'>cet</span> <span class='ocrx_word' id='word_1_164' title='bbox 298 2677 422 2742; x_wconf 88' lang='lat' dir='ltr'>ipse</span> <span class='ocrx_word' id='word_1_165' title='bbox 462 2682 693 2723; x_wconf 87' lang='lat' dir='ltr'>mortem</span> <span class='ocrx_word' id='word_1_166' title='bbox 738 2688 848 2723; x_wconf 87' lang='lat' dir='ltr'>non</span> <span class='ocrx_word' id='word_1_167' title='bbox 896 2672 1125 2732; x_wconf 84' lang='lat' dir='ltr'>timeret,</span> <span class='ocrx_word' id='word_1_168' title='bbox 1159 2683 1246 2722; x_wconf 74' lang='lat' dir='ltr'>m-</span> 
     </span>
     <span class='ocr_line' id='line_1_34' title="bbox 182 2742 1247 2811; baseline -0.005 -15"><span class='ocrx_word' id='word_1_169' title='bbox 182 2761 293 2797; x_wconf 84' lang='lat' dir='ltr'>men</span> <span class='ocrx_word' id='word_1_170' title='bbox 320 2757 590 2811; x_wconf 85' lang='lat' dir='ltr'>tanquam</span> <span class='ocrx_word' id='word_1_171' title='bbox 618 2744 794 2793; x_wconf 89' lang='lat' dir='ltr'>homo·</span> <span class='ocrx_word' id='word_1_172' title='bbox 824 2742 964 2809; x_wconf 86' lang='lat' dir='ltr'>fugit</span> <span class='ocrx_word' id='word_1_173' title='bbox 995 2756 1026 2792; x_wconf 84' lang='lat' dir='ltr'>a</span> <span class='ocrx_word' id='word_1_174' title='bbox 1065 2742 1247 2792; x_wconf 86' lang='lat' dir='ltr'>consi-</span> 
     </span>
     <span class='ocr_line' id='line_1_35' title="bbox 181 2813 1248 2881; baseline -0.003 -16"><span class='ocrx_word' id='word_1_175' title='bbox 181 2816 246 2866; x_wconf 89' lang='lat' dir='ltr'>lio</span> <span class='ocrx_word' id='word_1_176' title='bbox 270 2814 713 2881; x_wconf 77' lang='lat' dir='ltr'>malignantium.</span> <span class='ocrx_word' id='word_1_177' title='bbox 739 2815 797 2863; x_wconf 87' lang='lat' dir='ltr'>ln</span> <span class='ocrx_word' id='word_1_178' title='bbox 826 2829 936 2879; x_wconf 82' lang='lat' dir='ltr'>quo</span> <span class='ocrx_word' id='word_1_179' title='bbox 960 2813 1120 2863; x_wconf 76' lang='lat' dir='ltr'>etiam</span> <span class='ocrx_word' id='word_1_180' title='bbox 1147 2828 1248 2863; x_wconf 86' lang='lat' dir='ltr'>nos</span> 
     </span>
     <span class='ocr_line' id='line_1_36' title="bbox 181 2883 1248 2949; baseline -0.004 -13"><span class='ocrx_word' id='word_1_181' title='bbox 181 2886 368 2947; x_wconf 84' lang='lat' dir='ltr'>docuit,</span> <span class='ocrx_word' id='word_1_182' title='bbox 400 2895 462 2934; x_wconf 90' lang='lat' dir='ltr'>ut</span> <span class='ocrx_word' id='word_1_183' title='bbox 506 2884 573 2933; x_wconf 83' lang='lat' dir='ltr'>ab</span> <span class='ocrx_word' id='word_1_184' title='bbox 603 2883 713 2933; x_wconf 86' lang='lat' dir='ltr'>illis</span> <span class='ocrx_word' id='word_1_185' title='bbox 754 2883 1086 2942; x_wconf 74' lang='lat' dir='ltr'>recedamus,</span> <span class='ocrx_word' id='word_1_186' title='bbox 1109 2898 1248 2949; x_wconf 90' lang='lat' dir='ltr'>quos</span> 
     </span>
     <span class='ocr_line' id='line_1_37' title="bbox 182 2954 1249 3020; baseline -0.001 -13"><span class='ocrx_word' id='word_1_187' title='bbox 182 2956 331 3008; x_wconf 88' lang='lat' dir='ltr'>bonis</span> <span class='ocrx_word' id='word_1_188' title='bbox 391 2954 621 3006; x_wconf 81' lang='lat' dir='ltr'>monitis</span> <span class='ocrx_word' id='word_1_189' title='bbox 685 2970 899 3020; x_wconf 84' lang='lat' dir='ltr'>semper</span> <span class='ocrx_word' id='word_1_190' title='bbox 958 2955 1249 3006; x_wconf 82' lang='lat' dir='ltr'>deteriores</span> 
     </span>
     <span class='ocr_line' id='line_1_38' title="bbox 182 3026 1248 3091; baseline -0.003 -13"><span class='ocrx_word' id='word_1_191' title='bbox 182 3027 284 3078; x_wconf 83' lang='lat' dir='ltr'>fieri</span> <span class='ocrx_word' id='word_1_192' title='bbox 338 3027 625 3091; x_wconf 74' lang='lat' dir='ltr'>videmu53</span> <span class='ocrx_word' id='word_1_193' title='bbox 681 3026 933 3076; x_wconf 84' lang='lat' dir='ltr'>homines</span> <span class='ocrx_word' id='word_1_194' title='bbox 977 3026 1128 3075; x_wconf 88' lang='lat' dir='ltr'>enim</span> <span class='ocrx_word' id='word_1_195' title='bbox 1190 3026 1248 3075; x_wconf 90' lang='lat' dir='ltr'>in</span> 
     </span>
     <span class='ocr_line' id='line_1_39' title="bbox 183 3096 1251 3163; baseline -0.002 -14"><span class='ocrx_word' id='word_1_196' title='bbox 183 3101 331 3149; x_wconf 86' lang='lat' dir='ltr'>malis</span> <span class='ocrx_word' id='word_1_197' title='bbox 392 3096 652 3148; x_wconf 84' lang='lat' dir='ltr'>obstinati</span> <span class='ocrx_word' id='word_1_198' title='bbox 726 3097 819 3147; x_wconf 75' lang='lat' dir='ltr'>vix</span> <span class='ocrx_word' id='word_1_199' title='bbox 870 3107 1097 3163; x_wconf 84' lang='lat' dir='ltr'>possunt</span> <span class='ocrx_word' id='word_1_200' title='bbox 1157 3113 1251 3163; x_wconf 91' lang='lat' dir='ltr'>per</span> 
     </span>
     <span class='ocr_line' id='line_1_40' title="bbox 181 3171 1249 3237; baseline -0.002 -15"><span class='ocrx_word' id='word_1_201' title='bbox 181 3174 442 3224; x_wconf 84' lang='lat' dir='ltr'>rationem</span> <span class='ocrx_word' id='word_1_202' title='bbox 508 3171 792 3237; x_wconf 86' lang='lat' dir='ltr'>compesci.</span> <span class='ocrx_word' id='word_1_203' title='bbox 871 3172 1026 3222; x_wconf 87' lang='lat' dir='ltr'>Unde</span> <span class='ocrx_word' id='word_1_204' title='bbox 1103 3171 1249 3221; x_wconf 87' lang='lat' dir='ltr'>idem</span> 
     </span>
     <span class='ocr_line' id='line_1_41' title="bbox 184 3242 1251 3312; baseline -0.002 -18"><span class='ocrx_word' id='word_1_205' title='bbox 184 3244 607 3312; x_wconf 67' lang='lat' dir='ltr'>Cluysostomus</span> <span class='ocrx_word' id='word_1_206' title='bbox 629 3257 647 3291; x_wconf 89' lang='lat'>.·</span> <span class='ocrx_word' id='word_1_207' title='bbox 669 3264 692 3289; x_wconf 71' lang='grc' dir='ltr'>ι</span> <span class='ocrx_word' id='word_1_208' title='bbox 716 3242 903 3293; x_wconf 84' lang='lat' dir='ltr'>Sciens</span> <span class='ocrx_word' id='word_1_209' title='bbox 934 3253 1109 3294; x_wconf 88' lang='lat' dir='ltr'>autem</span> <span class='ocrx_word' id='word_1_210' title='bbox 1139 3243 1251 3293; x_wconf 92' lang='lat' dir='ltr'>Do-</span> 
     </span>
     <span class='ocr_line' id='line_1_42' title="bbox 182 3314 1251 3376; baseline -0.002 -10"><span class='ocrx_word' id='word_1_211' title='bbox 182 3315 358 3366; x_wconf 83' lang='lat' dir='ltr'>minus</span> <span class='ocrx_word' id='word_1_212' title='bbox 411 3314 700 3365; x_wconf 84' lang='lat' dir='ltr'>consilium</span> <span class='ocrx_word' id='word_1_213' title='bbox 747 3328 952 3376; x_wconf 83' lang='lat' dir='ltr'>eorum,</span> <span class='ocrx_word' id='word_1_214' title='bbox 996 3330 1105 3364; x_wconf 92' lang='lat' dir='ltr'>non</span> <span class='ocrx_word' id='word_1_215' title='bbox 1156 3315 1251 3364; x_wconf 89' lang='lat' dir='ltr'>diu</span> 
     </span>
     <span class='ocr_line' id='line_1_43' title="bbox 184 3384 1252 3447; baseline -0.001 -12"><span class='ocrx_word' id='word_1_216' title='bbox 184 3386 454 3437; x_wconf 77' lang='lat' dir='ltr'>contendit</span> <span class='ocrx_word' id='word_1_217' title='bbox 474 3425 487 3447; x_wconf 90' lang='lat'>‚</span> <span class='ocrx_word' id='word_1_218' title='bbox 519 3386 613 3435; x_wconf 88' lang='lat' dir='ltr'>sed</span> <span class='ocrx_word' id='word_1_219' title='bbox 647 3399 756 3435; x_wconf 89' lang='lat' dir='ltr'>una</span> <span class='ocrx_word' id='word_1_220' title='bbox 802 3384 1007 3435; x_wconf 85' lang='lat' dir='ltr'>reddita</span> <span class='ocrx_word' id='word_1_221' title='bbox 1048 3384 1252 3435; x_wconf 80' lang='lat' dir='ltr'>ratione</span> 
     </span>
     <span class='ocr_line' id='line_1_44' title="bbox 183 3455 1250 3520; baseline -0.002 -15"><span class='ocrx_word' id='word_1_222' title='bbox 183 3457 416 3516; x_wconf 83' lang='lat' dir='ltr'>recessit,</span> <span class='ocrx_word' id='word_1_223' title='bbox 444 3471 514 3506; x_wconf 90' lang='lat' dir='ltr'>ne</span> <span class='ocrx_word' id='word_1_224' title='bbox 550 3455 723 3520; x_wconf 86' lang='lat' dir='ltr'>magis</span> <span class='ocrx_word' id='word_1_225' title='bbox 764 3455 1030 3505; x_wconf 81' lang='lat' dir='ltr'>insaniam</span> <span class='ocrx_word' id='word_1_226' title='bbox 1065 3470 1250 3504; x_wconf 89' lang='lat' dir='ltr'>eorum</span> 
     </span>
     <span class='ocr_line' id='line_1_45' title="bbox 185 3526 1254 3594; baseline -0.004 -15"><span class='ocrx_word' id='word_1_227' title='bbox 185 3529 464 3590; x_wconf 70' lang='lat' dir='ltr'>excitaret,</span> <span class='ocrx_word' id='word_1_228' title='bbox 497 3527 626 3594; x_wconf 90' lang='lat' dir='ltr'>quia</span> <span class='ocrx_word' id='word_1_229' title='bbox 655 3541 765 3577; x_wconf 85' lang='lat' dir='ltr'>non</span> <span class='ocrx_word' id='word_1_230' title='bbox 810 3535 986 3593; x_wconf 84' lang='lat' dir='ltr'>potest</span> <span class='ocrx_word' id='word_1_231' title='bbox 1027 3526 1162 3586; x_wconf 81' lang='lat' dir='ltr'>fieri,</span> <span class='ocrx_word' id='word_1_232' title='bbox 1192 3535 1254 3576; x_wconf 88' lang='lat' dir='ltr'>ut</span> 
     </span>
     <span class='ocr_line' id='line_1_46' title="bbox 186 3597 1254 3663; baseline -0.002 -15"><span class='ocrx_word' id='word_1_233' title='bbox 186 3598 391 3650; x_wconf 79' lang='lat' dir='ltr'>malitia</span> <span class='ocrx_word' id='word_1_234' title='bbox 442 3599 652 3648; x_wconf 89' lang='lat' dir='ltr'>ratione</span> <span class='ocrx_word' id='word_1_235' title='bbox 701 3598 956 3663; x_wconf 81' lang='lat' dir='ltr'>placetur.</span> <span class='ocrx_word' id='word_1_236' title='bbox 1007 3597 1254 3662; x_wconf 82' lang='lat' dir='ltr'>Ignoran-</span> 
     </span>
     <span class='ocr_line' id='line_1_47' title="bbox 185 3666 1255 3737; baseline -0.005 -17"><span class='ocrx_word' id='word_1_237' title='bbox 185 3667 253 3720; x_wconf 74' lang='lat' dir='ltr'>tia</span> <span class='ocrx_word' id='word_1_238' title='bbox 281 3670 510 3737; x_wconf 83' lang='lat' dir='ltr'>quidem</span> <span class='ocrx_word' id='word_1_239' title='bbox 531 3669 739 3719; x_wconf 84' lang='lat' dir='ltr'>ratione</span> <span class='ocrx_word' id='word_1_240' title='bbox 762 3669 1026 3734; x_wconf 59' lang='lat' dir='ltr'>placatum</span> <span class='ocrx_word' id='word_1_241' title='bbox 1050 3666 1255 3716; x_wconf 79' lang='lat' dir='ltr'>malitia</span> 
     </span>
     <span class='ocr_line' id='line_1_48' title="bbox 186 3736 1254 3805; baseline -0.003 -14"><span class='ocrx_word' id='word_1_242' title='bbox 186 3751 366 3792; x_wconf 90' lang='lat' dir='ltr'>autem</span> <span class='ocrx_word' id='word_1_243' title='bbox 438 3740 672 3805; x_wconf 86' lang='lat' dir='ltr'>amplius</span> <span class='ocrx_word' id='word_1_244' title='bbox 741 3739 1015 3789; x_wconf 83' lang='lat' dir='ltr'>excitatur.</span> <span class='ocrx_word' id='word_1_245' title='bbox 1068 3736 1254 3788; x_wconf 79' lang='lat' dir='ltr'>Sciens</span> 
     </span>
     <span class='ocr_line' id='line_1_49' title="bbox 188 3807 1255 3877; baseline -0.003 -16"><span class='ocrx_word' id='word_1_246' title='bbox 188 3826 310 3877; x_wconf 87' lang='lat' dir='ltr'>ergo</span> <span class='ocrx_word' id='word_1_247' title='bbox 359 3821 570 3876; x_wconf 88' lang='lat' dir='ltr'>paratos</span> <span class='ocrx_word' id='word_1_248' title='bbox 618 3810 738 3860; x_wconf 85' lang='lat' dir='ltr'>illos</span> <span class='ocrx_word' id='word_1_249' title='bbox 772 3824 888 3860; x_wconf 86' lang='lat' dir='ltr'>esse</span> <span class='ocrx_word' id='word_1_250' title='bbox 926 3809 992 3858; x_wconf 91' lang='lat' dir='ltr'>ad</span> <span class='ocrx_word' id='word_1_251' title='bbox 1032 3807 1255 3858; x_wconf 88' lang='lat' dir='ltr'>malefa-</span> 
     </span>
     <span class='ocr_line' id='line_1_50' title="bbox 187 3879 1255 3947; baseline -0.004 -15"><span class='ocrx_word' id='word_1_252' title='bbox 187 3882 441 3932; x_wconf 89' lang='lat' dir='ltr'>ciendum</span> <span class='ocrx_word' id='word_1_253' title='bbox 471 3881 705 3944; x_wconf 83' lang='lat' dir='ltr'>secessit,</span> <span class='ocrx_word' id='word_1_254' title='bbox 755 3897 865 3931; x_wconf 90' lang='lat' dir='ltr'>non</span> <span class='ocrx_word' id='word_1_255' title='bbox 909 3880 1061 3947; x_wconf 88' lang='lat' dir='ltr'>quasi</span> <span class='ocrx_word' id='word_1_256' title='bbox 1100 3879 1255 3929; x_wconf 88' lang='lat' dir='ltr'>timi-</span> 
     </span>
    </p>
   </div>
   <div class='ocr_carea' id='block_1_3' title="bbox 187 3953 1251 4021">
    <p class='ocr_par' dir='ltr' id='par_1_3' title="bbox 187 3953 1251 4021">
     <span class='ocr_line' id='line_1_51' title="bbox 187 3953 1251 4021; baseline 0 -16"><span class='ocrx_word' id='word_1_257' title='bbox 187 3955 288 4008; x_wconf 87' lang='lat' dir='ltr'>dus</span> <span class='ocrx_word' id='word_1_258' title='bbox 318 3956 645 4007; x_wconf 88' lang='lat' dir='ltr'>subtrahens</span> <span class='ocrx_word' id='word_1_259' title='bbox 672 3970 730 4007; x_wconf 88' lang='lat' dir='ltr'>se</span> <span class='ocrx_word' id='word_1_260' title='bbox 755 3955 823 4007; x_wconf 89' lang='lat' dir='ltr'>ab</span> <span class='ocrx_word' id='word_1_261' title='bbox 847 3954 954 4020; x_wconf 88' lang='lat' dir='ltr'>eis;</span> <span class='ocrx_word' id='word_1_262' title='bbox 984 3954 1077 4006; x_wconf 86' lang='lat' dir='ltr'>sed</span> <span class='ocrx_word' id='word_1_263' title='bbox 1097 3953 1251 4021; x_wconf 86' lang='lat' dir='ltr'>quasi</span> 
     </span>
    </p>
   </div>
   <div class='ocr_carea' id='block_1_4' title="bbox 2306 336 2411 388">
    <p class='ocr_par' dir='ltr' id='par_1_4' title="bbox 2306 336 2411 388">
     <span class='ocr_line' id='line_1_52' title="bbox 2306 336 2411 388; baseline 0.01 -1"><span class='ocrx_word' id='word_1_264' title='bbox 2306 336 2411 388; x_wconf 68' lang='lat'>661</span> 
     </span>
    </p>
   </div>
   <div class='ocr_carea' id='block_1_5' title="bbox 1346 455 2437 4020">
    <p class='ocr_par' dir='ltr' id='par_1_5' title="bbox 1346 455 2427 1517">
     <span class='ocr_line' id='line_1_53' title="bbox 1347 455 2415 522; baseline 0 -15"><span class='ocrx_word' id='word_1_265' title='bbox 1347 457 1658 507; x_wconf 79' lang='lat' dir='ltr'>misericors</span> <span class='ocrx_word' id='word_1_266' title='bbox 1698 471 1930 522; x_wconf 68' lang='lat' dir='ltr'>parcens·</span> <span class='ocrx_word' id='word_1_267' title='bbox 1955 455 2051 515; x_wconf 61' lang='lat' dir='ltr'>eie,</span> <span class='ocrx_word' id='word_1_268' title='bbox 2106 471 2177 505; x_wconf 89' lang='lat' dir='ltr'>ne</span> <span class='ocrx_word' id='word_1_269' title='bbox 2217 471 2309 506; x_wconf 89' lang='lat' dir='ltr'>eos</span> <span class='ocrx_word' id='word_1_270' title='bbox 2348 457 2415 507; x_wconf 84' lang='lat' dir='ltr'>ad</span> 
     </span>
     <span class='ocr_line' id='line_1_54' title="bbox 1347 528 2419 596; baseline -0.002 -15"><span class='ocrx_word' id='word_1_271' title='bbox 1347 547 1490 596; x_wconf 71' lang='lat' dir='ltr'>opus</span> <span class='ocrx_word' id='word_1_272' title='bbox 1553 529 1784 595; x_wconf 73' lang='lat' dir='ltr'>impium</span> <span class='ocrx_word' id='word_1_273' title='bbox 1866 529 2099 594; x_wconf 76' lang='lat' dir='ltr'>amplius</span> <span class='ocrx_word' id='word_1_274' title='bbox 2164 528 2419 583; x_wconf 66' lang='lat' dir='ltr'>irritaret,</span> 
     </span>
     <span class='ocr_line' id='line_1_55' title="bbox 1348 601 2418 666; baseline -0.002 -13"><span class='ocrx_word' id='word_1_275' title='bbox 1348 602 1608 663; x_wconf 85' lang='lat' dir='ltr'>Quamvis</span> <span class='ocrx_word' id='word_1_276' title='bbox 1640 601 1788 651; x_wconf 84' lang='lat' dir='ltr'>enim</span> <span class='ocrx_word' id='word_1_277' title='bbox 1816 601 1910 666; x_wconf 81' lang='lat' dir='ltr'>qui</span> <span class='ocrx_word' id='word_1_278' title='bbox 1940 610 2153 665; x_wconf 82' lang='lat' dir='ltr'>paratus</span> <span class='ocrx_word' id='word_1_279' title='bbox 2179 611 2260 650; x_wconf 91' lang='lat' dir='ltr'>est</span> <span class='ocrx_word' id='word_1_280' title='bbox 2293 617 2418 651; x_wconf 84' lang='lat' dir='ltr'>ma·-</span> 
     </span>
     <span class='ocr_line' id='line_1_56' title="bbox 1347 670 2420 735; baseline -0.001 -13"><span class='ocrx_word' id='word_1_281' title='bbox 1347 675 1462 722; x_wconf 86' lang='lat' dir='ltr'>lum</span> <span class='ocrx_word' id='word_1_282' title='bbox 1509 671 1683 721; x_wconf 84' lang='lat' dir='ltr'>facere</span> <span class='ocrx_word' id='word_1_283' title='bbox 1711 671 1852 735; x_wconf 86' lang='lat' dir='ltr'>apud</span> <span class='ocrx_word' id='word_1_284' title='bbox 1894 671 2067 720; x_wconf 85' lang='lat' dir='ltr'>Deum</span> <span class='ocrx_word' id='word_1_285' title='bbox 2116 671 2223 734; x_wconf 78' lang='lat' dir='ltr'>jam</span> <span class='ocrx_word' id='word_1_286' title='bbox 2260 670 2420 734; x_wconf 52' lang='lat' dir='ltr'>fenim</span> 
     </span>
     <span class='ocr_line' id='line_1_57' title="bbox 1346 744 2424 811; baseline 0.001 -15"><span class='ocrx_word' id='word_1_287' title='bbox 1346 756 1526 796; x_wconf 82' lang='lat' dir='ltr'>tamen</span> <span class='ocrx_word' id='word_1_288' title='bbox 1574 744 1668 811; x_wconf 76' lang='lat' dir='ltr'>qui</span> <span class='ocrx_word' id='word_1_289' title='bbox 1716 744 1969 809; x_wconf 81' lang='lat' dir='ltr'>intelligit</span> <span class='ocrx_word' id='word_1_290' title='bbox 2017 754 2260 809; x_wconf 77' lang='lat' dir='ltr'>paratum</span> <span class='ocrx_word' id='word_1_291' title='bbox 2301 761 2424 797; x_wconf 79' lang='lat' dir='ltr'>esse</span> 
     </span>
     <span class='ocr_line' id='line_1_58' title="bbox 1346 815 2418 882; baseline 0.001 -16"><span class='ocrx_word' id='word_1_292' title='bbox 1346 818 1581 882; x_wconf 82' lang='lat' dir='ltr'>aliquem</span> <span class='ocrx_word' id='word_1_293' title='bbox 1623 832 1762 882; x_wconf 84' lang='lat' dir='ltr'>opus</span> <span class='ocrx_word' id='word_1_294' title='bbox 1796 816 2002 864; x_wconf 86' lang='lat' dir='ltr'>malum</span> <span class='ocrx_word' id='word_1_295' title='bbox 2032 815 2221 878; x_wconf 84' lang='lat' dir='ltr'>facere,</span> <span class='ocrx_word' id='word_1_296' title='bbox 2247 826 2303 866; x_wconf 79' lang='lat' dir='ltr'>et</span> <span class='ocrx_word' id='word_1_297' title='bbox 2337 817 2418 867; x_wconf 87' lang='lat' dir='ltr'>ir·-</span> 
     </span>
     <span class='ocr_line' id='line_1_59' title="bbox 1347 886 2420 950; baseline 0 -11"><span class='ocrx_word' id='word_1_298' title='bbox 1347 889 1471 939; x_wconf 85' lang='lat' dir='ltr'>ritat</span> <span class='ocrx_word' id='word_1_299' title='bbox 1504 903 1647 950; x_wconf 87' lang='lat' dir='ltr'>eum,</span> <span class='ocrx_word' id='word_1_300' title='bbox 1693 888 1826 937; x_wconf 85' lang='lat' dir='ltr'>dans</span> <span class='ocrx_word' id='word_1_301' title='bbox 1874 886 1922 936; x_wconf 87' lang='lat' dir='ltr'>ei</span> <span class='ocrx_word' id='word_1_302' title='bbox 1969 887 2307 937; x_wconf 84' lang='lat' dir='ltr'>occasionem</span> <span class='ocrx_word' id='word_1_303' title='bbox 2354 898 2420 939; x_wconf 88' lang='lat' dir='ltr'>ut</span> 
     </span>
     <span class='ocr_line' id='line_1_60' title="bbox 1347 959 2420 1027; baseline 0 -15"><span class='ocrx_word' id='word_1_304' title='bbox 1347 963 1609 1027; x_wconf 85' lang='lat' dir='ltr'>compleat</span> <span class='ocrx_word' id='word_1_305' title='bbox 1631 961 1852 1022; x_wconf 75' lang='lat' dir='ltr'>malum,</span> <span class='ocrx_word' id='word_1_306' title='bbox 1891 959 2005 1024; x_wconf 77' lang='lat' dir='ltr'>ipse</span> <span class='ocrx_word' id='word_1_307' title='bbox 2050 959 2310 1025; x_wconf 75' lang='lat' dir='ltr'>particeps</span> <span class='ocrx_word' id='word_1_308' title='bbox 2336 970 2420 1012; x_wconf 80' lang='lat' dir='ltr'>est</span> 
     </span>
     <span class='ocr_line' id='line_1_61' title="bbox 1348 1031 2418 1099; baseline -0.001 -15"><span class='ocrx_word' id='word_1_309' title='bbox 1348 1033 1545 1099; x_wconf 88' lang='lat' dir='ltr'>peccati</span> <span class='ocrx_word' id='word_1_310' title='bbox 1573 1033 1704 1097; x_wconf 78' lang='lat' dir='ltr'>ejus,</span> <span class='ocrx_word' id='word_1_311' title='bbox 1747 1031 1949 1097; x_wconf 73' lang='lat' dir='ltr'>thuid</span> <span class='ocrx_word' id='word_1_312' title='bbox 1986 1031 2131 1080; x_wconf 87' lang='lat' dir='ltr'>enim</span> <span class='ocrx_word' id='word_1_313' title='bbox 2167 1046 2250 1080; x_wconf 88' lang='lat' dir='ltr'>res</span> <span class='ocrx_word' id='word_1_314' title='bbox 2277 1033 2418 1083; x_wconf 71' lang='lat' dir='ltr'>mala</span> 
     </span>
     <span class='ocr_line' id='line_1_62' title="bbox 1348 1102 2420 1171; baseline 0 -16"><span class='ocrx_word' id='word_1_315' title='bbox 1348 1121 1444 1171; x_wconf 89' lang='lat' dir='ltr'>per</span> <span class='ocrx_word' id='word_1_316' title='bbox 1466 1114 1516 1155; x_wconf 90' lang='lat' dir='ltr'>te</span> <span class='ocrx_word' id='word_1_317' title='bbox 1545 1103 1747 1154; x_wconf 83' lang='lat' dir='ltr'>exitum</span> <span class='ocrx_word' id='word_1_318' title='bbox 1773 1117 1933 1152; x_wconf 86' lang='lat' dir='ltr'>suum</span> <span class='ocrx_word' id='word_1_319' title='bbox 1958 1102 2194 1153; x_wconf 80' lang='lat' dir='ltr'>invenit?</span> <span class='ocrx_word' id='word_1_320' title='bbox 2233 1104 2299 1153; x_wconf 79' lang='lat' dir='ltr'>Et</span> <span class='ocrx_word' id='word_1_321' title='bbox 2320 1104 2420 1170; x_wconf 81' lang='lat' dir='ltr'>qui</span> 
     </span>
     <span class='ocr_line' id='line_1_63' title="bbox 1348 1176 2422 1243; baseline -0.002 -14"><span class='ocrx_word' id='word_1_322' title='bbox 1348 1179 1466 1229; x_wconf 89' lang='lat' dir='ltr'>sine</span> <span class='ocrx_word' id='word_1_323' title='bbox 1492 1187 1543 1228; x_wconf 90' lang='lat' dir='ltr'>te</span> <span class='ocrx_word' id='word_1_324' title='bbox 1577 1177 1749 1227; x_wconf 85' lang='lat' dir='ltr'>fuerat</span> <span class='ocrx_word' id='word_1_325' title='bbox 1795 1176 2086 1241; x_wconf 86' lang='lat' dir='ltr'>periturus,</span> <span class='ocrx_word' id='word_1_326' title='bbox 2118 1187 2210 1227; x_wconf 75' lang='lat' dir='ltr'>aut</span> <span class='ocrx_word' id='word_1_327' title='bbox 2238 1194 2422 1243; x_wconf 85' lang='lat' dir='ltr'>quan-</span> 
     </span>
     <span class='ocr_line' id='line_1_64' title="bbox 1348 1247 2423 1314; baseline -0.001 -15"><span class='ocrx_word' id='word_1_328' title='bbox 1348 1261 1466 1300; x_wconf 90' lang='lat' dir='ltr'>tum</span> <span class='ocrx_word' id='word_1_329' title='bbox 1496 1248 1560 1298; x_wconf 85' lang='lat' dir='ltr'>ad</span> <span class='ocrx_word' id='word_1_330' title='bbox 1597 1247 1928 1297; x_wconf 76' lang='lat' dir='ltr'>voluntatem</span> <span class='ocrx_word' id='word_1_331' title='bbox 1956 1261 2110 1296; x_wconf 84' lang='lat' dir='ltr'>suam</span> <span class='ocrx_word' id='word_1_332' title='bbox 2140 1249 2246 1311; x_wconf 83' lang='lat' dir='ltr'>jam</span> <span class='ocrx_word' id='word_1_333' title='bbox 2290 1264 2423 1314; x_wconf 76' lang='lat' dir='ltr'>pen-</span> 
     </span>
     <span class='ocr_line' id='line_1_65' title="bbox 1348 1316 2420 1383; baseline -0.001 -13"><span class='ocrx_word' id='word_1_334' title='bbox 1348 1321 1496 1370; x_wconf 84' lang='lat' dir='ltr'>ditus</span> <span class='ocrx_word' id='word_1_335' title='bbox 1543 1328 1670 1379; x_wconf 88' lang='lat' dir='ltr'>erat,</span> <span class='ocrx_word' id='word_1_336' title='bbox 1719 1316 1912 1382; x_wconf 83' lang='lat' dir='ltr'>utquid</span> <span class='ocrx_word' id='word_1_337' title='bbox 1962 1331 2057 1381; x_wconf 85' lang='lat' dir='ltr'>per</span> <span class='ocrx_word' id='word_1_338' title='bbox 2096 1328 2149 1366; x_wconf 88' lang='lat' dir='ltr'>te</span> <span class='ocrx_word' id='word_1_339' title='bbox 2197 1318 2420 1383; x_wconf 79' lang='lat' dir='ltr'>impleta</span> 
     </span>
     <span class='ocr_line' id='line_1_66' title="bbox 1350 1389 2427 1459; baseline -0.001 -16"><span class='ocrx_word' id='word_1_340' title='bbox 1350 1404 1433 1443; x_wconf 89' lang='lat' dir='ltr'>est</span> <span class='ocrx_word' id='word_1_341' title='bbox 1456 1391 1689 1459; x_wconf 85' lang='lat' dir='ltr'>perditio</span> <span class='ocrx_word' id='word_1_342' title='bbox 1714 1390 1829 1454; x_wconf 84' lang='lat' dir='ltr'>ejus</span> <span class='ocrx_word' id='word_1_343' title='bbox 1842 1389 1871 1438; x_wconf 69' lang='lat'>?‘</span> <span class='ocrx_word' id='word_1_344' title='bbox 1894 1408 1918 1434; x_wconf 68' lang='grc' dir='ltr'>ι</span> <span class='ocrx_word' id='word_1_345' title='bbox 1950 1389 2066 1439; x_wconf 81' lang='lat' dir='ltr'>haec</span> <span class='ocrx_word' id='word_1_346' title='bbox 2097 1389 2427 1457; x_wconf 60' lang='lat' dir='ltr'>Chry-sotto·—</span> 
     </span>
     <span class='ocr_line' id='line_1_67' title="bbox 1349 1480 1486 1517; baseline 0.015 -2"><span class='ocrx_word' id='word_1_347' title='bbox 1349 1480 1486 1517; x_wconf 76' lang='lat' dir='ltr'>mus·</span> 
     </span>
    </p>

    <p class='ocr_par' dir='ltr' id='par_1_6' title="bbox 1350 1534 2437 4020">
     <span class='ocr_line' id='line_1_68' title="bbox 1414 1534 2425 1587; baseline -0.002 0"><span class='ocrx_word' id='word_1_348' title='bbox 1414 1537 1446 1587; x_wconf 88' lang='lat'>6</span> <span class='ocrx_word' id='word_1_349' title='bbox 1480 1537 1717 1586; x_wconf 69' lang='lat' dir='ltr'>Innams</span> <span class='ocrx_word' id='word_1_350' title='bbox 1753 1552 1785 1584; x_wconf 79' lang='lat' dir='ltr'>A</span> <span class='ocrx_word' id='word_1_351' title='bbox 1818 1549 1879 1584; x_wconf 71' lang='lat' dir='ltr'>se</span> <span class='ocrx_word' id='word_1_352' title='bbox 1905 1547 2127 1584; x_wconf 68' lang='lat' dir='ltr'>cum-ns</span> <span class='ocrx_word' id='word_1_353' title='bbox 2148 1534 2425 1585; x_wconf 76' lang='lat' dir='ltr'>Cnmsrus</span> 
     </span>
     <span class='ocr_line' id='line_1_69' title="bbox 1352 1621 2422 1666; baseline -0.003 -7"><span class='ocrx_word' id='word_1_354' title='bbox 1352 1622 1693 1666; x_wconf 64' lang='lat' dir='ltr'>rnazcxrmns,</span> <span class='ocrx_word' id='word_1_355' title='bbox 1753 1621 1822 1655; x_wconf 67' lang='lat' dir='ltr'>nr„</span> <span class='ocrx_word' id='word_1_356' title='bbox 1863 1621 2097 1656; x_wconf 58' lang='lat' dir='ltr'>enarum</span> <span class='ocrx_word' id='word_1_357' title='bbox 2146 1621 2422 1657; x_wconf 64' lang='lat' dir='ltr'>amarum</span> 
     </span>
     <span class='ocr_line' id='line_1_70' title="bbox 1351 1692 2426 1736; baseline 0 -8"><span class='ocrx_word' id='word_1_358' title='bbox 1351 1694 1684 1729; x_wconf 60' lang='lat' dir='ltr'>naumis-mu</span> <span class='ocrx_word' id='word_1_359' title='bbox 1717 1693 1957 1736; x_wconf 50' lang='lat' dir='ltr'>rimemur,</span> <span class='ocrx_word' id='word_1_360' title='bbox 1996 1692 2264 1726; x_wconf 70' lang='lat' dir='ltr'>vrrANmu</span> <span class='ocrx_word' id='word_1_361' title='bbox 2300 1693 2426 1728; x_wconf 66' lang='lat' dir='ltr'>:sm</span> 
     </span>
     <span class='ocr_line' id='line_1_71' title="bbox 1352 1745 2425 1801; baseline -0.002 0"><span class='ocrx_word' id='word_1_362' title='bbox 1352 1745 1575 1801; x_wconf 67' lang='lat' dir='ltr'>LAumm‘</span> <span class='ocrx_word' id='word_1_363' title='bbox 1597 1765 1855 1799; x_wconf 60' lang='lat' dir='ltr'>aunarius</span> <span class='ocrx_word' id='word_1_364' title='bbox 1885 1764 2071 1798; x_wconf 67' lang='lat' dir='ltr'>noce-r.</span> <span class='ocrx_word' id='word_1_365' title='bbox 2102 1776 2162 1787; x_wconf 97' lang='lat'>—</span> <span class='ocrx_word' id='word_1_366' title='bbox 2185 1749 2267 1799; x_wconf 88' lang='lat' dir='ltr'>Et</span> <span class='ocrx_word' id='word_1_367' title='bbox 2289 1750 2425 1799; x_wconf 77' lang='lat' dir='ltr'>mul·-</span> 
     </span>
     <span class='ocr_line' id='line_1_72' title="bbox 1352 1821 2430 1886; baseline -0.001 -12"><span class='ocrx_word' id='word_1_368' title='bbox 1352 1824 1410 1886; x_wconf 81' lang='lat' dir='ltr'>ti,</span> <span class='ocrx_word' id='word_1_369' title='bbox 1455 1821 1676 1881; x_wconf 88' lang='lat' dir='ltr'>infirmi,</span> <span class='ocrx_word' id='word_1_370' title='bbox 1724 1822 1894 1872; x_wconf 76' lang='lat' dir='ltr'>secuti</span> <span class='ocrx_word' id='word_1_371' title='bbox 1935 1827 2060 1872; x_wconf 73' lang='lat' dir='ltr'>sunt</span> <span class='ocrx_word' id='word_1_372' title='bbox 2085 1835 2217 1883; x_wconf 77' lang='lat' dir='ltr'>eum,</span> <span class='ocrx_word' id='word_1_373' title='bbox 2248 1838 2314 1872; x_wconf 79' lang='lat' dir='ltr'>ex</span> <span class='ocrx_word' id='word_1_374' title='bbox 2356 1838 2430 1873; x_wconf 75' lang='lat' dir='ltr'>eo</span> 
     </span>
     <span class='ocr_line' id='line_1_73' title="bbox 1351 1894 2422 1962; baseline 0.001 -18"><span class='ocrx_word' id='word_1_375' title='bbox 1351 1895 1495 1962; x_wconf 89' lang='lat' dir='ltr'>quod</span> <span class='ocrx_word' id='word_1_376' title='bbox 1527 1894 1770 1944; x_wconf 86' lang='lat' dir='ltr'>viderant</span> <span class='ocrx_word' id='word_1_377' title='bbox 1797 1894 2112 1959; x_wconf 67' lang='lat' dir='ltr'>praedictum</span> <span class='ocrx_word' id='word_1_378' title='bbox 2138 1894 2422 1949; x_wconf 72' lang='lat' dir='ltr'>=hominem</span> 
     </span>
     <span class='ocr_line' id='line_1_74' title="bbox 1351 1965 2426 2041; baseline 0.001 -27"><span class='ocrx_word' id='word_1_379' title='bbox 1351 1974 1617 2041; x_wconf 63' lang='lat' dir='ltr'>curatum,</span> <span class='ocrx_word' id='word_1_380' title='bbox 1656 1970 1710 2014; x_wconf 66' lang='lat' dir='ltr'>er</span> <span class='ocrx_word' id='word_1_381' title='bbox 1745 1965 1958 2015; x_wconf 80' lang='lat' dir='ltr'>curavit</span> <span class='ocrx_word' id='word_1_382' title='bbox 1983 1978 2076 2014; x_wconf 81' lang='lat' dir='ltr'>eos</span> <span class='ocrx_word' id='word_1_383' title='bbox 2107 1979 2302 2027; x_wconf 57' lang='lat' dir='ltr'>omnm,</span> <span class='ocrx_word' id='word_1_384' title='bbox 2332 1979 2426 2015; x_wconf 83' lang='lat' dir='ltr'>re-</span> 
     </span>
     <span class='ocr_line' id='line_1_75' title="bbox 1350 2034 2426 2100; baseline 0 -15"><span class='ocrx_word' id='word_1_385' title='bbox 1350 2049 1645 2085; x_wconf 86' lang='lat' dir='ltr'>munerans</span> <span class='ocrx_word' id='word_1_386' title='bbox 1688 2034 1849 2084; x_wconf 88' lang='lat' dir='ltr'>fidem</span> <span class='ocrx_word' id='word_1_387' title='bbox 1893 2035 2155 2100; x_wconf 87' lang='lat' dir='ltr'>ipsorum,</span> <span class='ocrx_word' id='word_1_388' title='bbox 2196 2034 2426 2085; x_wconf 78' lang='lat' dir='ltr'>forsitan</span> 
     </span>
     <span class='ocr_line' id='line_1_76' title="bbox 1351 2104 2428 2172; baseline 0 -17"><span class='ocrx_word' id='word_1_389' title='bbox 1351 2106 1481 2172; x_wconf 86' lang='lat' dir='ltr'>quia</span> <span class='ocrx_word' id='word_1_390' title='bbox 1522 2119 1715 2155; x_wconf 88' lang='lat' dir='ltr'>omnes</span> <span class='ocrx_word' id='word_1_391' title='bbox 1758 2104 1909 2171; x_wconf 83' lang='lat' dir='ltr'>digni</span> <span class='ocrx_word' id='word_1_392' title='bbox 1945 2105 2167 2155; x_wconf 84' lang='lat' dir='ltr'>fuerunt</span> <span class='ocrx_word' id='word_1_393' title='bbox 2190 2106 2428 2156; x_wconf 75' lang='lat' dir='ltr'>curatio—</span> 
     </span>
     <span class='ocr_line' id='line_1_77' title="bbox 1352 2175 2429 2243; baseline -0.001 -14"><span class='ocrx_word' id='word_1_394' title='bbox 1352 2194 1436 2234; x_wconf 91' lang='lat' dir='ltr'>ne.</span> <span class='ocrx_word' id='word_1_395' title='bbox 1482 2175 1635 2228; x_wconf 85' lang='lat' dir='ltr'>Docti</span> <span class='ocrx_word' id='word_1_396' title='bbox 1681 2190 1836 2242; x_wconf 86' lang='lat' dir='ltr'>erg0,</span> <span class='ocrx_word' id='word_1_397' title='bbox 1867 2175 2001 2227; x_wconf 86' lang='lat' dir='ltr'>visis</span> <span class='ocrx_word' id='word_1_398' title='bbox 2027 2176 2225 2243; x_wconf 86' lang='lat' dir='ltr'>signis,</span> <span class='ocrx_word' id='word_1_399' title='bbox 2253 2192 2429 2243; x_wconf 76' lang='lat' dir='ltr'>perse·-</span> 
     </span>
     <span class='ocr_line' id='line_1_78' title="bbox 1353 2247 2425 2316; baseline 0 -17"><span class='ocrx_word' id='word_1_400' title='bbox 1353 2258 1617 2316; x_wconf 88' lang='lat' dir='ltr'>quuntur;</span> <span class='ocrx_word' id='word_1_401' title='bbox 1645 2247 1864 2310; x_wconf 89' lang='lat' dir='ltr'>indocti,</span> <span class='ocrx_word' id='word_1_402' title='bbox 1896 2247 2150 2312; x_wconf 90' lang='lat' dir='ltr'>opinione</span> <span class='ocrx_word' id='word_1_403' title='bbox 2179 2250 2292 2312; x_wconf 89' lang='lat' dir='ltr'>ejus</span> <span class='ocrx_word' id='word_1_404' title='bbox 2314 2250 2425 2299; x_wconf 88' lang='lat' dir='ltr'>du-</span> 
     </span>
     <span class='ocr_line' id='line_1_79' title="bbox 1351 2320 2431 2384; baseline 0 -13"><span class='ocrx_word' id='word_1_405' title='bbox 1351 2321 1455 2384; x_wconf 88' lang='lat' dir='ltr'>cti,</span> <span class='ocrx_word' id='word_1_406' title='bbox 1505 2320 1737 2370; x_wconf 85' lang='lat' dir='ltr'>amando</span> <span class='ocrx_word' id='word_1_407' title='bbox 1806 2330 2141 2384; x_wconf 85' lang='lat' dir='ltr'>sequuntur,</span> <span class='ocrx_word' id='word_1_408' title='bbox 2189 2331 2244 2369; x_wconf 88' lang='lat' dir='ltr'>et</span> <span class='ocrx_word' id='word_1_409' title='bbox 2302 2321 2431 2371; x_wconf 84' lang='lat' dir='ltr'>ideo</span> 
     </span>
     <span class='ocr_line' id='line_1_80' title="bbox 1351 2391 2427 2456; baseline 0 -13"><span class='ocrx_word' id='word_1_410' title='bbox 1351 2392 1521 2443; x_wconf 89' lang='lat' dir='ltr'>curari</span> <span class='ocrx_word' id='word_1_411' title='bbox 1566 2401 1859 2440; x_wconf 88' lang='lat' dir='ltr'>merentur.</span> <span class='ocrx_word' id='word_1_412' title='bbox 1909 2391 2064 2441; x_wconf 89' lang='lat' dir='ltr'>Unde</span> <span class='ocrx_word' id='word_1_413' title='bbox 2089 2392 2378 2456; x_wconf 70' lang='lat' dir='ltr'>Remigius</span> <span class='ocrx_word' id='word_1_414' title='bbox 2405 2410 2427 2443; x_wconf 70' lang='lat'>.-</span> 
     </span>
     <span class='ocr_line' id='line_1_81' title="bbox 1351 2460 2433 2523; baseline 0.001 -13"><span class='ocrx_word' id='word_1_415' title='bbox 1351 2482 1381 2510; x_wconf 83' lang='lat'>«</span> <span class='ocrx_word' id='word_1_416' title='bbox 1407 2464 1582 2523; x_wconf 84' lang='lat' dir='ltr'>Quem</span> <span class='ocrx_word' id='word_1_417' title='bbox 1625 2460 1878 2510; x_wconf 61' lang='lat' dir='ltr'>Pharisaei</span> <span class='ocrx_word' id='word_1_418' title='bbox 1919 2460 2163 2510; x_wconf 84' lang='lat' dir='ltr'>unanimi</span> <span class='ocrx_word' id='word_1_419' title='bbox 2197 2461 2433 2512; x_wconf 74' lang='lat' dir='ltr'>consilio.</span> 
     </span>
     <span class='ocr_line' id='line_1_82' title="bbox 1353 2532 2427 2600; baseline 0 -16"><span class='ocrx_word' id='word_1_420' title='bbox 1353 2535 1571 2600; x_wconf 86' lang='lat' dir='ltr'>perdere</span> <span class='ocrx_word' id='word_1_421' title='bbox 1640 2541 1924 2599; x_wconf 82' lang='lat' dir='ltr'>quaerunt,</span> <span class='ocrx_word' id='word_1_422' title='bbox 1978 2532 2136 2582; x_wconf 83' lang='lat' dir='ltr'>turba</span> <span class='ocrx_word' id='word_1_423' title='bbox 2202 2533 2427 2585; x_wconf 82' lang='lat' dir='ltr'>indocta</span> 
     </span>
     <span class='ocr_line' id='line_1_83' title="bbox 1352 2603 2430 2669; baseline 0.001 -15"><span class='ocrx_word' id='word_1_424' title='bbox 1352 2604 1594 2655; x_wconf 88' lang='lat' dir='ltr'>unanimi</span> <span class='ocrx_word' id='word_1_425' title='bbox 1634 2603 1919 2653; x_wconf 80' lang='lat' dir='ltr'>dilectione</span> <span class='ocrx_word' id='word_1_426' title='bbox 1973 2603 2234 2669; x_wconf 89' lang='lat' dir='ltr'>sequitur,</span> <span class='ocrx_word' id='word_1_427' title='bbox 2282 2605 2430 2655; x_wconf 77' lang='lat' dir='ltr'>unde</span> 
     </span>
     <span class='ocr_line' id='line_1_84' title="bbox 1354 2675 2430 2740; baseline 0.001 -14"><span class='ocrx_word' id='word_1_428' title='bbox 1354 2692 1481 2726; x_wconf 83' lang='lat' dir='ltr'>mox</span> <span class='ocrx_word' id='word_1_429' title='bbox 1510 2676 1593 2726; x_wconf 86' lang='lat' dir='ltr'>sui</span> <span class='ocrx_word' id='word_1_430' title='bbox 1620 2675 1870 2725; x_wconf 82' lang='lat' dir='ltr'>desiderii</span> <span class='ocrx_word' id='word_1_431' title='bbox 1916 2675 2266 2740; x_wconf 88' lang='lat' dir='ltr'>consequitur</span> <span class='ocrx_word' id='word_1_432' title='bbox 2292 2677 2430 2727; x_wconf 85' lang='lat' dir='ltr'>effe—</span> 
     </span>
     <span class='ocr_line' id='line_1_85' title="bbox 1353 2744 2431 2806; baseline 0.002 -10"><span class='ocrx_word' id='word_1_433' title='bbox 1353 2757 1518 2796; x_wconf 69' lang='lat' dir='ltr'>ctu’m.</span> <span class='ocrx_word' id='word_1_434' title='bbox 1559 2745 1617 2795; x_wconf 91' lang='lat' dir='ltr'>Si</span> <span class='ocrx_word' id='word_1_435' title='bbox 1646 2745 1729 2795; x_wconf 85' lang='lat' dir='ltr'>vis</span> <span class='ocrx_word' id='word_1_436' title='bbox 1757 2754 1811 2795; x_wconf 88' lang='lat' dir='ltr'>et</span> <span class='ocrx_word' id='word_1_437' title='bbox 1839 2755 1896 2794; x_wconf 91' lang='lat' dir='ltr'>tu</span> <span class='ocrx_word' id='word_1_438' title='bbox 1929 2745 2120 2806; x_wconf 82' lang='lat' dir='ltr'>curari,</span> <span class='ocrx_word' id='word_1_439' title='bbox 2153 2744 2205 2795; x_wconf 89' lang='lat' dir='ltr'>si</span> <span class='ocrx_word' id='word_1_440' title='bbox 2224 2746 2306 2796; x_wconf 87' lang='lat' dir='ltr'>vis</span> <span class='ocrx_word' id='word_1_441' title='bbox 2337 2762 2431 2798; x_wconf 76' lang='lat' dir='ltr'>sa·-</span> 
     </span>
     <span class='ocr_line' id='line_1_86' title="bbox 1354 2815 2431 2881; baseline 0 -13"><span class='ocrx_word' id='word_1_442' title='bbox 1354 2818 1491 2878; x_wconf 87' lang='lat' dir='ltr'>nari‚</span> <span class='ocrx_word' id='word_1_443' title='bbox 1523 2817 1568 2867; x_wconf 90' lang='lat' dir='ltr'>si</span> <span class='ocrx_word' id='word_1_444' title='bbox 1594 2817 1675 2867; x_wconf 85' lang='lat' dir='ltr'>vis</span> <span class='ocrx_word' id='word_1_445' title='bbox 1704 2830 1734 2866; x_wconf 90' lang='lat' dir='ltr'>a</span> <span class='ocrx_word' id='word_1_446' title='bbox 1771 2816 1963 2865; x_wconf 85' lang='lat' dir='ltr'>mortis</span> <span class='ocrx_word' id='word_1_447' title='bbox 2004 2815 2241 2881; x_wconf 88' lang='lat' dir='ltr'>periculo</span> <span class='ocrx_word' id='word_1_448' title='bbox 2284 2817 2431 2868; x_wconf 82' lang='lat' dir='ltr'>libe-</span> 
     </span>
     <span class='ocr_line' id='line_1_87' title="bbox 1354 2886 2431 2953; baseline 0 -14"><span class='ocrx_word' id='word_1_449' title='bbox 1354 2890 1479 2948; x_wconf 86' lang='lat' dir='ltr'>rari,</span> <span class='ocrx_word' id='word_1_450' title='bbox 1514 2902 1740 2953; x_wconf 86' lang='lat' dir='ltr'>sequere</span> <span class='ocrx_word' id='word_1_451' title='bbox 1763 2897 1816 2937; x_wconf 90' lang='lat' dir='ltr'>et</span> <span class='ocrx_word' id='word_1_452' title='bbox 1840 2886 2051 2935; x_wconf 83' lang='lat' dir='ltr'>imitare</span> <span class='ocrx_word' id='word_1_453' title='bbox 2083 2886 2286 2948; x_wconf 86' lang='lat' dir='ltr'>Jesum,</span> <span class='ocrx_word' id='word_1_454' title='bbox 2313 2887 2431 2953; x_wconf 85' lang='lat' dir='ltr'>ipse</span> 
     </span>
     <span class='ocr_line' id='line_1_88' title="bbox 1354 2957 2435 3022; baseline -0.001 -12"><span class='ocrx_word' id='word_1_455' title='bbox 1354 2960 1502 3010; x_wconf 88' lang='lat' dir='ltr'>enim</span> <span class='ocrx_word' id='word_1_456' title='bbox 1547 2958 1822 3008; x_wconf 84' lang='lat' dir='ltr'>neminem</span> <span class='ocrx_word' id='word_1_457' title='bbox 1868 2957 2106 3022; x_wconf 82' lang='lat' dir='ltr'>repelli13</span> <span class='ocrx_word' id='word_1_458' title='bbox 2146 2968 2201 3007; x_wconf 86' lang='lat' dir='ltr'>et</span> <span class='ocrx_word' id='word_1_459' title='bbox 2235 2973 2435 3009; x_wconf 58' lang='lat' dir='ltr'>omna</span> 
     </span>
     <span class='ocr_line' id='line_1_89' title="bbox 1356 3030 2432 3098; baseline -0.002 -17"><span class='ocrx_word' id='word_1_460' title='bbox 1356 3031 1450 3098; x_wconf 89' lang='lat' dir='ltr'>qui</span> <span class='ocrx_word' id='word_1_461' title='bbox 1509 3045 1633 3080; x_wconf 89' lang='lat' dir='ltr'>eum</span> <span class='ocrx_word' id='word_1_462' title='bbox 1687 3039 1990 3094; x_wconf 80' lang='lat' dir='ltr'>sequuntur</span> <span class='ocrx_word' id='word_1_463' title='bbox 2029 3039 2198 3079; x_wconf 81' lang='lat' dir='ltr'>sanat.</span> <span class='ocrx_word' id='word_1_464' title='bbox 2242 3048 2271 3076; x_wconf 71' lang='lat' dir='ltr'>n</span> <span class='ocrx_word' id='word_1_465' title='bbox 2327 3030 2432 3079; x_wconf 84' lang='lat' dir='ltr'>Per</span> 
     </span>
     <span class='ocr_line' id='line_1_90' title="bbox 1360 3100 2429 3166; baseline -0.003 -13"><span class='ocrx_word' id='word_1_466' title='bbox 1360 3102 1672 3160; x_wconf 66' lang='lat' dir='ltr'>Pharisaeos,</span> <span class='ocrx_word' id='word_1_467' title='bbox 1689 3101 1783 3166; x_wconf 90' lang='lat' dir='ltr'>qui</span> <span class='ocrx_word' id='word_1_468' title='bbox 1806 3100 1972 3150; x_wconf 80' lang='lat' dir='ltr'>divisi</span> <span class='ocrx_word' id='word_1_469' title='bbox 1989 3100 2429 3166; x_wconf 79' lang='lat' dir='ltr'>interpretantur,</span> 
     </span>
     <span class='ocr_line' id='line_1_91' title="bbox 1356 3171 2437 3238; baseline -0.001 -15"><span class='ocrx_word' id='word_1_470' title='bbox 1356 3173 1566 3232; x_wconf 86' lang='lat' dir='ltr'>discoli,</span> <span class='ocrx_word' id='word_1_471' title='bbox 1584 3171 2083 3238; x_wconf 64' lang='lat' dir='ltr'>quisdissensiones</span> <span class='ocrx_word' id='word_1_472' title='bbox 2113 3172 2329 3233; x_wconf 84' lang='lat' dir='ltr'>faciunt,</span> <span class='ocrx_word' id='word_1_473' title='bbox 2361 3172 2437 3222; x_wconf 71' lang='lat' dir='ltr'>si-</span> 
     </span>
     <span class='ocr_line' id='line_1_92' title="bbox 1357 3242 2429 3310; baseline -0.001 -17"><span class='ocrx_word' id='word_1_474' title='bbox 1357 3254 1615 3310; x_wconf 87' lang='lat' dir='ltr'>gnantur;</span> <span class='ocrx_word' id='word_1_475' title='bbox 1671 3257 1765 3308; x_wconf 86' lang='lat' dir='ltr'>per</span> <span class='ocrx_word' id='word_1_476' title='bbox 1801 3242 2137 3292; x_wconf 76' lang='lat' dir='ltr'>Herodianus</span> <span class='ocrx_word' id='word_1_477' title='bbox 2163 3259 2288 3293; x_wconf 79' lang='lat' dir='ltr'>vero</span> <span class='ocrx_word' id='word_1_478' title='bbox 2327 3257 2429 3292; x_wconf 83' lang='lat' dir='ltr'>su-</span> 
     </span>
     <span class='ocr_line' id='line_1_93' title="bbox 1357 3312 2435 3379; baseline -0.001 -15"><span class='ocrx_word' id='word_1_479' title='bbox 1357 3313 1529 3379; x_wconf 87' lang='lat' dir='ltr'>perbi,</span> <span class='ocrx_word' id='word_1_480' title='bbox 1557 3313 1652 3378; x_wconf 88' lang='lat' dir='ltr'>qui</span> <span class='ocrx_word' id='word_1_481' title='bbox 1693 3312 1928 3379; x_wconf 71' lang='lat' dir='ltr'>gloriosi</span> <span class='ocrx_word' id='word_1_482' title='bbox 1970 3313 2030 3363; x_wconf 79' lang='lat' dir='ltr'>in</span> <span class='ocrx_word' id='word_1_483' title='bbox 2069 3313 2304 3378; x_wconf 77' lang='lat' dir='ltr'>pellibus</span> <span class='ocrx_word' id='word_1_484' title='bbox 2351 3312 2435 3363; x_wconf 81' lang='lat' dir='ltr'>in-</span> 
     </span>
     <span class='ocr_line' id='line_1_94' title="bbox 1357 3382 2430 3450; baseline -0.003 -15"><span class='ocrx_word' id='word_1_485' title='bbox 1357 3393 1733 3450; x_wconf 78' lang='lat' dir='ltr'>terpretantur.</span> <span class='ocrx_word' id='word_1_486' title='bbox 1798 3383 1889 3433; x_wconf 87' lang='lat' dir='ltr'>Isti</span> <span class='ocrx_word' id='word_1_487' title='bbox 1966 3398 2092 3433; x_wconf 89' lang='lat' dir='ltr'>vero</span> <span class='ocrx_word' id='word_1_488' title='bbox 2138 3382 2430 3433; x_wconf 86' lang='lat' dir='ltr'>consilium</span> 
     </span>
     <span class='ocr_line' id='line_1_95' title="bbox 1357 3453 2433 3519; baseline -0.003 -14"><span class='ocrx_word' id='word_1_489' title='bbox 1357 3454 1562 3505; x_wconf 81' lang='lat' dir='ltr'>faciunt</span> <span class='ocrx_word' id='word_1_490' title='bbox 1585 3463 1772 3504; x_wconf 74' lang='lat' dir='ltr'>contra</span> <span class='ocrx_word' id='word_1_491' title='bbox 1801 3455 2005 3512; x_wconf 83' lang='lat' dir='ltr'>Jesum,</span> <span class='ocrx_word' id='word_1_492' title='bbox 2039 3453 2134 3519; x_wconf 88' lang='lat' dir='ltr'>qui</span> <span class='ocrx_word' id='word_1_493' title='bbox 2159 3469 2280 3504; x_wconf 89' lang='lat' dir='ltr'>cum</span> <span class='ocrx_word' id='word_1_494' title='bbox 2318 3453 2433 3502; x_wconf 82' lang='lat' dir='ltr'>hu·-</span> 
     </span>
     <span class='ocr_line' id='line_1_96' title="bbox 1358 3523 2435 3576; baseline 0 -1"><span class='ocrx_word' id='word_1_495' title='bbox 1358 3526 1583 3576; x_wconf 82' lang='lat' dir='ltr'>milibus</span> <span class='ocrx_word' id='word_1_496' title='bbox 1645 3535 1701 3576; x_wconf 86' lang='lat' dir='ltr'>et</span> <span class='ocrx_word' id='word_1_497' title='bbox 1761 3525 2035 3576; x_wconf 88' lang='lat' dir='ltr'>caritatem</span> <span class='ocrx_word' id='word_1_498' title='bbox 2099 3523 2435 3575; x_wconf 78' lang='lat' dir='ltr'>habentibus</span> 
     </span>
     <span class='ocr_line' id='line_1_97' title="bbox 1358 3595 2434 3661; baseline -0.002 -12"><span class='ocrx_word' id='word_1_499' title='bbox 1358 3608 1748 3661; x_wconf 59' lang='lat' dir='ltr'>commoratum</span> <span class='ocrx_word' id='word_1_500' title='bbox 1782 3607 1839 3648; x_wconf 81' lang='lat' dir='ltr'>et</span> <span class='ocrx_word' id='word_1_501' title='bbox 1861 3597 1983 3648; x_wconf 79' lang='lat' dir='ltr'>ideo</span> <span class='ocrx_word' id='word_1_502' title='bbox 2007 3597 2201 3647; x_wconf 88' lang='lat' dir='ltr'>recedit</span> <span class='ocrx_word' id='word_1_503' title='bbox 2229 3595 2295 3645; x_wconf 83' lang='lat' dir='ltr'>ab</span> <span class='ocrx_word' id='word_1_504' title='bbox 2317 3595 2434 3647; x_wconf 84' lang='lat' dir='ltr'>illis</span> 
     </span>
     <span class='ocr_line' id='line_1_98' title="bbox 1358 3667 2433 3737; baseline -0.004 -17"><span class='ocrx_word' id='word_1_505' title='bbox 1358 3686 1417 3721; x_wconf 90' lang='lat' dir='ltr'>se</span> <span class='ocrx_word' id='word_1_506' title='bbox 1465 3671 1767 3737; x_wconf 83' lang='lat' dir='ltr'>elongando</span> <span class='ocrx_word' id='word_1_507' title='bbox 1789 3708 1802 3730; x_wconf 90' lang='lat'>,</span> <span class='ocrx_word' id='word_1_508' title='bbox 1854 3679 1913 3719; x_wconf 89' lang='lat' dir='ltr'>et</span> <span class='ocrx_word' id='word_1_509' title='bbox 1957 3667 2258 3718; x_wconf 76' lang='lat' dir='ltr'>humilibus</span> <span class='ocrx_word' id='word_1_510' title='bbox 2303 3682 2433 3717; x_wconf 86' lang='lat' dir='ltr'>eum</span> 
     </span>
     <span class='ocr_line' id='line_1_99' title="bbox 1359 3736 2435 3807; baseline -0.003 -15"><span class='ocrx_word' id='word_1_511' title='bbox 1359 3741 1714 3807; x_wconf 79' lang='lat' dir='ltr'>sequentibus</span> <span class='ocrx_word' id='word_1_512' title='bbox 1807 3738 2070 3791; x_wconf 86' lang='lat' dir='ltr'>benefacit</span> <span class='ocrx_word' id='word_1_513' title='bbox 2090 3776 2104 3798; x_wconf 93' lang='lat'>,</span> <span class='ocrx_word' id='word_1_514' title='bbox 2172 3736 2435 3789; x_wconf 80' lang='lat' dir='ltr'>beneficia</span> 
     </span>
     <span class='ocr_line' id='line_1_100' title="bbox 1358 3809 2432 3877; baseline -0.004 -15"><span class='ocrx_word' id='word_1_515' title='bbox 1358 3812 1547 3863; x_wconf 87' lang='lat' dir='ltr'>salutis</span> <span class='ocrx_word' id='word_1_516' title='bbox 1621 3811 2000 3877; x_wconf 88' lang='lat' dir='ltr'>impendendo.</span> <span class='ocrx_word' id='word_1_517' title='bbox 2081 3809 2159 3858; x_wconf 83' lang='lat' dir='ltr'>Et</span> <span class='ocrx_word' id='word_1_518' title='bbox 2215 3821 2432 3873; x_wconf 81' lang='lat' dir='ltr'>praece-</span> 
     </span>
     <span class='ocr_line' id='line_1_101' title="bbox 1351 3870 2430 3949; baseline -0.006 -15"><span class='ocrx_word' id='word_1_519' title='bbox 1351 3884 1440 3949; x_wconf 83' lang='lat' dir='ltr'>pit</span> <span class='ocrx_word' id='word_1_520' title='bbox 1481 3884 1575 3945; x_wconf 66' lang='grc' dir='ltr'>εἰς,</span> <span class='ocrx_word' id='word_1_521' title='bbox 1627 3870 1721 3948; x_wconf 68' lang='lat' dir='ltr'>qfii</span> <span class='ocrx_word' id='word_1_522' title='bbox 1766 3879 1935 3933; x_wconf 88' lang='lat' dir='ltr'>curati</span> <span class='ocrx_word' id='word_1_523' title='bbox 1980 3888 2148 3938; x_wconf 89' lang='lat' dir='ltr'>erant,</span> <span class='ocrx_word' id='word_1_524' title='bbox 2192 3893 2255 3928; x_wconf 85' lang='lat' dir='ltr'>ne</span> <span class='ocrx_word' id='word_1_525' title='bbox 2300 3893 2430 3928; x_wconf 88' lang='lat' dir='ltr'>eum</span> 
     </span>
     <span class='ocr_line' id='line_1_102' title="bbox 1359 3949 2434 4020; baseline -0.005 -16"><span class='ocrx_word' id='word_1_526' title='bbox 1359 3953 1697 4020; x_wconf 76' lang='lat' dir='ltr'>divulgarent</span> <span class='ocrx_word' id='word_1_527' title='bbox 1722 3989 1736 4014; x_wconf 92' lang='lat'>,</span> <span class='ocrx_word' id='word_1_528' title='bbox 1789 3963 1842 4002; x_wconf 87' lang='lat' dir='ltr'>et</span> <span class='ocrx_word' id='word_1_529' title='bbox 1887 3950 2226 4016; x_wconf 56' lang='lat' dir='ltr'>manifestum</span> <span class='ocrx_word' id='word_1_530' title='bbox 2261 3949 2434 4015; x_wconf 80' lang='lat' dir='ltr'>sace-</span> 
     </span>
    </p>
   </div>
  </div>
 </body>
</html>
