2757 4413
349 285 451 337 568

345 418 463 454 mus
487 420 504 453 .·
534 420 564 449 a
607 402 651 451 N
657 415 727 450 on
749 398 1102 452 verecundata
1123 407 1305 448 autem
1332 403 1416 445 est

346 476 451 527 hoc
472 475 674 535 dicere;
697 471 878 522 anima
910 470 1059 520 enim
1086 483 1214 519 cum
1244 465 1414 533 ignita

346 546 509 599 fiterit
538 545 665 611 igne
700 543 912 604 divino,
939 541 1009 593 ad
1047 539 1189 593 nihil
1223 554 1412 591 eorum

347 631 469 685 quae
497 625 626 667 sunt
651 615 711 665 in
742 623 880 665 terra
912 612 981 663 de
1006 611 1216 678 reliquo
1239 609 1416 675 inspi-

348 691 439 751 cit,
495 705 673 756 neque
720 687 788 737 ad
838 686 1097 753 gloriam,
1128 698 1304 750 neque
1349 683 1414 732 ad

346 760 744 819 verecundiam,
789 758 884 809 sed
931 757 999 807 ad
1044 757 1197 807 illam
1244 754 1415 805 solam

349 845 471 897 quae
521 829 724 880 detinet
761 843 883 879 eam
919 826 1215 878 flammam.
1270 843 1297 870 ι
1349 823 1417 873 Et

347 904 562 956 dicebat
601 921 619 952 :
659 901 940 966 Numquid
985 901 1100 967 ipse
1138 904 1219 950 est
1251 897 1418 949 Chri-

350 974 512 1028 stus?
540 973 710 1035 Quasi
744 971 888 1021 dicat
912 987 929 1020 ι
969 971 1057 1021 Sic
1083 969 1290 1021 videtur
1323 982 1417 1032 per

349 1047 624 1111 effectum;
660 1044 874 1095 videtur
900 1043 1048 1094 enim
1075 1041 1248 1108 magis
1273 1041 1419 1090 Deus

349 1133 514 1184 quam
545 1117 711 1167 homo
728 1153 742 1179 ,
768 1114 899 1181 quia
924 1115 1073 1165 solus
1095 1114 1240 1164 Deus
1268 1111 1420 1162 novit

347 1187 701 1254 cogitationes
729 1196 785 1237 et
805 1196 1004 1237 secreta
1039 1184 1355 1236 hominum.

410 1261 446 1312 8
478 1262 723 1312 Domi-tus
764 1261 1145 1310 Sustri-mam
1190 1273 1259 1307 nr
1298 1271 1420 1306 —nos

349 1349 418 1383 An
449 1347 575 1381 nux
608 1345 843 1390 mnumr,
882 1344 1115 1381 smmum·
1148 1345 1163 1378 z
1197 1343 1267 1377 An
1293 1342 1422 1377 mo·

348 1419 457 1455 neu
505 1418 672 1453 uuum
750 1415 1207 1459 con-rmennun,
1262 1399 1420 1449 Deum

350 1489 674 1525 ntuennnun
694 1510 711 1536 ,
779 1473 1166 1529 Cnmsruxoue
1217 1485 1421 1521 coeno-

351 1563 609 1599 scannuu.
639 1575 700 1584 —
723 1546 864 1596 Nota
892 1545 983 1595 hic
1000 1544 1146 1610 quod
1167 1543 1421 1595 Christus

353 1619 492 1669 hanc
513 1617 798 1667 mulierem
826 1625 878 1666 et
905 1631 1005 1667 nos
1031 1617 1088 1666 in
1117 1631 1196 1674 ea,
1224 1615 1289 1665 ad
1318 1615 1421 1664 tria

353 1691 587 1741 induxit.
631 1690 811 1739 Primo
850 1688 919 1738 ad
969 1687 1421 1739 contemnendum

352 1777 594 1813 amorem
649 1759 842 1809 mundi
891 1769 944 1810 et
990 1775 1171 1810 rerum
1209 1774 1331 1824 quae
1363 1759 1422 1809 in

355 1830 563 1887 mundo
614 1838 757 1888 sunt,
792 1844 918 1879 cum
973 1828 1117 1879 dixit
1165 1846 1180 1879 :
1235 1829 1422 1879 Omnis

354 1899 446 1966 qui
471 1899 658 1949 biberit
684 1913 759 1948 ex
780 1913 924 1964 aqua
951 1899 1070 1963 hac,
1095 1899 1296 1950 scilicet
1317 1915 1425 1948 ma·

355 1969 549 2030 teriali,
589 1970 736 2020 sitiet
772 1969 994 2032 iterum,
1024 1968 1146 2019 licet
1179 1970 1245 2019 ad
1280 1979 1423 2020 tem-

356 2057 459 2108 pus
519 2040 671 2091 sitim
756 2039 975 2092 auferat.
1044 2041 1217 2091 Amor
1277 2042 1423 2091 enim

355 2110 776 2169 mundanorum,
827 2109 1032 2161 scilicet
1083 2110 1423 2175 divitiarum,

355 2180 689 2244 deliciarum,
711 2190 765 2233 et
803 2181 1097 2243 honorum,
1123 2180 1273 2233 sitim
1313 2197 1424 2232 non

357 2251 667 2319 exstinguit,
723 2254 818 2303 sed
871 2262 1055 2318 auget;
1113 2253 1181 2304 de
1224 2253 1426 2319 quibus

356 2323 553 2374 dicitur
588 2323 646 2373 in
703 2322 999 2373 Proverbiis
1045 2340 1060 2373 ε
1113 2324 1427 2390 Sanguisu-

355 2410 449 2463 gae
477 2395 600 2446 duce
626 2401 751 2445 sunt
757 2394 922 2461 filioe,
949 2410 1071 2461 quae
1098 2409 1306 2462 semper
1335 2396 1427 2446 di-

357 2472 482 2517 cunt
510 2483 529 2515 .-
569 2466 746 2534 Affer,
794 2465 952 2533 affer.
980 2466 1320 2533 Sanguisuga
1347 2476 1429 2516 est

358 2546 530 2587 mater
563 2536 847 2603 superbiae,
877 2551 999 2602 quae
1044 2547 1126 2588 est
1169 2552 1326 2589 causa
1375 2546 1429 2587 et

358 2606 578 2657 initium
625 2606 874 2656 omnium
923 2607 1215 2669 malorum3
1267 2606 1430 2656 habet

359 2685 538 2725 autem
574 2675 707 2726 duas
744 2674 901 2738 filias,
931 2675 1173 2726 scilicet:
1212 2676 1429 2741 cupidi-

363 2754 527 2795 tatem
570 2755 622 2794 et
672 2746 1029 2811 voluptatem,
1064 2744 1195 2811 quia
1238 2761 1428 2811 super-

361 2814 464 2864 bus
517 2830 626 2864 non
684 2825 897 2866 tantum
948 2816 1185 2867 honores
1237 2816 1425 2877 ambit,

360 2886 455 2936 sed
499 2886 663 2936 etiam
704 2886 845 2937 bona
911 2886 1142 2937 aliorum
1187 2887 1326 2953 rapit
1376 2898 1429 2938 et

360 2955 680 3035 vpluptuose
727 2956 881 3007 vivit.
917 2957 1023 3007 Ista
1056 2966 1234 3007 autem
1262 2973 1426 3023 quam

361 3034 473 3075 sint
495 3040 659 3076 vacua
685 3035 737 3075 et
764 3041 896 3076 vana
912 3063 926 3086 ,
961 3024 1017 3075 in
1049 3037 1223 3078 morte
1242 3037 1427 3078 osten-

360 3095 508 3145 ditur
529 3095 839 3156 Alexandri,
881 3095 975 3163 qui
1003 3111 1126 3145 cum
1167 3107 1306 3147 esset
1340 3109 1428 3148 to-

361 3166 472 3216 tius
507 3166 697 3217 mundi
740 3166 1017 3228 dominuS,
1060 3167 1263 3218 divitiis
1308 3169 1428 3234 ple-

363 3251 487 3296 nus,
518 3247 570 3286 et
610 3236 963 3296 libidinosuS,
1003 3246 1055 3287 et
1081 3237 1196 3303 ejus
1223 3254 1345 3289 ossa
1373 3239 1430 3289 in

359 3321 487 3357 vaso
517 3322 676 3357 aureo
705 3308 934 3372 reposita
960 3307 1206 3370 fuissent,
1243 3309 1431 3376 philo-

360 3378 519 3445 sophi
575 3379 779 3430 ibidem
829 3389 1207 3431 convenerunt.
1275 3382 1429 3433 Unus

360 3468 489 3519 ergo
516 3454 702 3503 volens
746 3469 907 3504 suum
933 3454 1216 3505 dominum
1240 3466 1430 3507 osten-

361 3527 488 3579 dere
533 3544 728 3578 vanum
771 3528 957 3592 fuisse,
1002 3528 1077 3579 ait
1111 3546 1126 3578 :
1170 3529 1298 3580 Heri
1336 3530 1429 3582 isti

362 3615 473 3649 non
497 3598 793 3650 sufficiebat
823 3609 970 3650 totus
1004 3599 1279 3664 mundus;
1321 3600 1429 3651 ho-

363 3670 451 3720 die
476 3687 650 3737 parva
691 3674 965 3739 sepultura
1003 3681 1084 3723 est
1123 3683 1426 3724 contentus·

363 3740 517 3792 Alius
544 3743 731 3792 volens
762 3743 1042 3794 ostendere
1076 3757 1277 3793 vanum
1313 3757 1431 3793 esse

365 3825 558 3889 autum
626 3825 678 3864 et
734 3826 1015 3881 argentum
1085 3829 1428 3881 congregare,

366 3890 446 3930 alt
481 3898 498 3933 ι
548 3884 674 3934 Heri
717 3884 818 3936 iste
851 3885 1077 3937 faciebat
1113 3885 1428 3937 thesaurum

390 4053 459 4086 Q

974 279 1218 341 PR1MAE
1249 275 1504 328 PARTIS
1537 274 1772 326 CAPUT
1801 273 1958 325 LXII..

1517 392 1584 442 de
1612 405 1772 452 auro;
1822 386 1987 439 hodie
2030 401 2225 437 aurum
2266 383 2589 435 thesaurum

1516 465 1644 516 facit
1661 465 1727 515 de
1745 464 1882 529 ipso.
1911 461 2065 512 Alius
2090 460 2278 511 volens
2303 457 2588 508 osfflendere

1517 554 1716 590 vanum
1745 552 1865 589 esse
1896 549 2090 601 corpus
2114 532 2320 584 deliciis
2352 530 2588 590 nutrire,

1518 608 1657 659 dixit
1698 625 1716 660 z
1763 606 1893 658 Heri
1933 606 2034 657 iste
2077 603 2348 655 nutriebat
2396 615 2590 666 corpus

1519 696 1681 732 suum
1727 678 1954 730 diversis
1993 675 2225 735 deliciis,
2264 673 2433 724 hodie
2463 686 2590 722 vero

1519 750 1824 802 comeditur
1850 765 1880 800 a
1914 747 2211 799 vermibus.
2246 773 2309 785 -—
2337 742 2586 795 Secundo

1520 824 1774 876 Christus
1789 821 2080 873 inducebat
2101 820 2260 870 istam
2278 817 2589 879 mulierem,

1521 905 1575 946 et
1603 911 1703 946 nos
1723 894 1788 944 im
1813 893 1933 956 ista,
1961 893 2030 942 ad
2058 890 2414 940 desirandum
2437 902 2588 937 amo-

1522 982 1636 1017 rem
1669 966 1787 1025 Dei,
1816 980 1939 1015 cum
1967 962 2042 1013 ait
2070 978 2086 1011 ε
2110 961 2216 1022 Qui
2231 966 2415 1011 autem
2446 958 2590 1009 bibe-

1522 1038 1597 1088 rit
1632 1051 1710 1087 ex
1725 1050 1866 1102 aqua
1890 1049 2048 1100 quam
2070 1047 2173 1098 ego
2201 1031 2341 1082 dabo
2383 1030 2453 1092 ei,
2484 1027 2587 1079 sci-

1522 1107 1648 1160 licet
1674 1106 1741 1157 de
1768 1106 1937 1172 gratia
1981 1103 2216 1171 Spiritus
2247 1101 2461 1159 Sancti,
2490 1113 2590 1150 nou

1523 1178 1670 1230 sitiet
1692 1177 1746 1227 in
1773 1183 2048 1238 oeternum,
2071 1174 2200 1240 quia
2226 1188 2384 1224 amor
2415 1169 2587 1237 Spiri-

1521 1258 1610 1299 tus
1638 1247 1816 1298 Sancti
1835 1247 2131 1312 exstinguit
2154 1259 2398 1296 amorem
2427 1257 2589 1292 mun·

1523 1319 1786 1369 danarum
1838 1317 2156 1367 deliciarum
2204 1325 2256 1366 et
2298 1315 2590 1365 honorum.

1524 1391 1679 1443 Unde
1700 1391 2043 1456 Augustinus
2068 1408 2085 1441 :
2111 1410 2134 1436 α
2164 1389 2272 1450 Qui
2295 1385 2499 1437 biberit
2528 1384 2590 1434 de

1523 1462 1690 1513 fluvio
1713 1460 1963 1530 paradisi,
1994 1461 2145 1525 cujus
2167 1474 2277 1510 una
2298 1467 2456 1524 gutta
2476 1469 2590 1504 ma-

1523 1534 1605 1600 jor
1623 1545 1703 1585 est
1723 1534 1955 1592 oceane,
1976 1541 2140 1582 restat
2166 1541 2226 1582 ut
2250 1530 2310 1580 in
2328 1545 2395 1581 eo
2419 1525 2592 1578 omnis

1524 1606 1647 1657 sitis
1686 1604 1874 1656 mundi
1903 1604 2068 1668 hujus
2093 1603 2310 1668 penitus
2332 1600 2592 1651 exstincta

1524 1679 1624 1729 sit:
1650 1697 1678 1726 π
1706 1679 1821 1729 haec
1850 1677 2212 1744 Augustinus.
2240 1675 2420 1739 Hujus
2444 1667 2590 1722 fluvii

1526 1749 1758 1815 paradisi
1810 1763 1977 1798 unam
2026 1756 2237 1812 guttam
2288 1751 2592 1810 perceperat

1530 1823 1744 1886 Paulus,
1782 1831 1835 1872 et
1879 1821 2063 1871 statim
2112 1818 2375 1871 exstinxit
2421 1818 2478 1868 in
2530 1830 2592 1866 eo

1526 1910 1747 1946 omnem
1779 1891 2111 1959 superbiam,
2156 1892 2230 1942 ita
2274 1891 2428 1957 quod
2463 1889 2592 1939 fero-

1528 1981 1643 2018 cem
1712 1966 1902 2030 lupum
1962 1962 2194 2014 mutavit
2268 1962 2330 2011 in
2398 1972 2587 2027 agnum

1528 2045 1889 2088 mansuetum.
1932 2035 2237 2099 Perceperat
2289 2033 2587 2086 Matthaeus.

1528 2116 1581 2158 et
1627 2106 1809 2157 statim
1844 2104 2112 2156 exstinxit
2148 2104 2203 2154 in
2258 2118 2322 2154 eo
2378 2113 2590 2153 omnem

1528 2176 1822 2238 avaritiam,
1861 2175 1935 2227 ita
1982 2174 2127 2242 quod
2179 2188 2429 2240 rapacem
2476 2185 2592 2222 con-

1528 2249 1687 2302 vertit
1715 2250 1775 2300 in
1804 2249 2312 2313 contemplatorem3
2344 2262 2471 2297 nam
2501 2239 2589 2309 qui

1528 2324 1680 2390 prius
1733 2322 1972 2388 rapiebat
2017 2321 2208 2380 aliena,
2250 2318 2588 2386 postmodum

1529 2393 1852 2459 contempsit
1882 2391 2112 2458 propria.
2151 2392 2459 2456 Perceperat
2494 2388 2591 2438 Ma·

1530 2465 1613 2514 ria
1637 2463 1966 2529 Magdalena,
2009 2473 2062 2512 et
2092 2478 2220 2512 mox
2246 2461 2502 2513 exstinxit
2537 2458 2588 2507 in

1531 2535 1650 2600 ipsa
1703 2549 1922 2585 omnem
1972 2533 2239 2583 luxuriam
2263 2571 2277 2593 ,
2328 2532 2405 2583 ita
2452 2527 2590 2597 quod

1530 2606 1859 2657 corniculam
1888 2604 2099 2671 nigram
2127 2605 2394 2655 convertit
2422 2604 2478 2654 in
2506 2616 2591 2650 co-

1531 2677 1772 2728 lumbam
1801 2674 2103 2727 candidam.
2134 2703 2194 2712 —-
2218 2675 2409 2726 Tertio
2435 2672 2589 2723 indu—

1530 2748 1681 2798 cebat
1708 2762 1825 2797 eam
1847 2755 1899 2797 et
1920 2762 2021 2796 nos
2043 2745 2098 2795 in
2116 2744 2199 2795 sui
2218 2745 2592 2811 cognitionem.

1532 2818 1809 2870 Gradatim
1838 2827 2017 2868 autem
2047 2817 2246 2867 mulier
2275 2815 2508 2866 surrexit
2531 2810 2590 2861 ad

1531 2888 1899 2955 cognitionem
1946 2887 2151 2939 Christi
2196 2903 2211 2936 :
2256 2902 2384 2937 nam
2422 2884 2589 2953 primo

1530 2959 1669 3009 dixit
1699 2974 1824 3009 eum
1854 2973 1968 3009 esse
1996 2957 2161 3007 unius
2187 2956 2288 3007 Dei
2317 2958 2592 3007 cultorerm

1532 3031 1590 3082 in
1650 3030 1757 3081 hoc
1808 3031 1954 3097 quod
2008 3029 2146 3080 dixit
2197 3044 2323 3079 eum
2359 3042 2476 3080 esse
2502 3026 2590 3075 Ju-

1530 3101 1727 3161 daeum,
1746 3110 1802 3151 et
1828 3102 1931 3151 hoc
1956 3099 2060 3151 fuit
2085 3114 2379 3165 magnum;
2409 3094 2590 3147 deinde

1531 3170 1669 3222 dixit
1707 3186 1833 3221 eum
1876 3186 1994 3221 esse
2030 3170 2386 3235 Prophetam,
2416 3179 2470 3219 et
2496 3165 2588 3215 hoc

1532 3244 1636 3295 fuit
1664 3244 1869 3308 majus3
1910 3243 2129 3293 tandem
2158 3242 2295 3292 dixit
2337 3250 2392 3292 et
2422 3236 2590 3291 credi-¹

1532 3314 1618 3365 dit
1642 3329 1768 3363 eum
1794 3328 1913 3364 esse
1940 3312 2247 3372 Christum,
2277 3323 2329 3363 et
2369 3311 2472 3361 hoc
2494 3304 2590 3358 fuit

1533 3384 1850 3436 maximum.
1893 3384 1998 3435 Per
2033 3384 2137 3433 hoc
2175 3383 2330 3434 datur
2371 3372 2592 3441 intelligi

1534 3458 1684 3524 quod
1702 3457 1963 3507 debemus
1989 3472 2021 3507 a
2047 3455 2293 3506 minimis
2324 3463 2376 3505 et
2412 3450 2589 3519 paula-

1531 3528 1634 3579 tim
1667 3527 1950 3578 ascendere
1983 3526 2049 3577 ad
2087 3526 2305 3590 majora.
2344 3526 2445 3576 Iste
2472 3532 2586 3587 gra·-

1533 3601 1640 3652 dus
1663 3600 1998 3666 significatur
2026 3599 2082 3649 in
2111 3600 2307 3659 Marco,
2336 3596 2432 3648 ubi
2458 3590 2587 3644 dici·-

1531 3684 1620 3725 tur
1649 3691 1664 3725 ι
1702 3674 1860 3726 Ultro
1891 3680 2038 3724 terra
2050 3673 2387 3740 fructificat,-
2419 3667 2586 3735 primo

1531 3745 1765 3807 herbam,
1803 3744 1994 3795 deinde
2024 3744 2244 3811 spicam,
2279 3733 2585 3801 deindeple-

1531 3830 1655 3866 num
1682 3813 2013 3879 frumentum
2052 3815 2106 3865 in
2141 3814 2319 3880 spica‚·
2369 3811 2467 3860 hoc
2492 3810 2582 3881 est,

1530 3885 1829 3937 secundum
1843 3884 2118 3947 Glossam,
2139 3885 2409 3940 timorem,
2427 3887 2590 3946 poem·
