2757 4413
382 330 487 384 826
1221 324 1439 375 INDEX
1478 322 1809 374 CAPITUM.

447 447 532 499 cui
561 446 934 498 satisfaciendo
964 445 1136 512 impar
1164 458 1290 510 pec-
1620 417 1736 494 esse
1764 441 2177 507 desperandum.
2509 440 2595 492 551

447 528 607 570 cator.
1341 512 1446 565 550
1568 531 1632 566 12
1689 513 2008 579 Exemplum
2066 513 2339 564 Manasses
2410 522 2462 563 et
2699 571 2700 586 χ

396 606 456 641 ιο
484 589 645 640 Fides
679 589 1001 656 Magdalenae
1031 601 1291 637 munera-
1621 584 1811 635 David.
2511 578 2601 631 552
2699 637 2702 660 ἱ

451 677 556 727 que
588 670 640 711 et
667 676 768 727 pax
794 659 897 726 ipsi
927 659 1130 709 collata.
1343 655 1448 707 550
1569 654 1627 707 13
1663 655 1911 706 Peccator
1941 668 2127 705 servus
2153 661 2252 703 est.
2512 650 2601 700 552

399 749 417 785 1
436 749 453 784 1
488 734 549 784 In
595 733 698 784 hoc
727 733 981 782 docemur
1013 744 1294 797 nunquam

763 959 997 1011 CAPUT
1038 959 1176 1009 Lxl.
1210 984 1273 995 —
1313 956 1399 1007 De
1434 954 1731 1005 ministerio
1765 941 2026 1003 Marthae'
2049 957 2101 1002 et
2138 950 2248 1002 otio

1198 1044 1407 1097 Μανία
1444 1043 1819 1110 Magdalenae.

433 1230 451 1263 1
485 1214 638 1266 Jesus
671 1216 986 1267 Bethaniam
1028 1215 1304 1283 ingressus
1626 1228 1801 1264 verso.
2258 1258 2261 1262 .
2519 1207 2606 1273 557

456 1286 598 1350 apud
654 1287 921 1339 Martham
978 1298 1031 1339 et
1078 1287 1300 1339 Mariam
1598 1284 1632 1337 8
1682 1287 1793 1337 Cur
1838 1286 1898 1336 in
1946 1284 2033 1336 die
2075 1283 2475 1349 Assumptionis

456 1353 689 1407 divertit.
1355 1353 1454 1406 553
1629 1357 1809 1407 Mariae
1853 1357 1956 1407 hoc
1992 1354 2187 1422 legitur
2231 1356 2470 1419 Evange-

430 1440 458 1474 2
492 1425 716 1492 Triplici
748 1428 862 1479 vice
886 1437 1158 1479 accusatur
1185 1428 1304 1477 Ma-
1391 1436 1396 1440 ’
1630 1427 1800 1479 lium?
2516 1422 2605 1474 558

460 1495 538 1546 ria
571 1507 623 1547 et
651 1513 745 1562 per
786 1499 1066 1551 Christum
1117 1497 1307 1548 defen-
1599 1515 1633 1568 9
1676 1498 1991 1565 Applicatur
2058 1497 2171 1548 haec
2249 1497 2472 1549 historia

458 1566 623 1618 ditur.
1357 1565 1462 1633 554
1630 1570 1795 1620 beatae
1820 1569 2000 1619 Mariae
2020 1567 2255 1634 Virgini.
2516 1564 2604 1633 559

433 1638 460 1689 3
496 1640 616 1700 Quo
659 1657 821 1693 sensu
855 1642 1262 1708 intelligendum
1291 1659 1304 1692 :
1577 1655 1637 1691 10
1664 1640 1817 1691 Actio
1847 1640 1899 1690 in
1926 1640 2075 1689 beata
2102 1639 2347 1705 Virgine,
2371 1654 2473 1705 qua

463 1711 630 1762 Maria
657 1712 919 1778 optimam
960 1722 1164 1779 partem
1194 1713 1306 1762 ele-
1631 1721 1805 1778 partes
1833 1710 2057 1761 Marthae
2084 1709 2350 1760 exhibuit.
2519 1705 2605 1758 560

463 1780 579 1844 git?
1357 1779 1459 1832 555
1577 1799 1595 1834 1
1614 1800 1632 1835 1
1673 1782 2075 1849 Contemplatio
2098 1782 2155 1832 in
2186 1783 2336 1833 beata
2354 1782 2477 1833 vir-

430 1866 468 1915 4
491 1853 647 1903 Actio
681 1854 877 1919 duplex
923 1870 954 1905 a
998 1853 1309 1905 doctoribus
1630 1855 1774 1921 gine,
1800 1870 1907 1920 qua
1936 1864 2140 1922 partem
2177 1853 2357 1905 Mariae
2387 1869 2474 1905 ex-

462 1921 728 1973 distincta.
1358 1923 1461 1976 556
1631 1925 1826 1976 hibuit.
2519 1921 2603 1974 561

437 1994 465 2044 5
493 1994 617 2045 Vita
660 1995 828 2047 activ‘a
874 2007 927 2048 et
970 1997 1307 2063 contempla-
1575 2014 1634 2049 12
1663 1999 1764 2049 Sed
1794 2012 1914 2064 pars
1956 1996 2181 2048 Marthae
2210 1995 2257 2047 ei
2300 1997 2477 2048 aufer-

463 2066 570 2118 tiva
597 2082 690 2134 per
726 2069 859 2120 duas
903 2083 1116 2120 sorores
1160 2068 1306 2136 figu-
1577 2081 1578 2084 ’
1628 2080 1734 2129 tur,
1762 2067 2083 2135 Magdalenae
2109 2077 2259 2133 parte
2282 2082 2478 2134 perma-

460 2151 588 2191 rata.
1357 2142 1461 2196 556
1631 2149 1804 2191 nente.
2522 2134 2605 2185 561

431 2212 464 2263 6
497 2214 788 2282 Utriusque
815 2216 938 2268 vitae
969 2218 1161 2269 officia.
1355 2217 1460 2286 557
1576 2213 1634 2264 13
1669 2212 1943 2264 Moraliter
1972 2212 2083 2262 haec
2118 2211 2347 2264 historia
2372 2213 2477 2263 Re-

432 2300 463 2351 7
503 2285 964 2353 Contemplativus
1013 2288 1304 2355 aliquando
1630 2286 1839 2354 ligiosis
1864 2285 2143 2353 applicata.
2524 2280 2609 2331 562

461 2357 662 2407 activus
690 2357 806 2408 fieri
835 2359 991 2410 debet
1023 2369 1075 2410 et
1112 2374 1141 2410 e
1168 2374 1303 2410 con-

872 2584 1104 2636 CAPUT
1144 2585 1306 2638 LXII.
1336 2614 1398 2640 -.·
1430 2587 1516 2638 De
1543 2585 1766 2639 muliere
1803 2586 2173 2637 Samaritana.
2213 2640 2220 2648 ,

449 2769 466 2804 1
504 2755 657 2806 Jesus
702 2755 800 2807 iter
836 2756 962 2809 facit
993 2773 1085 2824 per
1123 2759 1313 2809 Sama-
1638 2773 1746 2808 non
1774 2758 2051 2810 consuevit
2072 2756 2363 2809 Dominus.
2522 2753 2607 2819 567

470 2824 605 2875 riam
623 2865 636 2886 ,
691 2828 842 2892 cujus
900 2830 1015 2880 loca
1070 2829 1312 2894 quaedam
1607 2845 1639 2896 7
1667 2829 1998 2880 Samaritana
2029 2829 2281 2895 hydriam
2312 2828 2478 2879 relin-

472 2893 822 2948 illustrantur.
1367 2898 1467 2950 563
1638 2915 1813 2966 quens
1849 2899 1983 2967 'quid
2006 2899 2304 2965 significet?
2522 2894 2609 2960 567

443 2978 471 3011 2
525 2964 798 3032 Fatigatus
847 2969 1095 3020 Christus
1158 2969 1315 3030 sedit,
1609 2969 1643 3020 8
1683 2971 1952 3021 Dominus
1996 2970 2390 3020 Samaritanam
2434 2979 2481 3020 et

470 3034 599 3100 quia
628 3051 817 3087 omnes
847 3037 1188 3091 infirmitates
1214 3055 1316 3089 no-
1639 3056 1739 3091 nos
1766 3043 1826 3091 ad
1851 3041 1954 3091 tria
1980 3040 2203 3101 inducit,
2237 3042 2439 3092 scilicet
2462 3057 2476 3091 ε

471 3115 606 3156 stras
632 3108 942 3173 assumpsit.
1367 3108 1473 3176 564
1641 3112 1706 3161 ad
1734 3125 1973 3160 amorem
2006 3110 2197 3160 mundi
2239 3122 2480 3161 contem·-

444 3179 472 3230 3
504 3181 580 3231 De
616 3181 963 3234 Samaritanis
996 3184 1316 3252 aliquantis·
1639 3181 1899 3240 nendum,
1928 3180 2103 3231 Deum
2130 3181 2477 3247 diligendum»

473 3269 564 3321 per
591 3252 887 3305 disseritur.
1348 3255 1468 3327 ῥ65
1640 3252 2029 3320 Christumque
2145 3268 2479 3319 cognoscen-

442 3340 478 3390 4
503 3324 704 3376 Orandi
736 3326 886 3376 locus
916 3326 1054 3377 inter
1076 3327 1317 3378 Samari-
1639 3323 1789 3373 dum.
2525 3319 2613 3371 568

472 3406 626 3447 tanos
654 3407 704 3448 et
746 3397 956 3448 Judaeos
1005 3409 1317 3450 controver-
1610 3411 1644 3464 9
1673 3395 1842 3446 Cibus
1871 3394 2072 3447 Christi
2097 3394 2270 3446 facere
2288 3396 2479 3446 volun-

470 3484 580 3520 sus.
1367 3470 1469 3523 565
1641 3475 1805 3516 tatem
1829 3465 2018 3516 Patris.
2055 3496 2058 3499 -
2528 3463 2615 3531 569

445 3538 472 3588 5
505 3539 764 3606 Deinceps
817 3540 967 3591 Pater
1015 3541 1318 3594 adorandus
1586 3554 1648 3590 xo
1671 3538 2129 3589 Samaritanorum
2153 3537 2450 3590 conversio,
2527 3536 2612 3602 570

470 3609 820 3675 spiritualiter
846 3621 898 3662 et
919 3611 1140 3677 ubique.
1368 3613 1472 3665 566
1587 3625 1642 3661 11
1679 3610 1771 3662 Pia
1795 3612 1958 3678 hujus
1995 3610 2233 3662 historiae
2256 3609 2484 3660 medita-

445 3681 478 3733 6
520 3683 694 3750 Loqui
746 3699 871 3735 cum
927 3683 1152 3733 muliere
1204 3684 1317 3735 sola
1639 3683 1736 3735 tio,
2528 3681 2613 3747 570
