2757 4413
420 359 519 409 582

416 489 505 524 ma
554 471 904 521 comburitur.
956 467 1021 517 Et
1066 475 1188 516 nota
1238 463 1484 514 ordinem

416 547 645 597 istorum
697 543 1070 609 praedictorum
1119 539 1284 589 trium
1316 537 1485 587 semi-

415 633 547 668 num
587 631 696 665 non
732 611 1168 664 fructificantium
1201 627 1214 660 :
1246 609 1482 675 primum

416 705 527 739 non
567 685 852 753 germinat,
885 683 976 732 sed
1015 681 1390 737 conculcatur,
1434 688 1486 728 et

413 761 480 811 ab
532 758 721 809 avibus
792 753 1120 815 comeditur3
1188 751 1482 801 secundum

413 829 696 897 germinat,
723 827 814 876 sed
844 841 950 874 non
979 824 1212 872 multum
1240 821 1481 886 erigitur,

414 902 543 970 quia
572 901 858 950 humorem
889 912 998 946 non
1039 895 1227 957 habet3
1266 893 1481 943 tertium

412 988 539 1023 vero
574 973 680 1036 jam
716 969 770 1019 in
800 968 1035 1033 stipitem
1076 967 1337 1027 elevatur,
1393 963 1483 1012 sed

413 1060 524 1093 non
550 1040 850 1099 fructificat,
881 1037 1008 1104 quia
1049 1053 1079 1087 a
1114 1035 1288 1101 spinis
1316 1034 1487 1084 suffo-

415 1124 581 1165 catur.
621 1110 902 1177 “Alindx
948 1107 1157 1158 scilicet
1211 1116 1483 1174 quartum,

416 1185 606 1237 cecidit
645 1183 699 1233 in
745 1188 945 1232 terram
981 1181 1190 1240 bonam,
1237 1193 1356 1244 quae
1405 1188 1486 1228 est

416 1258 572 1322 nigra
618 1270 710 1321 per
750 1255 1086 1318 despectum,
1128 1250 1346 1316 pinguis
1394 1264 1487 1314 per

417 1329 685 1387 affectum,
720 1328 859 1376 culta
883 1341 977 1391 per
1001 1324 1301 1374 virtuosum
1331 1337 1486 1371 exer-

418 1401 625 1464 citium,
659 1410 711 1450 et
747 1400 824 1449 sic
853 1398 1078 1448 fecunda
1111 1411 1203 1461 per
1230 1394 1482 1454 fructum,

421 1476 474 1525 id
508 1485 588 1525 est
624 1475 765 1524 inter
793 1472 1004 1523 fidelem
1045 1480 1096 1520 et
1132 1470 1403 1530 devotum,
1435 1473 1487 1518 et

417 1555 592 1599 ortum
613 1547 754 1612 fecit
771 1546 1018 1612 fructum
1051 1544 1319 1593 bonorum
1351 1557 1484 1606 ope-

417 1635 559 1669 rum.
577 1617 681 1668 Ubi
703 1617 856 1666 Beda
879 1633 891 1665 2
916 1633 943 1660 ι(
962 1615 1128 1663 Terra
1147 1622 1323 1662 autem
1343 1612 1486 1661 bona

418 1699 498 1739 est
525 1688 816 1738 electorum
846 1683 1192 1742 conscientia,
1216 1698 1335 1748 quae
1360 1697 1486 1731 om-

420 1761 586 1811 nibus
615 1757 878 1824 praedictis
909 1756 1082 1806 tribus
1103 1755 1258 1804 terris
1283 1764 1489 1803 contra-

418 1835 498 1884 ria
521 1833 674 1894 facit;
705 1831 831 1896 quia
851 1840 902 1879 et
921 1828 1354 1879 commendatum
1382 1827 1487 1876 sibi

421 1918 605 1953 semen
660 1900 809 1950 verbi
873 1901 1101 1949 libenter
1158 1897 1381 1963 excipit,
1438 1908 1490 1947 et

424 1982 701 2038 exceptum
737 1972 876 2021 inter
905 1971 1124 2020 adversa
1157 1979 1209 2018 et
1236 1983 1489 2033 prospera

420 2054 726 2095 constanter
755 2044 819 2093 ad
854 2042 1057 2093 fructus
1083 2056 1256 2107 usque
1284 2057 1491 2091 conser-

421 2125 508 2166 vat
553 2132 566 2165 :
614 2135 640 2162 n
674 2115 785 2164 haec
827 2114 998 2164 Beda.

488 2185 516 2237 3
548 2186 912 2236 Dmrnnnxrm
935 2199 1219 2234 Faucruuu
1234 2198 1369 2242 Quos
1387 2199 1491 2233 mr

422 2276 599 2309 TERRA
627 2275 761 2309 BONA
784 2274 925 2308 UNDE
953 2273 1338 2307 PROVEN1AT.—
1364 2258 1492 2306 Mat-

423 2333 599 2382 thaeus
624 2346 734 2380 non
759 2329 1075 2395 simpliciter
1094 2329 1226 2378 dicit
1242 2338 1301 2379 ut
1319 2328 1493 2379 Lucas

422 2405 570 2470 quod
600 2419 779 2453 semen
804 2403 1051 2467 fructum
1078 2401 1374 2467 centuplum
1392 2401 1492 2467 se-

423 2475 529 2537 cit;
559 2474 651 2524 sed
678 2473 828 2538 ponit
856 2471 1204 2522 differentiam
1237 2473 1293 2521 in
1314 2471 1494 2521 fructi-

420 2544 683 2605 ficatione,
705 2544 888 2594 dicens
909 2562 922 2594 ;
944 2542 1096 2593 aliud
1112 2542 1236 2593 fecit
1246 2544 1491 2607 fructum

422 2617 775 2677 centesimum,
805 2615 957 2664 aliud
982 2614 1404 2679 sexagesimum,
1440 2619 1493 2663 et

420 2687 573 2737 aliud
602 2687 940 2736 tricesimum.
980 2686 1085 2735 Ista
1124 2700 1251 2734 vero
1299 2684 1491 2750 triplex

421 2757 719 2807 differentia
751 2758 1020 2807 fructuum
1046 2765 1221 2821 potest
1243 2756 1491 2806 conside-

420 2827 545 2889 rari,
580 2828 754 2892 primo
789 2837 1053 2893 quantum
1082 2826 1146 2876 ad
1176 2836 1284 2876 tres
1322 2836 1492 2876 status

419 2899 682 2962 fidelium,
715 2900 808 2966 qui
839 2908 964 2950 sunt
992 2899 1329 2965 incipienteS,
1361 2915 1490 2964 pro—

419 2968 660 3020 ficientes
679 2980 731 3019 et
753 2969 986 3035 perfecti.
1016 2970 1336 3035 Incipientes
1366 2981 1492 3021 sunt

419 3050 678 3106 tanquam
707 3050 846 3090 terra
873 3056 992 3107 quae
1020 3040 1223 3105 profert
1239 3040 1490 3107 fructum

421 3113 762 3175 tricesimum,
790 3114 915 3180 quia
942 3112 1141 3163 sufficit
1169 3124 1229 3164 ut
1261 3114 1493 3164 habeant

420 3186 581 3236 fidem
630 3187 912 3237 Trinitatis
933 3226 948 3248 ‚
1005 3204 1126 3238 cum
1178 3187 1492 3253 impletione

419 3258 690 3324 Decalogi.
713 3257 1058 3309 Proficientes
1087 3268 1211 3312 sunt
1233 3268 1490 3324 tanquam

418 3340 559 3381 terra
586 3346 705 3397 quae
735 3331 935 3397 profert
959 3332 1204 3398 fructum
1247 3346 1493 3398 sexage-

421 3402 611 3453 simum
634 3442 648 3467 ,
698 3404 826 3469 quia
872 3420 982 3454 non
1033 3414 1243 3458 tantum
1294 3403 1495 3453 habent

420 3472 584 3524 fidem
631 3474 914 3525 Trinitatis
959 3485 1011 3525 et
1052 3485 1262 3525 servant
1309 3476 1492 3524 decem

420 3554 704 3611 praecepta3
755 3546 847 3595 sed
890 3545 1049 3596 etiam
1097 3545 1351 3596 exhibent
1401 3560 1493 3594 sex

421 3630 583 3680 opera
629 3615 1034 3666 misericordiae.
1096 3614 1315 3665 Perfecti
1366 3625 1495 3665 sunt

420 3695 680 3751 tanquam
725 3696 861 3736 terra
891 3685 1118 3751 optima,
1146 3700 1265 3750 quae
1295 3684 1497 3750 profert

409 3756 658 3822 fructum
706 3758 1073 3819 centesimum,
1127 3754 1254 3821 quia
1299 3755 1497 3805 habent

423 3827 694 3892 duplicem
751 3827 1130 3895 perfectionem
1152 3863 1165 3886 ,
1223 3835 1497 3876 servantes

422 3895 630 3947 Veteris
660 3898 818 3965 Legis
849 3907 1110 3965 praecepta
1138 3906 1190 3946 et
1224 3894 1496 3960 Evangelii

421 3967 658 4019 consilia.
684 3970 783 4021 Iste
806 3969 999 4037 triplex
1022 3968 1235 4035 gradus,
1256 3965 1458 4017 scilicet
1482 3982 1498 4017 ε

1035 350 1276 401 PRIMAE
1310 346 1560 399 PARTIS
1595 343 1829 395 CAPUT
1863 339 2049 391 LXIV.

1594 458 1989 523 incipientium,
2012 452 2397 522 proficientium
2419 458 2476 500 et
2490 448 2641 514 perfe-

1592 542 1825 591 ctorum,
1860 531 2093 596 tangitur
2138 526 2276 577 infra
2320 525 2374 575 in
2421 523 2639 573 secunda

1592 603 1862 668 parabola,
1904 602 1997 651 ubi
2036 599 2234 650 dicitur
2270 613 2281 646 z
2322 596 2481 645 Ultro
2517 594 2640 644 enim

1594 681 1740 724 terra
1778 673 2121 740 fructificat,
2177 669 2355 736 primo
2409 666 2639 725 herbam,

1590 746 1779 796 deinde
1828 747 2059 812 spicam,
2121 748 2171 792 et
2210 740 2398 791 deinde
2442 737 2641 803 plenum

1579 816 1824 880 fructum
1855 817 1907 866 in
1936 815 2103 881 spica.
2130 841 2190 850 —
2219 810 2463 861 Secundo
2485 815 2645 873 potest

1591 886 1916 936 considerari
1954 894 2217 952 quantum
2257 883 2320 931 ad
2350 891 2458 931 tres
2489 888 2645 928 status

1592 958 1988 1015 salvandorum,
2020 954 2223 1004 scilicet
2256 949 2644 1017 :virgines,vi-

1592 1030 1723 1079 duas
1751 1040 1804 1079 et
1832 1030 2157 1094 conjugatos,
2189 1024 2350 1075 Aliud
2387 1037 2513 1088 ergo
2536 1020 2646 1070 fecit

1580 1103 1825 1169 fructum
1857 1101 2206 1160 centesimum,
2230 1096 2430 1148 scilicet
2457 1095 2514 1144 in
2542 1093 2646 1144 vir-
2693 1146 2699 1153 ⁸

1592 1173 1829 1240 ginibus,
1863 1171 2114 1238 Virgines
2140 1168 2285 1219 enim
2315 1166 2507 1216 nolunt
2527 1163 2648 1213 mul·

1590 1248 1819 1314 tiplicari
1860 1263 1953 1313 per
1994 1260 2129 1311 opus
2170 1243 2378 1294 carnale
2424 1240 2482 1289 in
2522 1237 2645 1295 aliis,

1592 1320 1683 1370 sed
1715 1336 1807 1385 per
1835 1335 1971 1384 opus
1987 1316 2261 1384 spirituale
2289 1315 2347 1363 in
2377 1311 2585 1377 seipsis,
2605 1320 2650 1358 et

1592 1390 1711 1440 ideo
1748 1389 2116 1456 significantur
2152 1402 2244 1452 per
2273 1381 2648 1436 centenarium,

1592 1463 1685 1529 qui
1716 1461 1777 1511 fit
1800 1477 1864 1510 ex
1893 1461 2054 1509 ductu
2075 1455 2280 1507 denarii
2313 1455 2371 1504 in
2404 1453 2649 1518 seipsum.

1591 1533 1753 1584 Aliud
1812 1541 1988 1581 autem
2047 1528 2173 1578 fecit
2221 1525 2646 1591 sexagesimum,

1593 1604 1794 1654 scilicet
1819 1601 1876 1651 in
1906 1598 2087 1650 viduis
2131 1607 2183 1648 et
2223 1594 2652 1652 continentibus;

1594 1673 1956 1740 sexagesimus
1980 1670 2124 1720 enim
2144 1677 2344 1718 constat
2364 1682 2430 1716 ex
2447 1662 2654 1715 denario

1593 1747 1752 1796 ducto
1800 1760 1893 1810 per
1938 1741 2231 1798 senarium,
2263 1738 2317 1788 in
2351 1753 2464 1804 quo
2493 1733 2654 1801 signi-

1592 1818 1778 1868 ficatur
1806 1817 2101 1880 Decalogus
2129 1812 2250 1863 cum
2291 1809 2506 1860 senario
2532 1822 2650 1872 ope-

1596 1904 1717 1938 rum
1745 1884 2146 1936 misericordiae.
2184 1881 2346 1932 Aliud
2377 1895 2505 1930 vero
2544 1877 2654 1927 facit

1597 1962 1947 2022 tricesimum,
1998 1958 2199 2009 scilicet
2248 1955 2305 2005 in
2348 1950 2656 2018 conjugatis,

1597 2041 1811 2098 propter
1856 2030 2017 2080 fidem
2055 2025 2371 2086 Trinitatis,
2408 2040 2533 2074 cum
2560 2022 2654 2070 ob·-
2723 2016 2724 2025 ’

1599 2102 1862 2155 servantia
1907 2100 2173 2166 Decalogi.
2218 2098 2322 2148 Ubi
2371 2103 2658 2161 tanguntur

1597 2189 1704 2229 tres
1751 2177 1947 2243 gradus
1987 2173 2259 2226 castitatis,
2313 2171 2531 2222 Primus
2582 2174 2656 2217 est

1599 2250 1809 2302 castitas
1858 2246 2184 2314 conjugaliS‚
2224 2260 2319 2310 per
2352 2258 2518 2310 quem
2543 2255 2657 2307 gra-

1599 2324 1730 2372 dum
1782 2321 1979 2371 vitatur
2035 2318 2258 2368 illicitus
2321 2312 2656 2366 concubitus,

1598 2394 1745 2448 licito
1793 2403 1970 2443 tamen
2011 2389 2300 2440 concubitu
2350 2395 2557 2437 retento
2606 2383 2657 2432 ir.

1601 2463 1982 2516 matrimoniali
2012 2473 2147 2512 actu.
2174 2459 2453 2510 Secundus
2476 2456 2660 2523 gradus

1599 2547 1680 2587 est
1707 2535 1919 2585 castitas
1943 2532 2190 2592 vidualiS‚
2224 2545 2318 2596 per
2351 2544 2516 2596 quem
2554 2524 2660 2576 evi-

1599 2617 1739 2658 tatur
1757 2606 1824 2655 de
1847 2614 2018 2655 cetero
2042 2602 2223 2653 omnis
2242 2599 2580 2656 concubitus,
2607 2605 2661 2644 ut

1597 2680 1811 2731 animus
1839 2677 2007 2743 possit
2025 2677 2091 2726 de
2113 2686 2287 2726 cetero
2314 2672 2543 2723 liberius
2560 2671 2662 2720 Deo

1600 2751 1814 2810 servire,
1846 2748 1967 2798 licet
1994 2746 2164 2813 possit
2196 2744 2344 2795 licite
2382 2742 2661 2793 matrimo-

1598 2823 1750 2872 nium
1770 2819 2099 2871 contrahere.
2121 2815 2339 2866 Tertius
2363 2814 2563 2879 gradus
2589 2820 2662 2860 est

1597 2892 1893 2961 virginaliS,
1941 2905 2063 2956 quae
2117 2899 2198 2939 est
2228 2887 2477 2953 superior
2523 2883 2657 2939 istis,

1600 2982 1693 3033 per
1719 2979 1883 3031 quem
1913 2961 2095 3012 omnis
2124 2958 2445 3009 concubitus
2469 2953 2662 3020 simpli·

1599 3039 1731 3089 citer
1756 3036 1998 3094 evitatur,
2018 3042 2077 3081 ut
2098 3046 2251 3081 mens
2276 3030 2391 3095 ipsa
2415 3039 2660 3093 tanquam

1598 3124 1797 3176 sponso
1847 3121 1946 3157 suo
1995 3103 2095 3154 soli
2139 3103 2251 3152 Deo
2298 3115 2393 3166 per
2430 3111 2660 3149 amorem

1599 3178 1892 3245 copuletur.
1918 3174 2073 3225 Unde
2105 3170 2430 3237 Theophilus
2464 3186 2485 3219 .·
2516 3188 2538 3214 ι
2562 3165 2662 3226 Qui

1600 3251 1658 3301 in
1724 3257 1937 3298 centum
1998 3241 2344 3301 fructificant,
2402 3247 2531 3289 sunt
2578 3235 2665 3302 qui

1600 3319 1885 3387 perfectam
1905 3315 2106 3366 habent
2132 3313 2317 3371 vitam,
2349 3320 2407 3360 ut
2435 3309 2668 3373 virgines

1602 3402 1654 3442 et
1681 3390 1941 3450 eremitae3
1972 3384 2065 3451 qui
2095 3393 2274 3433 autem
2297 3381 2354 3431 in
2378 3378 2666 3444 sexaginta,

1601 3461 1695 3528 qui
1726 3456 2062 3509 mediocriter
2085 3469 2143 3503 se
2175 3452 2406 3510 habent,
2448 3459 2510 3499 ut
2544 3462 2667 3496 con-

1600 3537 1847 3592 tinentes,
1876 3540 1929 3580 et
1972 3527 2065 3595 qui
2110 3527 2169 3577 in
2213 3522 2475 3576 coenobiis
2515 3528 2666 3578 sunt;

1602 3608 1696 3675 qui
1749 3615 1923 3655 autem
1978 3600 2033 3650 in
2082 3598 2329 3664 triginta,
2376 3594 2474 3661 qui
2529 3589 2666 3658 parvi

1602 3680 1825 3749 quidem
1876 3684 2004 3726 sunt
2048 3671 2350 3722 secundum
2400 3664 2667 3732 propriam

1602 3752 1854 3802 virtutem
1887 3746 2121 3795 fructum
2163 3741 2425 3797 ferentes,
2459 3747 2523 3787 ut
2553 3732 2666 3784 laici

1606 3832 1657 3874 et
1693 3820 1787 3887 qui
1821 3819 1877 3868 in
1911 3811 2162 3879 conjugio
2195 3820 2341 3860 sunt.
2373 3829 2399 3857 »
2430 3807 2588 3859 Unde
2620 3812 2669 3853 et

1605 3890 1945 3960 Augustinus
1978 3904 1994 3937 .-
2033 3902 2061 3931 ιι
2093 3883 2423 3934 Centesimus
2448 3878 2670 3944 fructus

1608 3974 1687 4017 est
1727 3969 2048 4026 martyrum,
2086 3962 2303 4020 propter
2332 3948 2666 4001 sanctitatem
