<?xml version="1.0" encoding="UTF-8"?>
<!DOCTYPE html PUBLIC "-//W3C//DTD XHTML 1.0 Transitional//EN"
    "http://www.w3.org/TR/xhtml1/DTD/xhtml1-transitional.dtd">
<html xmlns="http://www.w3.org/1999/xhtml" xml:lang="en" lang="en">
 <head>
  <title>
</title>
<meta http-equiv="Content-Type" content="text/html;charset=utf-8" />
  <meta name='ocr-system' content='tesseract 3.04.00' />
  <meta name='ocr-capabilities' content='ocr_page ocr_carea ocr_par ocr_line ocrx_word'/>
</head>
<body>
  <div class='ocr_page' id='page_1' title='image "./vitajesuchristi01sachgoog_0120.png"; bbox 0 0 2757 4413; ppageno 0'>
   <div class='ocr_carea' id='block_1_1' title="bbox 356 249 458 302">
    <p class='ocr_par' dir='ltr' id='par_1_1' title="bbox 356 249 458 302">
     <span class='ocr_line' id='line_1_1' title="bbox 356 249 458 302; baseline -0.01 0"><span class='ocrx_word' id='word_1_1' title='bbox 356 249 458 302; x_wconf 73' lang='lat'>562</span> 
     </span>
    </p>
   </div>
   <div class='ocr_carea' id='block_1_2' title="bbox 342 367 1419 2352">
    <p class='ocr_par' dir='ltr' id='par_1_2' title="bbox 342 367 1419 2352">
     <span class='ocr_line' id='line_1_2' title="bbox 353 367 1418 436; baseline -0.003 -16"><span class='ocrx_word' id='word_1_2' title='bbox 353 369 602 436; x_wconf 87' lang='lat' dir='ltr'>plurima,</span> <span class='ocrx_word' id='word_1_3' title='bbox 666 382 787 434; x_wconf 84' lang='lat' dir='ltr'>quae</span> <span class='ocrx_word' id='word_1_4' title='bbox 838 367 1073 418; x_wconf 87' lang='lat' dir='ltr'>fecerunt</span> <span class='ocrx_word' id='word_1_5' title='bbox 1130 367 1273 418; x_wconf 90' lang='lat' dir='ltr'>Filio</span> <span class='ocrx_word' id='word_1_6' title='bbox 1317 383 1418 418; x_wconf 89' lang='lat' dir='ltr'>suo</span> 
     </span>
     <span class='ocr_line' id='line_1_3' title="bbox 351 439 1415 506; baseline -0.003 -14"><span class='ocrx_word' id='word_1_7' title='bbox 351 440 543 499; x_wconf 75' lang='lat' dir='ltr'>sudaei,</span> <span class='ocrx_word' id='word_1_8' title='bbox 572 439 699 506; x_wconf 91' lang='lat' dir='ltr'>quia</span> <span class='ocrx_word' id='word_1_9' title='bbox 727 439 912 490; x_wconf 88' lang='lat' dir='ltr'>omnia</span> <span class='ocrx_word' id='word_1_10' title='bbox 953 439 1166 489; x_wconf 88' lang='lat' dir='ltr'>subdita</span> <span class='ocrx_word' id='word_1_11' title='bbox 1197 449 1321 489; x_wconf 85' lang='lat' dir='ltr'>sunt</span> <span class='ocrx_word' id='word_1_12' title='bbox 1347 439 1415 489; x_wconf 92' lang='lat' dir='ltr'>ei.</span> 
     </span>
     <span class='ocr_line' id='line_1_4' title="bbox 353 508 1418 562; baseline -0.005 0"><span class='ocrx_word' id='word_1_13' title='bbox 353 513 470 562; x_wconf 84' lang='lat' dir='ltr'>Jam</span> <span class='ocrx_word' id='word_1_14' title='bbox 513 509 683 559; x_wconf 87' lang='lat' dir='ltr'>Filius</span> <span class='ocrx_word' id='word_1_15' title='bbox 713 509 894 559; x_wconf 86' lang='lat' dir='ltr'>Mariae</span> <span class='ocrx_word' id='word_1_16' title='bbox 922 524 953 559; x_wconf 88' lang='lat' dir='ltr'>a</span> <span class='ocrx_word' id='word_1_17' title='bbox 988 508 1187 559; x_wconf 85' lang='lat' dir='ltr'>Judaeis</span> <span class='ocrx_word' id='word_1_18' title='bbox 1214 508 1295 559; x_wconf 87' lang='lat' dir='ltr'>vel</span> <span class='ocrx_word' id='word_1_19' title='bbox 1321 509 1418 558; x_wconf 89' lang='lat' dir='ltr'>mi-</span> 
     </span>
     <span class='ocr_line' id='line_1_5' title="bbox 348 578 1417 644; baseline -0.002 -14"><span class='ocrx_word' id='word_1_20' title='bbox 348 581 538 631; x_wconf 87' lang='lat' dir='ltr'>litibus</span> <span class='ocrx_word' id='word_1_21' title='bbox 579 595 687 629; x_wconf 87' lang='lat' dir='ltr'>non</span> <span class='ocrx_word' id='word_1_22' title='bbox 733 578 1100 644; x_wconf 86' lang='lat' dir='ltr'>flagellabitur,</span> <span class='ocrx_word' id='word_1_23' title='bbox 1146 593 1244 628; x_wconf 89' lang='lat' dir='ltr'>nec</span> <span class='ocrx_word' id='word_1_24' title='bbox 1271 579 1417 628; x_wconf 86' lang='lat' dir='ltr'>occi-</span> 
     </span>
     <span class='ocr_line' id='line_1_6' title="bbox 350 649 1417 715; baseline -0.002 -14"><span class='ocrx_word' id='word_1_25' title='bbox 350 652 504 701; x_wconf 88' lang='lat' dir='ltr'>detur</span> <span class='ocrx_word' id='word_1_26' title='bbox 532 650 714 711; x_wconf 81' lang='lat' dir='ltr'>:Quia</span> <span class='ocrx_word' id='word_1_27' title='bbox 763 649 1012 700; x_wconf 86' lang='lat' dir='ltr'>Christus</span> <span class='ocrx_word' id='word_1_28' title='bbox 1054 664 1348 715; x_wconf 82' lang='lat' dir='ltr'><strong><em>resurgens</em></strong></span> <span class='ocrx_word' id='word_1_29' title='bbox 1382 664 1417 699; x_wconf 96' lang='lat' dir='ltr'>a</span> 
     </span>
     <span class='ocr_line' id='line_1_7' title="bbox 348 719 1419 787; baseline -0.003 -16"><span class='ocrx_word' id='word_1_30' title='bbox 348 721 590 784; x_wconf 88' lang='lat' dir='ltr'>mortuis,</span> <span class='ocrx_word' id='word_1_31' title='bbox 609 719 730 787; x_wconf 86' lang='lat' dir='ltr'>jam</span> <span class='ocrx_word' id='word_1_32' title='bbox 755 733 857 770; x_wconf 85' lang='lat' dir='ltr'>non</span> <span class='ocrx_word' id='word_1_33' title='bbox 884 720 1135 782; x_wconf 79' lang='lat' dir='ltr'>moritur,-</span> <span class='ocrx_word' id='word_1_34' title='bbox 1164 734 1309 771; x_wconf 88' lang='lat' dir='ltr'>mors</span> <span class='ocrx_word' id='word_1_35' title='bbox 1333 719 1419 770; x_wconf 93' lang='lat' dir='ltr'>illi</span> 
     </span>
     <span class='ocr_line' id='line_1_8' title="bbox 350 790 1416 856; baseline -0.002 -14"><span class='ocrx_word' id='word_1_36' title='bbox 350 792 495 842; x_wconf 87' lang='lat' dir='ltr'>ultra</span> <span class='ocrx_word' id='word_1_37' title='bbox 540 806 640 842; x_wconf 90' lang='lat' dir='ltr'>non</span> <span class='ocrx_word' id='word_1_38' title='bbox 690 790 1066 841; x_wconf 83' lang='lat' dir='ltr'><strong><em>dominabitur.</em></strong></span> <span class='ocrx_word' id='word_1_39' title='bbox 1121 791 1245 840; x_wconf 89' lang='lat' dir='ltr'>Pars</span> <span class='ocrx_word' id='word_1_40' title='bbox 1289 805 1416 856; x_wconf 89' lang='lat' dir='ltr'>ergo</span> 
     </span>
     <span class='ocr_line' id='line_1_9' title="bbox 348 861 1415 924; baseline -0.002 -11"><span class='ocrx_word' id='word_1_41' title='bbox 348 863 569 914; x_wconf 86' lang='lat' dir='ltr'>Marthae</span> <span class='ocrx_word' id='word_1_42' title='bbox 626 862 888 924; x_wconf 87' lang='lat' dir='ltr'>aufertur;</span> <span class='ocrx_word' id='word_1_43' title='bbox 937 861 1028 911; x_wconf 90' lang='lat' dir='ltr'>sed</span> <span class='ocrx_word' id='word_1_44' title='bbox 1081 861 1224 911; x_wconf 87' lang='lat' dir='ltr'>bono</span> <span class='ocrx_word' id='word_1_45' title='bbox 1281 875 1382 911; x_wconf 89' lang='lat' dir='ltr'>suo</span> <span class='ocrx_word' id='word_1_46' title='bbox 1400 898 1415 920; x_wconf 95' lang='lat'>,</span> 
     </span>
     <span class='ocr_line' id='line_1_10' title="bbox 348 930 1417 1001; baseline -0.002 -17"><span class='ocrx_word' id='word_1_47' title='bbox 348 934 476 1001; x_wconf 88' lang='lat' dir='ltr'>quia</span> <span class='ocrx_word' id='word_1_48' title='bbox 504 947 626 998; x_wconf 88' lang='lat' dir='ltr'>pars</span> <span class='ocrx_word' id='word_1_49' title='bbox 655 931 836 982; x_wconf 82' lang='lat' dir='ltr'>Mariae</span> <span class='ocrx_word' id='word_1_50' title='bbox 877 931 924 982; x_wconf 92' lang='lat' dir='ltr'>ei</span> <span class='ocrx_word' id='word_1_51' title='bbox 969 930 1273 997; x_wconf 74' lang='lat' dir='ltr'>praeficitur,</span> <span class='ocrx_word' id='word_1_52' title='bbox 1298 944 1417 998; x_wconf 82' lang='lat' dir='ltr'>quae</span> 
     </span>
     <span class='ocr_line' id='line_1_11' title="bbox 352 1005 1416 1073; baseline -0.004 -15"><span class='ocrx_word' id='word_1_53' title='bbox 352 1022 453 1058; x_wconf 89' lang='lat' dir='ltr'>non</span> <span class='ocrx_word' id='word_1_54' title='bbox 495 1007 778 1073; x_wconf 85' lang='lat' dir='ltr'>auferetur</span> <span class='ocrx_word' id='word_1_55' title='bbox 822 1006 890 1056; x_wconf 85' lang='lat' dir='ltr'>ab</span> <span class='ocrx_word' id='word_1_56' title='bbox 944 1020 1025 1055; x_wconf 92' lang='lat' dir='ltr'>ea.</span> <span class='ocrx_word' id='word_1_57' title='bbox 1056 1005 1416 1055; x_wconf 85' lang='lat' dir='ltr'>—Exaltata</span> 
     </span>
     <span class='ocr_line' id='line_1_12' title="bbox 348 1076 1415 1142; baseline -0.001 -15"><span class='ocrx_word' id='word_1_58' title='bbox 348 1077 495 1128; x_wconf 91' lang='lat' dir='ltr'>enim</span> <span class='ocrx_word' id='word_1_59' title='bbox 524 1083 605 1127; x_wconf 89' lang='lat' dir='ltr'>est</span> <span class='ocrx_word' id='word_1_60' title='bbox 626 1091 786 1141; x_wconf 84' lang='lat' dir='ltr'>super</span> <span class='ocrx_word' id='word_1_61' title='bbox 831 1076 1021 1127; x_wconf 86' lang='lat' dir='ltr'>choros</span> <span class='ocrx_word' id='word_1_62' title='bbox 1054 1077 1384 1142; x_wconf 82' lang='lat' dir='ltr'>Angelorum</span> <span class='ocrx_word' id='word_1_63' title='bbox 1393 1092 1415 1139; x_wconf 78' lang='lat'>,-</span> 
     </span>
     <span class='ocr_line' id='line_1_13' title="bbox 347 1147 1417 1213; baseline -0.002 -15"><span class='ocrx_word' id='word_1_64' title='bbox 347 1176 409 1186; x_wconf 93' lang='lat'>—</span> <span class='ocrx_word' id='word_1_65' title='bbox 460 1148 724 1213; x_wconf 90' lang='lat' dir='ltr'>repletum</span> <span class='ocrx_word' id='word_1_66' title='bbox 772 1155 851 1196; x_wconf 92' lang='lat' dir='ltr'>est</span> <span class='ocrx_word' id='word_1_67' title='bbox 915 1147 968 1197; x_wconf 88' lang='lat' dir='ltr'>in</span> <span class='ocrx_word' id='word_1_68' title='bbox 1010 1147 1159 1198; x_wconf 87' lang='lat' dir='ltr'>bonis</span> <span class='ocrx_word' id='word_1_69' title='bbox 1211 1147 1417 1198; x_wconf 86' lang='lat' dir='ltr'>deside-</span> 
     </span>
     <span class='ocr_line' id='line_1_14' title="bbox 348 1216 1416 1282; baseline -0.002 -15"><span class='ocrx_word' id='word_1_70' title='bbox 348 1217 488 1267; x_wconf 90' lang='lat' dir='ltr'>rium</span> <span class='ocrx_word' id='word_1_71' title='bbox 540 1231 692 1267; x_wconf 87' lang='lat' dir='ltr'>suum</span> <span class='ocrx_word' id='word_1_72' title='bbox 706 1233 727 1279; x_wconf 90' lang='lat'><em>;</em></span> <span class='ocrx_word' id='word_1_73' title='bbox 762 1245 822 1254; x_wconf 92' lang='lat'>—</span> <span class='ocrx_word' id='word_1_74' title='bbox 871 1216 1015 1267; x_wconf 86' lang='lat' dir='ltr'>videt</span> <span class='ocrx_word' id='word_1_75' title='bbox 1050 1217 1220 1267; x_wconf 91' lang='lat' dir='ltr'>Deum</span> <span class='ocrx_word' id='word_1_76' title='bbox 1260 1216 1416 1282; x_wconf 89' lang='lat' dir='ltr'>sacie</span> 
     </span>
     <span class='ocr_line' id='line_1_15' title="bbox 348 1289 1413 1355; baseline -0.002 -15"><span class='ocrx_word' id='word_1_77' title='bbox 348 1289 655 1355; x_wconf 81' lang='lat' dir='ltr'><strong><em>adfaciem,</em></strong></span> <span class='ocrx_word' id='word_1_78' title='bbox 702 1289 865 1340; x_wconf 88' lang='lat' dir='ltr'>sicuti</span> <span class='ocrx_word' id='word_1_79' title='bbox 911 1296 991 1340; x_wconf 82' lang='lat' dir='ltr'>est</span> <span class='ocrx_word' id='word_1_80' title='bbox 1001 1307 1023 1353; x_wconf 90' lang='lat'><em>;</em></span> <span class='ocrx_word' id='word_1_81' title='bbox 1070 1290 1262 1355; x_wconf 86' lang='lat' dir='ltr'>gaudet</span> <span class='ocrx_word' id='word_1_82' title='bbox 1290 1304 1413 1339; x_wconf 91' lang='lat' dir='ltr'>curn</span> 
     </span>
     <span class='ocr_line' id='line_1_16' title="bbox 345 1359 1416 1410; baseline -0.002 0"><span class='ocrx_word' id='word_1_83' title='bbox 345 1359 489 1410; x_wconf 89' lang='lat' dir='ltr'>Filio</span> <span class='ocrx_word' id='word_1_84' title='bbox 548 1375 647 1410; x_wconf 90' lang='lat' dir='ltr'>suo</span> <span class='ocrx_word' id='word_1_85' title='bbox 690 1359 747 1409; x_wconf 90' lang='lat' dir='ltr'>in</span> <span class='ocrx_word' id='word_1_86' title='bbox 811 1369 1090 1410; x_wconf 79' lang='lat' dir='ltr'>aeternum.</span> <span class='ocrx_word' id='word_1_87' title='bbox 1149 1360 1275 1409; x_wconf 83' lang='lat' dir='ltr'>Haec</span> <span class='ocrx_word' id='word_1_88' title='bbox 1334 1368 1416 1409; x_wconf 92' lang='lat' dir='ltr'>est</span> 
     </span>
     <span class='ocr_line' id='line_1_17' title="bbox 344 1432 1415 1498; baseline 0 -16"><span class='ocrx_word' id='word_1_89' title='bbox 344 1447 468 1498; x_wconf 87' lang='lat' dir='ltr'>pars</span> <span class='ocrx_word' id='word_1_90' title='bbox 520 1432 722 1498; x_wconf 90' lang='lat' dir='ltr'>optima</span> <span class='ocrx_word' id='word_1_91' title='bbox 745 1470 759 1493; x_wconf 96' lang='lat'>,</span> <span class='ocrx_word' id='word_1_92' title='bbox 806 1445 925 1498; x_wconf 82' lang='lat' dir='ltr'>quae</span> <span class='ocrx_word' id='word_1_93' title='bbox 980 1447 1081 1483; x_wconf 89' lang='lat' dir='ltr'>non</span> <span class='ocrx_word' id='word_1_94' title='bbox 1131 1432 1415 1497; x_wconf 81' lang='lat' dir='ltr'>auferetur</span> 
     </span>
     <span class='ocr_line' id='line_1_18' title="bbox 346 1503 1414 1570; baseline -0.001 -15"><span class='ocrx_word' id='word_1_95' title='bbox 346 1504 416 1555; x_wconf 86' lang='lat' dir='ltr'>ab</span> <span class='ocrx_word' id='word_1_96' title='bbox 496 1519 560 1556; x_wconf 93' lang='lat' dir='ltr'>ea</span> <span class='ocrx_word' id='word_1_97' title='bbox 573 1520 591 1566; x_wconf 90' lang='lat'>,·</span> <span class='ocrx_word' id='word_1_98' title='bbox 677 1505 828 1570; x_wconf 83' lang='lat' dir='ltr'>cujus</span> <span class='ocrx_word' id='word_1_99' title='bbox 902 1513 954 1554; x_wconf 91' lang='lat' dir='ltr'>et</span> <span class='ocrx_word' id='word_1_100' title='bbox 1022 1519 1122 1554; x_wconf 89' lang='lat' dir='ltr'>nos</span> <span class='ocrx_word' id='word_1_101' title='bbox 1194 1503 1414 1569; x_wconf 88' lang='lat' dir='ltr'>partici-</span> 
     </span>
     <span class='ocr_line' id='line_1_19' title="bbox 347 1574 1414 1641; baseline -0.001 -16"><span class='ocrx_word' id='word_1_102' title='bbox 347 1590 441 1641; x_wconf 87' lang='lat' dir='ltr'>pes</span> <span class='ocrx_word' id='word_1_103' title='bbox 508 1575 709 1638; x_wconf 88' lang='lat' dir='ltr'>simus,</span> <span class='ocrx_word' id='word_1_104' title='bbox 779 1575 986 1626; x_wconf 87' lang='lat' dir='ltr'>meritis</span> <span class='ocrx_word' id='word_1_105' title='bbox 1045 1585 1099 1626; x_wconf 90' lang='lat' dir='ltr'>et</span> <span class='ocrx_word' id='word_1_106' title='bbox 1165 1574 1414 1640; x_wconf 85' lang='lat' dir='ltr'>precibus</span> 
     </span>
     <span class='ocr_line' id='line_1_20' title="bbox 345 1644 1411 1711; baseline -0.002 -15"><span class='ocrx_word' id='word_1_107' title='bbox 345 1646 492 1711; x_wconf 70' lang='lat' dir='ltr'>ejuS,</span> <span class='ocrx_word' id='word_1_108' title='bbox 539 1661 630 1710; x_wconf 90' lang='lat' dir='ltr'>per</span> <span class='ocrx_word' id='word_1_109' title='bbox 670 1645 851 1695; x_wconf 88' lang='lat' dir='ltr'>Jesum</span> <span class='ocrx_word' id='word_1_110' title='bbox 892 1645 1172 1695; x_wconf 87' lang='lat' dir='ltr'>Christum</span> <span class='ocrx_word' id='word_1_111' title='bbox 1216 1644 1411 1694; x_wconf 90' lang='lat' dir='ltr'>Domi-</span> 
     </span>
     <span class='ocr_line' id='line_1_21' title="bbox 346 1714 1413 1766; baseline -0.002 0"><span class='ocrx_word' id='word_1_112' title='bbox 346 1732 480 1766; x_wconf 89' lang='lat' dir='ltr'>num</span> <span class='ocrx_word' id='word_1_113' title='bbox 524 1724 787 1764; x_wconf 86' lang='lat' dir='ltr'>nostrum.</span> <span class='ocrx_word' id='word_1_114' title='bbox 829 1715 1003 1765; x_wconf 88' lang='lat' dir='ltr'>Amen</span> <span class='ocrx_word' id='word_1_115' title='bbox 1030 1731 1045 1764; x_wconf 68' lang='grc' dir='ltr'>ε</span> <span class='ocrx_word' id='word_1_116' title='bbox 1076 1734 1103 1763; x_wconf 73' lang='lat' dir='ltr'>n</span> <span class='ocrx_word' id='word_1_117' title='bbox 1133 1714 1251 1766; x_wconf 83' lang='lat' dir='ltr'>haec</span> <span class='ocrx_word' id='word_1_118' title='bbox 1295 1718 1413 1764; x_wconf 83' lang='lat' dir='ltr'>An-</span> 
     </span>
     <span class='ocr_line' id='line_1_22' title="bbox 347 1784 1414 1850; baseline -0.003 -13"><span class='ocrx_word' id='word_1_119' title='bbox 347 1787 561 1838; x_wconf 87' lang='lat' dir='ltr'>selmus.</span> <span class='ocrx_word' id='word_1_120' title='bbox 593 1786 711 1850; x_wconf 86' lang='lat' dir='ltr'>Ipsa</span> <span class='ocrx_word' id='word_1_121' title='bbox 733 1784 894 1834; x_wconf 85' lang='lat' dir='ltr'>etiam</span> <span class='ocrx_word' id='word_1_122' title='bbox 923 1785 1090 1850; x_wconf 88' lang='lat' dir='ltr'>Virgo</span> <span class='ocrx_word' id='word_1_123' title='bbox 1119 1785 1284 1837; x_wconf 88' lang='lat' dir='ltr'>Maria</span> <span class='ocrx_word' id='word_1_124' title='bbox 1314 1784 1414 1835; x_wconf 92' lang='lat' dir='ltr'>ele·</span> 
     </span>
     <span class='ocr_line' id='line_1_23' title="bbox 345 1854 1409 1923; baseline 0 -17"><span class='ocrx_word' id='word_1_125' title='bbox 345 1857 436 1923; x_wconf 85' lang='lat' dir='ltr'>git</span> <span class='ocrx_word' id='word_1_126' title='bbox 471 1855 724 1920; x_wconf 82' lang='lat' dir='ltr'>optimam</span> <span class='ocrx_word' id='word_1_127' title='bbox 743 1860 988 1922; x_wconf 81' lang='lat' dir='ltr'>partem,</span> <span class='ocrx_word' id='word_1_128' title='bbox 1028 1865 1080 1905; x_wconf 91' lang='lat' dir='ltr'>et</span> <span class='ocrx_word' id='word_1_129' title='bbox 1122 1855 1177 1905; x_wconf 88' lang='lat' dir='ltr'>in</span> <span class='ocrx_word' id='word_1_130' title='bbox 1209 1854 1409 1921; x_wconf 86' lang='lat' dir='ltr'>gratia,</span> 
     </span>
     <span class='ocr_line' id='line_1_24' title="bbox 346 1926 1409 1994; baseline -0.002 -14"><span class='ocrx_word' id='word_1_131' title='bbox 346 1940 400 1980; x_wconf 90' lang='lat' dir='ltr'>et</span> <span class='ocrx_word' id='word_1_132' title='bbox 438 1929 496 1979; x_wconf 89' lang='lat' dir='ltr'>in</span> <span class='ocrx_word' id='word_1_133' title='bbox 536 1928 720 1994; x_wconf 89' lang='lat' dir='ltr'>gloria.</span> <span class='ocrx_word' id='word_1_134' title='bbox 765 1929 825 1978; x_wconf 90' lang='lat' dir='ltr'>ln</span> <span class='ocrx_word' id='word_1_135' title='bbox 875 1926 1043 1992; x_wconf 88' lang='lat' dir='ltr'>gratia</span> <span class='ocrx_word' id='word_1_136' title='bbox 1090 1928 1310 1994; x_wconf 89' lang='lat' dir='ltr'>quidem</span> <span class='ocrx_word' id='word_1_137' title='bbox 1350 1928 1409 1978; x_wconf 89' lang='lat' dir='ltr'>in</span> 
     </span>
     <span class='ocr_line' id='line_1_25' title="bbox 344 1999 1410 2065; baseline -0.002 -14"><span class='ocrx_word' id='word_1_138' title='bbox 344 2000 452 2051; x_wconf 88' lang='lat' dir='ltr'>vita</span> <span class='ocrx_word' id='word_1_139' title='bbox 480 2000 598 2058; x_wconf 88' lang='lat' dir='ltr'>ista,</span> <span class='ocrx_word' id='word_1_140' title='bbox 629 2014 721 2065; x_wconf 89' lang='lat' dir='ltr'>per</span> <span class='ocrx_word' id='word_1_141' title='bbox 755 1999 1125 2049; x_wconf 87' lang='lat' dir='ltr'>omnimodam</span> <span class='ocrx_word' id='word_1_142' title='bbox 1146 1999 1410 2050; x_wconf 89' lang='lat' dir='ltr'>virtutum</span> 
     </span>
     <span class='ocr_line' id='line_1_26' title="bbox 343 2071 1412 2139; baseline -0.001 -16"><span class='ocrx_word' id='word_1_143' title='bbox 343 2071 888 2139; x_wconf 86' lang='lat' dir='ltr'>superabundantiam</span> <span class='ocrx_word' id='word_1_144' title='bbox 911 2109 925 2130; x_wconf 91' lang='lat'>,</span> <span class='ocrx_word' id='word_1_145' title='bbox 980 2071 1125 2138; x_wconf 88' lang='lat' dir='ltr'>quia,</span> <span class='ocrx_word' id='word_1_146' title='bbox 1176 2081 1237 2122; x_wconf 89' lang='lat' dir='ltr'>ut</span> <span class='ocrx_word' id='word_1_147' title='bbox 1278 2071 1412 2122; x_wconf 91' lang='lat' dir='ltr'>dicit</span> 
     </span>
     <span class='ocr_line' id='line_1_27' title="bbox 345 2141 1410 2211; baseline -0.001 -17"><span class='ocrx_word' id='word_1_148' title='bbox 345 2143 722 2211; x_wconf 74' lang='lat' dir='ltr'>Hieronymus</span> <span class='ocrx_word' id='word_1_149' title='bbox 753 2159 769 2192; x_wconf 91' lang='lat'>.·</span> <span class='ocrx_word' id='word_1_150' title='bbox 800 2161 828 2188; x_wconf 86' lang='lat'>«</span> <span class='ocrx_word' id='word_1_151' title='bbox 847 2141 998 2192; x_wconf 88' lang='lat' dir='ltr'>Sicut</span> <span class='ocrx_word' id='word_1_152' title='bbox 1032 2142 1090 2193; x_wconf 90' lang='lat' dir='ltr'>in</span> <span class='ocrx_word' id='word_1_153' title='bbox 1130 2158 1410 2210; x_wconf 85' lang='lat' dir='ltr'>compara-</span> 
     </span>
     <span class='ocr_line' id='line_1_28' title="bbox 344 2214 1412 2275; baseline 0 -10"><span class='ocrx_word' id='word_1_154' title='bbox 344 2214 488 2266; x_wconf 85' lang='lat' dir='ltr'>tione</span> <span class='ocrx_word' id='word_1_155' title='bbox 529 2214 625 2264; x_wconf 91' lang='lat' dir='ltr'>Dei</span> <span class='ocrx_word' id='word_1_156' title='bbox 666 2214 846 2264; x_wconf 90' lang='lat' dir='ltr'>nullus</span> <span class='ocrx_word' id='word_1_157' title='bbox 885 2214 1050 2265; x_wconf 89' lang='lat' dir='ltr'>homo</span> <span class='ocrx_word' id='word_1_158' title='bbox 1093 2215 1301 2275; x_wconf 71' lang='lat' dir='ltr'>bonus»,</span> <span class='ocrx_word' id='word_1_159' title='bbox 1334 2214 1412 2265; x_wconf 92' lang='lat' dir='ltr'>sic</span> 
     </span>
     <span class='ocr_line' id='line_1_29' title="bbox 342 2286 1408 2352; baseline 0 -14"><span class='ocrx_word' id='word_1_160' title='bbox 342 2288 400 2338; x_wconf 90' lang='lat' dir='ltr'>in</span> <span class='ocrx_word' id='word_1_161' title='bbox 453 2286 850 2352; x_wconf 89' lang='lat' dir='ltr'>comparatione</span> <span class='ocrx_word' id='word_1_162' title='bbox 906 2287 1090 2338; x_wconf 88' lang='lat' dir='ltr'>Matris</span> <span class='ocrx_word' id='word_1_163' title='bbox 1155 2287 1408 2349; x_wconf 88' lang='lat' dir='ltr'>Domini,</span> 
     </span>
    </p>
   </div>
   <div class='ocr_carea' id='block_1_3' title="bbox 344 2364 1409 2635">
    <p class='ocr_par' dir='ltr' id='par_1_3' title="bbox 344 2364 1409 2635">
     <span class='ocr_line' id='line_1_30' title="bbox 345 2364 1408 2433; baseline 0 -17"><span class='ocrx_word' id='word_1_164' title='bbox 345 2367 494 2416; x_wconf 89' lang='lat' dir='ltr'>nulla</span> <span class='ocrx_word' id='word_1_165' title='bbox 531 2365 803 2415; x_wconf 86' lang='lat' dir='ltr'>invenitur</span> <span class='ocrx_word' id='word_1_166' title='bbox 832 2364 1074 2431; x_wconf 87' lang='lat' dir='ltr'>perfecta,</span> <span class='ocrx_word' id='word_1_167' title='bbox 1110 2377 1408 2433; x_wconf 89' lang='lat' dir='ltr'>quantum-</span> 
     </span>
     <span class='ocr_line' id='line_1_31' title="bbox 344 2438 1409 2505; baseline 0.001 -15"><span class='ocrx_word' id='word_1_168' title='bbox 344 2454 559 2505; x_wconf 85' lang='lat' dir='ltr'>cunque</span> <span class='ocrx_word' id='word_1_169' title='bbox 598 2438 888 2488; x_wconf 89' lang='lat' dir='ltr'>virtutibus</span> <span class='ocrx_word' id='word_1_170' title='bbox 929 2439 1126 2489; x_wconf 83' lang='lat' dir='ltr'>eximia</span> <span class='ocrx_word' id='word_1_171' title='bbox 1154 2455 1409 2505; x_wconf 88' lang='lat' dir='ltr'>compro-</span> 
     </span>
     <span class='ocr_line' id='line_1_32' title="bbox 344 2510 1409 2563; baseline 0.001 -2"><span class='ocrx_word' id='word_1_172' title='bbox 344 2512 519 2561; x_wconf 86' lang='lat' dir='ltr'>betur.</span> <span class='ocrx_word' id='word_1_173' title='bbox 538 2529 566 2558; x_wconf 82' lang='lat'>»</span> <span class='ocrx_word' id='word_1_174' title='bbox 588 2510 711 2560; x_wconf 88' lang='lat' dir='ltr'>Ideo</span> <span class='ocrx_word' id='word_1_175' title='bbox 736 2510 871 2560; x_wconf 91' lang='lat' dir='ltr'>bene</span> <span class='ocrx_word' id='word_1_176' title='bbox 898 2511 964 2561; x_wconf 91' lang='lat' dir='ltr'>de</span> <span class='ocrx_word' id='word_1_177' title='bbox 984 2526 1043 2561; x_wconf 90' lang='lat' dir='ltr'>ea</span> <span class='ocrx_word' id='word_1_178' title='bbox 1063 2510 1206 2562; x_wconf 89' lang='lat' dir='ltr'>canit</span> <span class='ocrx_word' id='word_1_179' title='bbox 1225 2512 1409 2563; x_wconf 88' lang='lat' dir='ltr'>Eccle-</span> 
     </span>
     <span class='ocr_line' id='line_1_33' title="bbox 345 2600 469 2635; baseline -0.008 0"><span class='ocrx_word' id='word_1_180' title='bbox 345 2600 424 2635; x_wconf 78' lang='lat' dir='ltr'>sia</span> <span class='ocrx_word' id='word_1_181' title='bbox 453 2601 469 2634; x_wconf 72' lang='grc' dir='ltr'>ι</span> 
     </span>
    </p>
   </div>
   <div class='ocr_carea' id='block_1_4' title="bbox 341 2723 1410 2864">
    <p class='ocr_par' dir='ltr' id='par_1_4' title="bbox 341 2723 1410 2864">
     <span class='ocr_line' id='line_1_34' title="bbox 341 2723 1410 2791; baseline 0.001 -15"><span class='ocrx_word' id='word_1_182' title='bbox 341 2724 460 2776; x_wconf 87' lang='lat' dir='ltr'>Nec</span> <span class='ocrx_word' id='word_1_183' title='bbox 488 2725 722 2791; x_wconf 80' lang='lat' dir='ltr'>primam</span> <span class='ocrx_word' id='word_1_184' title='bbox 770 2723 993 2775; x_wconf 85' lang='lat' dir='ltr'>similem</span> <span class='ocrx_word' id='word_1_185' title='bbox 1023 2724 1141 2775; x_wconf 83' lang='lat' dir='ltr'>visa</span> <span class='ocrx_word' id='word_1_186' title='bbox 1179 2730 1276 2787; x_wconf 87' lang='lat' dir='ltr'>est,</span> <span class='ocrx_word' id='word_1_187' title='bbox 1315 2740 1410 2777; x_wconf 88' lang='lat' dir='ltr'>nec</span> 
     </span>
     <span class='ocr_line' id='line_1_35' title="bbox 841 2797 1406 2864; baseline 0.005 -16"><span class='ocrx_word' id='word_1_188' title='bbox 841 2799 860 2863; x_wconf 93' lang='lat'><strong>[</strong></span> <span class='ocrx_word' id='word_1_189' title='bbox 871 2797 1065 2849; x_wconf 83' lang='lat' dir='ltr'>habere</span> <span class='ocrx_word' id='word_1_190' title='bbox 1090 2804 1406 2864; x_wconf 81' lang='lat' dir='ltr'>sequentem.</span> 
     </span>
    </p>
   </div>
   <div class='ocr_carea' id='block_1_5' title="bbox 335 2939 1408 3935">
    <p class='ocr_par' dir='ltr' id='par_1_5' title="bbox 335 2939 1408 3935">
     <span class='ocr_line' id='line_1_36' title="bbox 342 2939 1408 3007; baseline 0.002 -17"><span class='ocrx_word' id='word_1_191' title='bbox 342 2939 405 2991; x_wconf 88' lang='lat' dir='ltr'>In</span> <span class='ocrx_word' id='word_1_192' title='bbox 426 2939 597 3004; x_wconf 84' lang='lat' dir='ltr'>gloria</span> <span class='ocrx_word' id='word_1_193' title='bbox 622 2939 781 2989; x_wconf 89' lang='lat' dir='ltr'>etiam</span> <span class='ocrx_word' id='word_1_194' title='bbox 803 2939 971 3006; x_wconf 81' lang='lat' dir='ltr'>elegit</span> <span class='ocrx_word' id='word_1_195' title='bbox 993 2941 1244 3006; x_wconf 79' lang='lat' dir='ltr'>optimam</span> <span class='ocrx_word' id='word_1_196' title='bbox 1268 2957 1408 3007; x_wconf 82' lang='lat' dir='ltr'>par-</span> 
     </span>
     <span class='ocr_line' id='line_1_37' title="bbox 342 3012 1408 3082; baseline 0.003 -19"><span class='ocrx_word' id='word_1_197' title='bbox 342 3020 465 3076; x_wconf 82' lang='lat' dir='ltr'>tem,</span> <span class='ocrx_word' id='word_1_198' title='bbox 516 3012 663 3062; x_wconf 89' lang='lat' dir='ltr'>illam</span> <span class='ocrx_word' id='word_1_199' title='bbox 712 3012 957 3063; x_wconf 87' lang='lat' dir='ltr'>videlicet</span> <span class='ocrx_word' id='word_1_200' title='bbox 1005 3023 1227 3079; x_wconf 88' lang='lat' dir='ltr'>partem,</span> <span class='ocrx_word' id='word_1_201' title='bbox 1276 3015 1408 3082; x_wconf 89' lang='lat' dir='ltr'>quia</span> 
     </span>
     <span class='ocr_line' id='line_1_38' title="bbox 340 3083 1406 3152; baseline 0.005 -19"><span class='ocrx_word' id='word_1_202' title='bbox 340 3083 398 3133; x_wconf 88' lang='lat' dir='ltr'>in</span> <span class='ocrx_word' id='word_1_203' title='bbox 421 3084 554 3134; x_wconf 89' lang='lat' dir='ltr'>coelo</span> <span class='ocrx_word' id='word_1_204' title='bbox 582 3083 715 3134; x_wconf 90' lang='lat' dir='ltr'>citra</span> <span class='ocrx_word' id='word_1_205' title='bbox 744 3084 1000 3134; x_wconf 90' lang='lat' dir='ltr'>thronum</span> <span class='ocrx_word' id='word_1_206' title='bbox 1028 3085 1125 3135; x_wconf 92' lang='lat' dir='ltr'>Dei</span> <span class='ocrx_word' id='word_1_207' title='bbox 1154 3086 1406 3152; x_wconf 88' lang='lat' dir='ltr'>majesta-</span> 
     </span>
     <span class='ocr_line' id='line_1_39' title="bbox 339 3152 1407 3221; baseline 0.002 -16"><span class='ocrx_word' id='word_1_208' title='bbox 339 3153 412 3205; x_wconf 86' lang='lat' dir='ltr'>tis</span> <span class='ocrx_word' id='word_1_209' title='bbox 459 3152 785 3217; x_wconf 88' lang='lat' dir='ltr'>sublimior;</span> <span class='ocrx_word' id='word_1_210' title='bbox 839 3154 967 3221; x_wconf 90' lang='lat' dir='ltr'>quia</span> <span class='ocrx_word' id='word_1_211' title='bbox 1024 3156 1275 3206; x_wconf 84' lang='lat' dir='ltr'>exaltata</span> <span class='ocrx_word' id='word_1_212' title='bbox 1317 3164 1407 3207; x_wconf 86' lang='lat' dir='ltr'>est</span> 
     </span>
     <span class='ocr_line' id='line_1_40' title="bbox 339 3227 1406 3294; baseline 0.003 -18"><span class='ocrx_word' id='word_1_213' title='bbox 339 3240 503 3293; x_wconf 79' lang='lat' dir='ltr'>super</span> <span class='ocrx_word' id='word_1_214' title='bbox 527 3241 704 3277; x_wconf 91' lang='lat' dir='ltr'>omnes</span> <span class='ocrx_word' id='word_1_215' title='bbox 733 3227 922 3278; x_wconf 87' lang='lat' dir='ltr'>choros</span> <span class='ocrx_word' id='word_1_216' title='bbox 944 3228 1312 3294; x_wconf 76' lang='lat' dir='ltr'>Angelorum5</span> <span class='ocrx_word' id='word_1_217' title='bbox 1352 3239 1406 3279; x_wconf 90' lang='lat' dir='ltr'>et</span> 
     </span>
     <span class='ocr_line' id='line_1_41' title="bbox 338 3298 1402 3370; baseline 0.003 -21"><span class='ocrx_word' id='word_1_218' title='bbox 338 3298 458 3350; x_wconf 86' lang='lat' dir='ltr'>haec</span> <span class='ocrx_word' id='word_1_219' title='bbox 497 3314 620 3365; x_wconf 85' lang='lat' dir='ltr'>pars</span> <span class='ocrx_word' id='word_1_220' title='bbox 658 3299 860 3365; x_wconf 90' lang='lat' dir='ltr'>optima</span> <span class='ocrx_word' id='word_1_221' title='bbox 888 3315 1151 3367; x_wconf 82' lang='lat' dir='ltr'>nunquam</span> <span class='ocrx_word' id='word_1_222' title='bbox 1180 3302 1402 3370; x_wconf 82' lang='lat' dir='ltr'>ausere-</span> 
     </span>
     <span class='ocr_line' id='line_1_42' title="bbox 340 3371 1403 3439; baseline 0.004 -19"><span class='ocrx_word' id='word_1_223' title='bbox 340 3376 430 3421; x_wconf 89' lang='lat' dir='ltr'>tur</span> <span class='ocrx_word' id='word_1_224' title='bbox 460 3371 530 3420; x_wconf 82' lang='lat' dir='ltr'>ab</span> <span class='ocrx_word' id='word_1_225' title='bbox 561 3385 625 3421; x_wconf 91' lang='lat' dir='ltr'>ea</span> <span class='ocrx_word' id='word_1_226' title='bbox 655 3371 709 3421; x_wconf 91' lang='lat' dir='ltr'>in</span> <span class='ocrx_word' id='word_1_227' title='bbox 740 3377 1015 3423; x_wconf 65' lang='lat' dir='ltr'>oeternum.</span> <span class='ocrx_word' id='word_1_228' title='bbox 1050 3372 1127 3422; x_wconf 90' lang='lat' dir='ltr'>De</span> <span class='ocrx_word' id='word_1_229' title='bbox 1150 3372 1248 3423; x_wconf 88' lang='lat' dir='ltr'>hac</span> <span class='ocrx_word' id='word_1_230' title='bbox 1275 3389 1403 3439; x_wconf 88' lang='lat' dir='ltr'>par-</span> 
     </span>
     <span class='ocr_line' id='line_1_43' title="bbox 336 3442 1403 3511; baseline 0.003 -18"><span class='ocrx_word' id='word_1_231' title='bbox 336 3452 393 3493; x_wconf 87' lang='lat' dir='ltr'>te</span> <span class='ocrx_word' id='word_1_232' title='bbox 432 3442 636 3507; x_wconf 90' lang='lat' dir='ltr'>optima</span> <span class='ocrx_word' id='word_1_233' title='bbox 675 3444 1015 3510; x_wconf 81' lang='lat' dir='ltr'>Augustinus</span> <span class='ocrx_word' id='word_1_234' title='bbox 1062 3446 1290 3511; x_wconf 89' lang='lat' dir='ltr'>loquens</span> <span class='ocrx_word' id='word_1_235' title='bbox 1336 3446 1403 3495; x_wconf 87' lang='lat' dir='ltr'>ad</span> 
     </span>
     <span class='ocr_line' id='line_1_44' title="bbox 336 3513 1402 3583; baseline 0.003 -20"><span class='ocrx_word' id='word_1_236' title='bbox 336 3527 476 3572; x_wconf 88' lang='lat' dir='ltr'>eam,</span> <span class='ocrx_word' id='word_1_237' title='bbox 512 3513 641 3563; x_wconf 90' lang='lat' dir='ltr'>dicit</span> <span class='ocrx_word' id='word_1_238' title='bbox 670 3530 683 3563; x_wconf 87' lang='lat'>:</span> <span class='ocrx_word' id='word_1_239' title='bbox 719 3532 746 3560; x_wconf 78' lang='grc' dir='ltr'>α</span> <span class='ocrx_word' id='word_1_240' title='bbox 774 3514 855 3564; x_wconf 89' lang='lat' dir='ltr'>Ad</span> <span class='ocrx_word' id='word_1_241' title='bbox 885 3513 1025 3565; x_wconf 90' lang='lat' dir='ltr'>hanc</span> <span class='ocrx_word' id='word_1_242' title='bbox 1066 3530 1240 3581; x_wconf 90' lang='lat' dir='ltr'>usque</span> <span class='ocrx_word' id='word_1_243' title='bbox 1279 3516 1402 3583; x_wconf 89' lang='lat' dir='ltr'>glo-</span> 
     </span>
     <span class='ocr_line' id='line_1_45' title="bbox 335 3582 1400 3651; baseline 0.004 -19"><span class='ocrx_word' id='word_1_244' title='bbox 335 3582 472 3633; x_wconf 89' lang='lat' dir='ltr'>riam</span> <span class='ocrx_word' id='word_1_245' title='bbox 499 3593 576 3642; x_wconf 90' lang='lat' dir='ltr'>tu,</span> <span class='ocrx_word' id='word_1_246' title='bbox 596 3583 764 3649; x_wconf 91' lang='lat' dir='ltr'>Virgo</span> <span class='ocrx_word' id='word_1_247' title='bbox 783 3584 1033 3649; x_wconf 84' lang='lat' dir='ltr'>gloriosa,</span> <span class='ocrx_word' id='word_1_248' title='bbox 1058 3595 1301 3651; x_wconf 88' lang='lat' dir='ltr'>provecta</span> <span class='ocrx_word' id='word_1_249' title='bbox 1322 3602 1400 3646; x_wconf 76' lang='lat' dir='ltr'>eS,</span> 
     </span>
     <span class='ocr_line' id='line_1_46' title="bbox 337 3654 1405 3720; baseline 0.002 -17"><span class='ocrx_word' id='word_1_250' title='bbox 337 3662 399 3703; x_wconf 88' lang='lat' dir='ltr'>ut</span> <span class='ocrx_word' id='word_1_251' title='bbox 426 3668 661 3719; x_wconf 87' lang='lat' dir='ltr'>superno</span> <span class='ocrx_word' id='word_1_252' title='bbox 690 3654 822 3719; x_wconf 87' lang='lat' dir='ltr'>Regi</span> <span class='ocrx_word' id='word_1_253' title='bbox 856 3654 997 3705; x_wconf 89' lang='lat' dir='ltr'>nihil</span> <span class='ocrx_word' id='word_1_254' title='bbox 1027 3655 1275 3720; x_wconf 85' lang='lat' dir='ltr'>superius</span> <span class='ocrx_word' id='word_1_255' title='bbox 1310 3656 1405 3705; x_wconf 91' lang='lat' dir='ltr'>ha·</span> 
     </span>
     <span class='ocr_line' id='line_1_47' title="bbox 339 3724 1404 3793; baseline 0.002 -18"><span class='ocrx_word' id='word_1_256' title='bbox 339 3724 466 3776; x_wconf 86' lang='lat' dir='ltr'>beas</span> <span class='ocrx_word' id='word_1_257' title='bbox 494 3725 551 3774; x_wconf 90' lang='lat' dir='ltr'>in</span> <span class='ocrx_word' id='word_1_258' title='bbox 581 3726 867 3792; x_wconf 85' lang='lat' dir='ltr'>supremis,</span> <span class='ocrx_word' id='word_1_259' title='bbox 898 3742 1019 3793; x_wconf 83' lang='lat' dir='ltr'>quae</span> <span class='ocrx_word' id='word_1_260' title='bbox 1048 3727 1210 3777; x_wconf 87' lang='lat' dir='ltr'>etiam</span> <span class='ocrx_word' id='word_1_261' title='bbox 1237 3742 1404 3793; x_wconf 87' lang='lat' dir='ltr'>ange-</span> 
     </span>
     <span class='ocr_line' id='line_1_48' title="bbox 337 3794 1402 3862; baseline 0.002 -18"><span class='ocrx_word' id='word_1_262' title='bbox 337 3794 496 3845; x_wconf 88' lang='lat' dir='ltr'>licam</span> <span class='ocrx_word' id='word_1_263' title='bbox 550 3798 930 3847; x_wconf 86' lang='lat' dir='ltr'>transcendens</span> <span class='ocrx_word' id='word_1_264' title='bbox 969 3797 1283 3862; x_wconf 89' lang='lat' dir='ltr'>dignitatem</span> <span class='ocrx_word' id='word_1_265' title='bbox 1336 3797 1402 3847; x_wconf 91' lang='lat' dir='ltr'>ad</span> 
     </span>
     <span class='ocr_line' id='line_1_49' title="bbox 340 3866 1405 3935; baseline 0.004 -19"><span class='ocrx_word' id='word_1_266' title='bbox 340 3866 558 3931; x_wconf 86' lang='lat' dir='ltr'>superni</span> <span class='ocrx_word' id='word_1_267' title='bbox 588 3867 751 3935; x_wconf 87' lang='lat' dir='ltr'>Regis</span> <span class='ocrx_word' id='word_1_268' title='bbox 792 3883 849 3920; x_wconf 89' lang='lat' dir='ltr'>es</span> <span class='ocrx_word' id='word_1_269' title='bbox 878 3868 1166 3922; x_wconf 81' lang='lat' dir='ltr'>sublimata</span> <span class='ocrx_word' id='word_1_270' title='bbox 1192 3882 1405 3920; x_wconf 87' lang='lat' dir='ltr'>conses-</span> 
     </span>
    </p>
   </div>
   <div class='ocr_carea' id='block_1_6' title="bbox 972 250 1925 303">
    <p class='ocr_par' dir='ltr' id='par_1_6' title="bbox 972 250 1925 303">
     <span class='ocr_line' id='line_1_50' title="bbox 972 250 1925 303; baseline 0.002 -2"><span class='ocrx_word' id='word_1_271' title='bbox 972 251 1209 302; x_wconf 85' lang='lat' dir='ltr'>PRIMAE</span> <span class='ocrx_word' id='word_1_272' title='bbox 1245 251 1494 302; x_wconf 82' lang='lat' dir='ltr'>PARTIS</span> <span class='ocrx_word' id='word_1_273' title='bbox 1527 250 1761 303; x_wconf 85' lang='lat' dir='ltr'>CAPUT</span> <span class='ocrx_word' id='word_1_274' title='bbox 1792 252 1925 303; x_wconf 87' lang='lat' dir='ltr'>LXI.</span> 
     </span>
    </p>
   </div>
   <div class='ocr_carea' id='block_1_7' title="bbox 1519 368 2620 1360">
    <p class='ocr_par' dir='ltr' id='par_1_7' title="bbox 1520 368 2620 866">
     <span class='ocr_line' id='line_1_51' title="bbox 1522 368 2595 424; baseline 0.005 -5"><span class='ocrx_word' id='word_1_275' title='bbox 1522 384 1662 420; x_wconf 88' lang='lat' dir='ltr'>sum.</span> <span class='ocrx_word' id='word_1_276' title='bbox 1719 368 1823 421; x_wconf 92' lang='lat' dir='ltr'>Ubi</span> <span class='ocrx_word' id='word_1_277' title='bbox 1877 369 2024 421; x_wconf 87' lang='lat' dir='ltr'>enim</span> <span class='ocrx_word' id='word_1_278' title='bbox 2078 372 2190 422; x_wconf 87' lang='lat' dir='ltr'>Rex</span> <span class='ocrx_word' id='word_1_279' title='bbox 2239 371 2412 422; x_wconf 90' lang='lat' dir='ltr'>Filius</span> <span class='ocrx_word' id='word_1_280' title='bbox 2462 382 2595 424; x_wconf 85' lang='lat' dir='ltr'>tuus</span> 
     </span>
     <span class='ocr_line' id='line_1_52' title="bbox 1524 440 2591 507; baseline 0.005 -19"><span class='ocrx_word' id='word_1_281' title='bbox 1524 440 1703 504; x_wconf 89' lang='lat' dir='ltr'>posuit</span> <span class='ocrx_word' id='word_1_282' title='bbox 1746 442 1892 506; x_wconf 91' lang='lat' dir='ltr'>quod</span> <span class='ocrx_word' id='word_1_283' title='bbox 1938 457 2003 492; x_wconf 84' lang='lat' dir='ltr'>ex</span> <span class='ocrx_word' id='word_1_284' title='bbox 2047 451 2100 491; x_wconf 89' lang='lat' dir='ltr'>te</span> <span class='ocrx_word' id='word_1_285' title='bbox 2142 452 2420 507; x_wconf 87' lang='lat' dir='ltr'>sumptum</span> <span class='ocrx_word' id='word_1_286' title='bbox 2466 452 2591 506; x_wconf 81' lang='lat' dir='ltr'>est3</span> 
     </span>
     <span class='ocr_line' id='line_1_53' title="bbox 1525 510 2596 579; baseline 0.004 -19"><span class='ocrx_word' id='word_1_287' title='bbox 1525 510 1602 561; x_wconf 88' lang='lat' dir='ltr'>ibi</span> <span class='ocrx_word' id='word_1_288' title='bbox 1654 511 1835 577; x_wconf 88' lang='lat' dir='ltr'>posuit</span> <span class='ocrx_word' id='word_1_289' title='bbox 1881 522 1933 563; x_wconf 88' lang='lat' dir='ltr'>et</span> <span class='ocrx_word' id='word_1_290' title='bbox 1987 523 2040 563; x_wconf 91' lang='lat' dir='ltr'>te</span> <span class='ocrx_word' id='word_1_291' title='bbox 2094 514 2318 564; x_wconf 89' lang='lat' dir='ltr'>Matrem</span> <span class='ocrx_word' id='word_1_292' title='bbox 2368 528 2434 563; x_wconf 86' lang='lat' dir='ltr'>ex</span> <span class='ocrx_word' id='word_1_293' title='bbox 2483 529 2596 579; x_wconf 89' lang='lat' dir='ltr'>qua</span> 
     </span>
     <span class='ocr_line' id='line_1_54' title="bbox 1523 581 2595 649; baseline 0.004 -20"><span class='ocrx_word' id='word_1_294' title='bbox 1523 591 1773 645; x_wconf 91' lang='lat' dir='ltr'>sumptus</span> <span class='ocrx_word' id='word_1_295' title='bbox 1817 592 1915 633; x_wconf 91' lang='lat' dir='ltr'>est.</span> <span class='ocrx_word' id='word_1_296' title='bbox 1963 583 2149 649; x_wconf 90' lang='lat' dir='ltr'>Neque</span> <span class='ocrx_word' id='word_1_297' title='bbox 2196 582 2342 632; x_wconf 90' lang='lat' dir='ltr'>enim</span> <span class='ocrx_word' id='word_1_298' title='bbox 2382 581 2464 633; x_wconf 87' lang='lat' dir='ltr'>fas</span> <span class='ocrx_word' id='word_1_299' title='bbox 2510 592 2595 633; x_wconf 91' lang='lat' dir='ltr'>est</span> 
     </span>
     <span class='ocr_line' id='line_1_55' title="bbox 1520 655 2592 723; baseline 0.003 -19"><span class='ocrx_word' id='word_1_300' title='bbox 1520 655 1729 706; x_wconf 89' lang='lat' dir='ltr'>credere</span> <span class='ocrx_word' id='word_1_301' title='bbox 1770 666 1821 707; x_wconf 92' lang='lat' dir='ltr'>te</span> <span class='ocrx_word' id='word_1_302' title='bbox 1862 672 1979 708; x_wconf 87' lang='lat' dir='ltr'>esse</span> <span class='ocrx_word' id='word_1_303' title='bbox 2016 657 2162 718; x_wconf 89' lang='lat' dir='ltr'>alibi,</span> <span class='ocrx_word' id='word_1_304' title='bbox 2207 673 2369 723; x_wconf 91' lang='lat' dir='ltr'>quam</span> <span class='ocrx_word' id='word_1_305' title='bbox 2398 657 2496 707; x_wconf 89' lang='lat' dir='ltr'>ubi</span> <span class='ocrx_word' id='word_1_306' title='bbox 2536 658 2592 708; x_wconf 93' lang='lat' dir='ltr'>id</span> 
     </span>
     <span class='ocr_line' id='line_1_56' title="bbox 1520 729 2591 796; baseline 0.001 -19"><span class='ocrx_word' id='word_1_307' title='bbox 1520 737 1602 777; x_wconf 90' lang='lat' dir='ltr'>est</span> <span class='ocrx_word' id='word_1_308' title='bbox 1652 729 1797 794; x_wconf 92' lang='lat' dir='ltr'>quod</span> <span class='ocrx_word' id='word_1_309' title='bbox 1853 744 1917 779; x_wconf 86' lang='lat' dir='ltr'>ex</span> <span class='ocrx_word' id='word_1_310' title='bbox 1971 739 2023 780; x_wconf 90' lang='lat' dir='ltr'>te</span> <span class='ocrx_word' id='word_1_311' title='bbox 2076 739 2354 796; x_wconf 88' lang='lat' dir='ltr'>sumptum</span> <span class='ocrx_word' id='word_1_312' title='bbox 2399 740 2482 780; x_wconf 82' lang='lat' dir='ltr'>est</span> <span class='ocrx_word' id='word_1_313' title='bbox 2515 745 2529 780; x_wconf 75' lang='grc' dir='ltr'><strong><em>ε</em></strong></span> <span class='ocrx_word' id='word_1_314' title='bbox 2562 749 2591 778; x_wconf 69' lang='lat' dir='ltr'>n</span> 
     </span>
     <span class='ocr_line' id='line_1_57' title="bbox 1522 797 2620 866; baseline 0.009 -19"><span class='ocrx_word' id='word_1_315' title='bbox 1522 797 1634 848; x_wconf 84' lang='lat' dir='ltr'>haec</span> <span class='ocrx_word' id='word_1_316' title='bbox 1662 800 2023 864; x_wconf 81' lang='lat' dir='ltr'>Augustinus.</span> <span class='ocrx_word' id='word_1_317' title='bbox 2614 860 2620 866; x_wconf 72' lang='grc'><em>,</em></span> 
     </span>
    </p>

    <p class='ocr_par' dir='ltr' id='par_1_8' title="bbox 1519 866 2589 1360">
     <span class='ocr_line' id='line_1_58' title="bbox 1590 866 2589 922; baseline 0.004 -4"><span class='ocrx_word' id='word_1_318' title='bbox 1590 866 1649 918; x_wconf 86' lang='lat'>13</span> <span class='ocrx_word' id='word_1_319' title='bbox 1682 869 2004 920; x_wconf 66' lang='lat' dir='ltr'>Momm-ren</span> <span class='ocrx_word' id='word_1_320' title='bbox 2042 887 2156 921; x_wconf 58' lang='lat' dir='ltr'>ufic</span> <span class='ocrx_word' id='word_1_321' title='bbox 2195 887 2443 922; x_wconf 65' lang='lat' dir='ltr'>urs-roam</span> <span class='ocrx_word' id='word_1_322' title='bbox 2472 873 2589 921; x_wconf 69' lang='lat' dir='ltr'>Re-</span> 
     </span>
     <span class='ocr_line' id='line_1_59' title="bbox 1521 941 2588 992; baseline 0.005 -5"><span class='ocrx_word' id='word_1_323' title='bbox 1521 953 1742 990; x_wconf 68' lang='lat' dir='ltr'>mmoms</span> <span class='ocrx_word' id='word_1_324' title='bbox 1763 955 2070 991; x_wconf 57' lang='lat' dir='ltr'>Armenii.</span> <span class='ocrx_word' id='word_1_325' title='bbox 2099 969 2160 979; x_wconf 92' lang='lat'><em>—</em></span> <span class='ocrx_word' id='word_1_326' title='bbox 2182 941 2454 992; x_wconf 90' lang='lat' dir='ltr'>Moraliter</span> <span class='ocrx_word' id='word_1_327' title='bbox 2487 956 2588 992; x_wconf 87' lang='lat' dir='ltr'>ex-</span> 
     </span>
     <span class='ocr_line' id='line_1_60' title="bbox 1519 1010 2588 1079; baseline 0.004 -20"><span class='ocrx_word' id='word_1_328' title='bbox 1519 1010 1736 1074; x_wconf 89' lang='lat' dir='ltr'>ponitur</span> <span class='ocrx_word' id='word_1_329' title='bbox 1780 1011 1922 1061; x_wconf 91' lang='lat' dir='ltr'>istud</span> <span class='ocrx_word' id='word_1_330' title='bbox 1956 1013 2021 1062; x_wconf 90' lang='lat' dir='ltr'>de</span> <span class='ocrx_word' id='word_1_331' title='bbox 2055 1012 2338 1079; x_wconf 81' lang='lat' dir='ltr'>religiosiS,</span> <span class='ocrx_word' id='word_1_332' title='bbox 2393 1022 2454 1062; x_wconf 90' lang='lat' dir='ltr'>ut</span> <span class='ocrx_word' id='word_1_333' title='bbox 2497 1028 2588 1063; x_wconf 91' lang='lat' dir='ltr'>ca-</span> 
     </span>
     <span class='ocr_line' id='line_1_61' title="bbox 1521 1083 2588 1150; baseline 0.004 -19"><span class='ocrx_word' id='word_1_334' title='bbox 1521 1083 1735 1133; x_wconf 90' lang='lat' dir='ltr'>stellum</span> <span class='ocrx_word' id='word_1_335' title='bbox 1765 1083 1836 1133; x_wconf 87' lang='lat' dir='ltr'>sit</span> <span class='ocrx_word' id='word_1_336' title='bbox 1861 1083 1973 1149; x_wconf 83' lang='lat' dir='ltr'>ipsa</span> <span class='ocrx_word' id='word_1_337' title='bbox 2000 1084 2218 1150; x_wconf 88' lang='lat' dir='ltr'>religio;</span> <span class='ocrx_word' id='word_1_338' title='bbox 2251 1085 2394 1135; x_wconf 88' lang='lat' dir='ltr'>muri</span> <span class='ocrx_word' id='word_1_339' title='bbox 2427 1085 2588 1135; x_wconf 86' lang='lat' dir='ltr'>istius</span> 
     </span>
     <span class='ocr_line' id='line_1_62' title="bbox 1520 1153 2585 1221; baseline 0.005 -20"><span class='ocrx_word' id='word_1_340' title='bbox 1520 1153 1721 1203; x_wconf 89' lang='lat' dir='ltr'>castelli</span> <span class='ocrx_word' id='word_1_341' title='bbox 1759 1164 1839 1204; x_wconf 90' lang='lat' dir='ltr'>est</span> <span class='ocrx_word' id='word_1_342' title='bbox 1873 1155 2036 1204; x_wconf 87' lang='lat' dir='ltr'>abbas</span> <span class='ocrx_word' id='word_1_343' title='bbox 2073 1165 2123 1205; x_wconf 93' lang='lat' dir='ltr'>et</span> <span class='ocrx_word' id='word_1_344' title='bbox 2150 1156 2354 1220; x_wconf 87' lang='lat' dir='ltr'>praelati</span> <span class='ocrx_word' id='word_1_345' title='bbox 2383 1156 2585 1221; x_wconf 86' lang='lat' dir='ltr'>ceteri;</span> 
     </span>
     <span class='ocr_line' id='line_1_63' title="bbox 1520 1221 2587 1291; baseline 0.005 -20"><span class='ocrx_word' id='word_1_346' title='bbox 1520 1221 1716 1273; x_wconf 88' lang='lat' dir='ltr'>fossata</span> <span class='ocrx_word' id='word_1_347' title='bbox 1746 1233 1874 1274; x_wconf 91' lang='lat' dir='ltr'>sunt</span> <span class='ocrx_word' id='word_1_348' title='bbox 1901 1235 2199 1290; x_wconf 79' lang='lat' dir='ltr'>paupertaS,</span> <span class='ocrx_word' id='word_1_349' title='bbox 2235 1241 2355 1291; x_wconf 89' lang='lat' dir='ltr'>quae</span> <span class='ocrx_word' id='word_1_350' title='bbox 2386 1224 2587 1276; x_wconf 85' lang='lat' dir='ltr'>fossata</span> 
     </span>
     <span class='ocr_line' id='line_1_64' title="bbox 1520 1290 2588 1360; baseline 0.004 -20"><span class='ocrx_word' id='word_1_351' title='bbox 1520 1290 1785 1353; x_wconf 87' lang='lat' dir='ltr'>diabolus,</span> <span class='ocrx_word' id='word_1_352' title='bbox 1806 1303 1868 1344; x_wconf 92' lang='lat' dir='ltr'>ut</span> <span class='ocrx_word' id='word_1_353' title='bbox 1894 1295 2172 1345; x_wconf 88' lang='lat' dir='ltr'>castellum</span> <span class='ocrx_word' id='word_1_354' title='bbox 2207 1295 2376 1360; x_wconf 89' lang='lat' dir='ltr'>possit</span> <span class='ocrx_word' id='word_1_355' title='bbox 2399 1309 2588 1360; x_wconf 86' lang='lat' dir='ltr'>capere</span> 
     </span>
    </p>
   </div>
   <div class='ocr_carea' id='block_1_8' title="bbox 1504 1366 2589 3935">
    <p class='ocr_par' dir='ltr' id='par_1_9' title="bbox 1504 1366 2589 3935">
     <span class='ocr_line' id='line_1_65' title="bbox 1521 1366 2587 1417; baseline 0.004 -4"><span class='ocrx_word' id='word_1_356' title='bbox 1521 1373 1738 1414; x_wconf 90' lang='lat' dir='ltr'>conatur</span> <span class='ocrx_word' id='word_1_357' title='bbox 1772 1366 2099 1416; x_wconf 88' lang='lat' dir='ltr'>abundantia</span> <span class='ocrx_word' id='word_1_358' title='bbox 2134 1366 2445 1417; x_wconf 88' lang='lat' dir='ltr'>divitiarum</span> <span class='ocrx_word' id='word_1_359' title='bbox 2474 1367 2587 1417; x_wconf 90' lang='lat' dir='ltr'>im-</span> 
     </span>
     <span class='ocr_line' id='line_1_66' title="bbox 1522 1435 2586 1501; baseline 0.003 -18"><span class='ocrx_word' id='word_1_360' title='bbox 1522 1435 1698 1499; x_wconf 90' lang='lat' dir='ltr'>plere;</span> <span class='ocrx_word' id='word_1_361' title='bbox 1730 1450 1868 1501; x_wconf 87' lang='lat' dir='ltr'>aqua</span> <span class='ocrx_word' id='word_1_362' title='bbox 1897 1437 2234 1487; x_wconf 90' lang='lat' dir='ltr'>circumdans</span> <span class='ocrx_word' id='word_1_363' title='bbox 2260 1437 2364 1487; x_wconf 92' lang='lat' dir='ltr'>hoc</span> <span class='ocrx_word' id='word_1_364' title='bbox 2387 1437 2586 1488; x_wconf 89' lang='lat' dir='ltr'>castel-</span> 
     </span>
     <span class='ocr_line' id='line_1_67' title="bbox 1519 1506 2589 1574; baseline 0.005 -20"><span class='ocrx_word' id='word_1_365' title='bbox 1519 1506 1633 1556; x_wconf 89' lang='lat' dir='ltr'>lum</span> <span class='ocrx_word' id='word_1_366' title='bbox 1657 1515 1737 1557; x_wconf 91' lang='lat' dir='ltr'>est</span> <span class='ocrx_word' id='word_1_367' title='bbox 1763 1506 1884 1557; x_wconf 83' lang='lat' dir='ltr'>fons</span> <span class='ocrx_word' id='word_1_368' title='bbox 1912 1509 2295 1574; x_wconf 89' lang='lat' dir='ltr'>lacrymarum;</span> <span class='ocrx_word' id='word_1_369' title='bbox 2332 1509 2589 1560; x_wconf 86' lang='lat' dir='ltr'>alimenta</span> 
     </span>
     <span class='ocr_line' id='line_1_68' title="bbox 1520 1579 2583 1648; baseline 0.003 -19"><span class='ocrx_word' id='word_1_370' title='bbox 1520 1593 1643 1630; x_wconf 89' lang='lat' dir='ltr'>sunt</span> <span class='ocrx_word' id='word_1_371' title='bbox 1677 1579 1895 1645; x_wconf 85' lang='lat' dir='ltr'>vigiliae,</span> <span class='ocrx_word' id='word_1_372' title='bbox 1933 1581 2224 1647; x_wconf 85' lang='lat' dir='ltr'>jejunium,</span> <span class='ocrx_word' id='word_1_373' title='bbox 2262 1581 2583 1648; x_wconf 88' lang='lat' dir='ltr'>disciplinae,</span> 
     </span>
     <span class='ocr_line' id='line_1_69' title="bbox 1517 1651 2586 1717; baseline 0.004 -16"><span class='ocrx_word' id='word_1_374' title='bbox 1517 1651 1716 1717; x_wconf 91' lang='lat' dir='ltr'>quibus</span> <span class='ocrx_word' id='word_1_375' title='bbox 1755 1668 1877 1703; x_wconf 91' lang='lat' dir='ltr'>caro</span> <span class='ocrx_word' id='word_1_376' title='bbox 1919 1664 2238 1714; x_wconf 88' lang='lat' dir='ltr'>attenuatur,</span> <span class='ocrx_word' id='word_1_377' title='bbox 2275 1655 2366 1704; x_wconf 91' lang='lat' dir='ltr'>sed</span> <span class='ocrx_word' id='word_1_378' title='bbox 2407 1655 2586 1705; x_wconf 87' lang='lat' dir='ltr'>anima</span> 
     </span>
     <span class='ocr_line' id='line_1_70' title="bbox 1517 1723 2585 1792; baseline 0.005 -21"><span class='ocrx_word' id='word_1_379' title='bbox 1517 1723 1915 1790; x_wconf 87' lang='lat' dir='ltr'>impinguatur;</span> <span class='ocrx_word' id='word_1_380' title='bbox 1955 1725 2119 1775; x_wconf 89' lang='lat' dir='ltr'>turris</span> <span class='ocrx_word' id='word_1_381' title='bbox 2152 1737 2231 1776; x_wconf 90' lang='lat' dir='ltr'>est</span> <span class='ocrx_word' id='word_1_382' title='bbox 2259 1728 2585 1792; x_wconf 87' lang='lat' dir='ltr'>contempla·</span> 
     </span>
     <span class='ocr_line' id='line_1_71' title="bbox 1516 1794 2583 1858; baseline 0.003 -13"><span class='ocrx_word' id='word_1_383' title='bbox 1516 1794 1611 1846; x_wconf 79' lang='lat' dir='ltr'>tio,</span> <span class='ocrx_word' id='word_1_384' title='bbox 1643 1796 1703 1845; x_wconf 90' lang='lat' dir='ltr'>In</span> <span class='ocrx_word' id='word_1_385' title='bbox 1730 1796 1832 1846; x_wconf 92' lang='lat' dir='ltr'>hoc</span> <span class='ocrx_word' id='word_1_386' title='bbox 1860 1797 2076 1847; x_wconf 87' lang='lat' dir='ltr'>castello</span> <span class='ocrx_word' id='word_1_387' title='bbox 2101 1806 2182 1847; x_wconf 91' lang='lat' dir='ltr'>est</span> <span class='ocrx_word' id='word_1_388' title='bbox 2210 1797 2438 1858; x_wconf 83' lang='lat' dir='ltr'>Martha,</span> <span class='ocrx_word' id='word_1_389' title='bbox 2470 1798 2583 1848; x_wconf 91' lang='lat' dir='ltr'>sci-</span> 
     </span>
     <span class='ocr_line' id='line_1_72' title="bbox 1516 1864 2583 1933; baseline 0.004 -19"><span class='ocrx_word' id='word_1_390' title='bbox 1516 1864 1641 1915; x_wconf 89' lang='lat' dir='ltr'>licet</span> <span class='ocrx_word' id='word_1_391' title='bbox 1680 1864 1931 1917; x_wconf 84' lang='lat' dir='ltr'>officiales</span> <span class='ocrx_word' id='word_1_392' title='bbox 1976 1867 2069 1933; x_wconf 91' lang='lat' dir='ltr'>qui</span> <span class='ocrx_word' id='word_1_393' title='bbox 2116 1876 2241 1917; x_wconf 89' lang='lat' dir='ltr'>sunt</span> <span class='ocrx_word' id='word_1_394' title='bbox 2277 1867 2498 1917; x_wconf 90' lang='lat' dir='ltr'>solliciti</span> <span class='ocrx_word' id='word_1_395' title='bbox 2531 1878 2583 1919; x_wconf 93' lang='lat' dir='ltr'>et</span> 
     </span>
     <span class='ocr_line' id='line_1_73' title="bbox 1514 1936 2577 2003; baseline 0.002 -18"><span class='ocrx_word' id='word_1_396' title='bbox 1514 1936 1802 1986; x_wconf 85' lang='lat' dir='ltr'>turbantur</span> <span class='ocrx_word' id='word_1_397' title='bbox 1832 1951 1956 2002; x_wconf 88' lang='lat' dir='ltr'>erga</span> <span class='ocrx_word' id='word_1_398' title='bbox 1996 1937 2255 2003; x_wconf 82' lang='lat' dir='ltr'>plurima3</span> <span class='ocrx_word' id='word_1_399' title='bbox 2293 1948 2347 1987; x_wconf 91' lang='lat' dir='ltr'>et</span> <span class='ocrx_word' id='word_1_400' title='bbox 2378 1938 2577 1998; x_wconf 88' lang='lat' dir='ltr'>Maria,</span> 
     </span>
     <span class='ocr_line' id='line_1_74' title="bbox 1514 2009 2581 2061; baseline 0.003 -3"><span class='ocrx_word' id='word_1_401' title='bbox 1514 2009 1715 2059; x_wconf 90' lang='lat' dir='ltr'>scilicet</span> <span class='ocrx_word' id='word_1_402' title='bbox 1750 2010 2057 2060; x_wconf 86' lang='lat' dir='ltr'>claustrales</span> <span class='ocrx_word' id='word_1_403' title='bbox 2098 2010 2155 2060; x_wconf 90' lang='lat' dir='ltr'>in</span> <span class='ocrx_word' id='word_1_404' title='bbox 2199 2012 2430 2060; x_wconf 86' lang='lat' dir='ltr'>claustro</span> <span class='ocrx_word' id='word_1_405' title='bbox 2464 2011 2581 2061; x_wconf 90' lang='lat' dir='ltr'>cir-</span> 
     </span>
     <span class='ocr_line' id='line_1_75' title="bbox 1512 2080 2578 2145; baseline 0 -15"><span class='ocrx_word' id='word_1_406' title='bbox 1512 2095 1572 2130; x_wconf 90' lang='lat' dir='ltr'>ca</span> <span class='ocrx_word' id='word_1_407' title='bbox 1626 2080 1786 2145; x_wconf 88' lang='lat' dir='ltr'>pedes</span> <span class='ocrx_word' id='word_1_408' title='bbox 1840 2080 2057 2130; x_wconf 89' lang='lat' dir='ltr'>Domini</span> <span class='ocrx_word' id='word_1_409' title='bbox 2116 2080 2428 2131; x_wconf 85' lang='lat' dir='ltr'>residentes.</span> <span class='ocrx_word' id='word_1_410' title='bbox 2493 2081 2578 2130; x_wconf 83' lang='lat' dir='ltr'>Ad</span> 
     </span>
     <span class='ocr_line' id='line_1_76' title="bbox 1515 2150 2577 2219; baseline 0.002 -20"><span class='ocrx_word' id='word_1_411' title='bbox 1515 2150 1658 2201; x_wconf 90' lang='lat' dir='ltr'>istud</span> <span class='ocrx_word' id='word_1_412' title='bbox 1682 2150 1955 2201; x_wconf 88' lang='lat' dir='ltr'>castellum</span> <span class='ocrx_word' id='word_1_413' title='bbox 1986 2151 2134 2201; x_wconf 85' lang='lat' dir='ltr'>venit</span> <span class='ocrx_word' id='word_1_414' title='bbox 2160 2152 2332 2214; x_wconf 88' lang='lat' dir='ltr'>Jesus,</span> <span class='ocrx_word' id='word_1_415' title='bbox 2358 2152 2577 2219; x_wconf 89' lang='lat' dir='ltr'>quando</span> 
     </span>
     <span class='ocr_line' id='line_1_77' title="bbox 1513 2220 2576 2289; baseline 0.002 -18"><span class='ocrx_word' id='word_1_416' title='bbox 1513 2220 1711 2288; x_wconf 89' lang='lat' dir='ltr'>aliquis</span> <span class='ocrx_word' id='word_1_417' title='bbox 1805 2238 1963 2273; x_wconf 87' lang='lat' dir='ltr'>causa</span> <span class='ocrx_word' id='word_1_418' title='bbox 2047 2223 2430 2289; x_wconf 87' lang='lat' dir='ltr'>hospitalitatis</span> <span class='ocrx_word' id='word_1_419' title='bbox 2510 2224 2576 2273; x_wconf 91' lang='lat' dir='ltr'>ad</span> 
     </span>
     <span class='ocr_line' id='line_1_78' title="bbox 1515 2293 2579 2361; baseline 0.003 -18"><span class='ocrx_word' id='word_1_420' title='bbox 1515 2293 1686 2359; x_wconf 87' lang='lat' dir='ltr'>ipsam</span> <span class='ocrx_word' id='word_1_421' title='bbox 1735 2294 2049 2361; x_wconf 88' lang='lat' dir='ltr'>religionem</span> <span class='ocrx_word' id='word_1_422' title='bbox 2107 2295 2334 2345; x_wconf 90' lang='lat' dir='ltr'>declinat</span> <span class='ocrx_word' id='word_1_423' title='bbox 2346 2310 2361 2358; x_wconf 93' lang='lat'>;</span> <span class='ocrx_word' id='word_1_424' title='bbox 2425 2296 2579 2346; x_wconf 88' lang='lat' dir='ltr'>Jesus</span> 
     </span>
     <span class='ocr_line' id='line_1_79' title="bbox 1514 2366 2578 2434; baseline 0.002 -18"><span class='ocrx_word' id='word_1_425' title='bbox 1514 2370 1662 2416; x_wconf 88' lang='lat' dir='ltr'>enim</span> <span class='ocrx_word' id='word_1_426' title='bbox 1691 2366 1961 2433; x_wconf 89' lang='lat' dir='ltr'>recipitur,</span> <span class='ocrx_word' id='word_1_427' title='bbox 2002 2368 2216 2434; x_wconf 89' lang='lat' dir='ltr'>quando</span> <span class='ocrx_word' id='word_1_428' title='bbox 2240 2366 2439 2433; x_wconf 87' lang='lat' dir='ltr'>aliquis</span> <span class='ocrx_word' id='word_1_429' title='bbox 2471 2384 2578 2418; x_wconf 86' lang='lat' dir='ltr'>no-</span> 
     </span>
     <span class='ocr_line' id='line_1_80' title="bbox 1513 2439 2577 2507; baseline 0.003 -18"><span class='ocrx_word' id='word_1_430' title='bbox 1513 2439 1662 2496; x_wconf 86' lang='lat' dir='ltr'>mine</span> <span class='ocrx_word' id='word_1_431' title='bbox 1694 2441 1809 2505; x_wconf 85' lang='lat' dir='ltr'>ejus</span> <span class='ocrx_word' id='word_1_432' title='bbox 1837 2440 2105 2507; x_wconf 89' lang='lat' dir='ltr'>recipitur.</span> <span class='ocrx_word' id='word_1_433' title='bbox 2137 2442 2307 2507; x_wconf 86' lang='lat' dir='ltr'>Igitur</span> <span class='ocrx_word' id='word_1_434' title='bbox 2338 2441 2494 2491; x_wconf 88' lang='lat' dir='ltr'>Jesus</span> <span class='ocrx_word' id='word_1_435' title='bbox 2519 2442 2577 2492; x_wconf 92' lang='lat' dir='ltr'>in</span> 
     </span>
     <span class='ocr_line' id='line_1_81' title="bbox 1513 2512 2579 2580; baseline 0.002 -19"><span class='ocrx_word' id='word_1_436' title='bbox 1513 2512 1773 2563; x_wconf 88' lang='lat' dir='ltr'>membris</span> <span class='ocrx_word' id='word_1_437' title='bbox 1828 2513 1943 2564; x_wconf 90' lang='lat' dir='ltr'>suis</span> <span class='ocrx_word' id='word_1_438' title='bbox 1999 2515 2166 2564; x_wconf 88' lang='lat' dir='ltr'>intrat</span> <span class='ocrx_word' id='word_1_439' title='bbox 2212 2514 2265 2563; x_wconf 86' lang='lat' dir='ltr'>in</span> <span class='ocrx_word' id='word_1_440' title='bbox 2312 2514 2579 2580; x_wconf 82' lang='lat' dir='ltr'>quoddam</span> 
     </span>
     <span class='ocr_line' id='line_1_82' title="bbox 1511 2583 2578 2650; baseline 0.001 -16"><span class='ocrx_word' id='word_1_441' title='bbox 1511 2583 1803 2647; x_wconf 88' lang='lat' dir='ltr'>castellum,</span> <span class='ocrx_word' id='word_1_442' title='bbox 1836 2584 1890 2634; x_wconf 88' lang='lat' dir='ltr'>id</span> <span class='ocrx_word' id='word_1_443' title='bbox 1931 2594 2010 2635; x_wconf 89' lang='lat' dir='ltr'>est</span> <span class='ocrx_word' id='word_1_444' title='bbox 2048 2584 2329 2650; x_wconf 88' lang='lat' dir='ltr'>religionis</span> <span class='ocrx_word' id='word_1_445' title='bbox 2361 2585 2541 2635; x_wconf 89' lang='lat' dir='ltr'>locum</span> <span class='ocrx_word' id='word_1_446' title='bbox 2563 2623 2578 2645; x_wconf 95' lang='lat'>,</span> 
     </span>
     <span class='ocr_line' id='line_1_83' title="bbox 1511 2654 2578 2721; baseline 0.003 -18"><span class='ocrx_word' id='word_1_447' title='bbox 1511 2661 1563 2704; x_wconf 92' lang='lat' dir='ltr'>et</span> <span class='ocrx_word' id='word_1_448' title='bbox 1601 2654 1791 2705; x_wconf 88' lang='lat' dir='ltr'>mulier</span> <span class='ocrx_word' id='word_1_449' title='bbox 1837 2656 2080 2721; x_wconf 80' lang='lat' dir='ltr'>quaedam</span> <span class='ocrx_word' id='word_1_450' title='bbox 2127 2655 2375 2718; x_wconf 82' lang='lat' dir='ltr'>Martha,</span> <span class='ocrx_word' id='word_1_451' title='bbox 2425 2656 2578 2706; x_wconf 87' lang='lat' dir='ltr'>scili-</span> 
     </span>
     <span class='ocr_line' id='line_1_84' title="bbox 1511 2726 2577 2795; baseline 0.002 -18"><span class='ocrx_word' id='word_1_452' title='bbox 1511 2736 1593 2777; x_wconf 89' lang='lat' dir='ltr'>cet</span> <span class='ocrx_word' id='word_1_453' title='bbox 1637 2727 1969 2793; x_wconf 83' lang='lat' dir='ltr'>compassiO,</span> <span class='ocrx_word' id='word_1_454' title='bbox 2021 2738 2073 2778; x_wconf 92' lang='lat' dir='ltr'>et</span> <span class='ocrx_word' id='word_1_455' title='bbox 2114 2726 2378 2794; x_wconf 86' lang='lat' dir='ltr'>significat</span> <span class='ocrx_word' id='word_1_456' title='bbox 2428 2731 2577 2795; x_wconf 92' lang='lat' dir='ltr'>quod</span> 
     </span>
     <span class='ocr_line' id='line_1_85' title="bbox 1511 2797 2576 2866; baseline 0.003 -19"><span class='ocrx_word' id='word_1_457' title='bbox 1511 2797 1762 2849; x_wconf 87' lang='lat' dir='ltr'>officiales</span> <span class='ocrx_word' id='word_1_458' title='bbox 1780 2798 1977 2849; x_wconf 89' lang='lat' dir='ltr'>debent</span> <span class='ocrx_word' id='word_1_459' title='bbox 1996 2814 2111 2849; x_wconf 91' lang='lat' dir='ltr'>esse</span> <span class='ocrx_word' id='word_1_460' title='bbox 2127 2799 2304 2859; x_wconf 78' lang='lat' dir='ltr'>miteS,</span> <span class='ocrx_word' id='word_1_461' title='bbox 2332 2799 2576 2866; x_wconf 85' lang='lat' dir='ltr'>benigni,</span> 
     </span>
     <span class='ocr_line' id='line_1_86' title="bbox 1510 2869 2576 2937; baseline 0.002 -17"><span class='ocrx_word' id='word_1_462' title='bbox 1510 2879 1563 2920; x_wconf 89' lang='lat' dir='ltr'>et</span> <span class='ocrx_word' id='word_1_463' title='bbox 1598 2869 1770 2920; x_wconf 90' lang='lat' dir='ltr'>seduli</span> <span class='ocrx_word' id='word_1_464' title='bbox 1811 2869 1948 2921; x_wconf 87' lang='lat' dir='ltr'>circa</span> <span class='ocrx_word' id='word_1_465' title='bbox 1984 2870 2263 2936; x_wconf 91' lang='lat' dir='ltr'>hospitum</span> <span class='ocrx_word' id='word_1_466' title='bbox 2304 2871 2576 2937; x_wconf 89' lang='lat' dir='ltr'>receptio-</span> 
     </span>
     <span class='ocr_line' id='line_1_87' title="bbox 1510 2942 2577 3007; baseline 0.003 -15"><span class='ocrx_word' id='word_1_467' title='bbox 1510 2958 1663 3007; x_wconf 91' lang='lat' dir='ltr'>nem;</span> <span class='ocrx_word' id='word_1_468' title='bbox 1717 2948 1771 2994; x_wconf 84' lang='lat' dir='ltr'>et</span> <span class='ocrx_word' id='word_1_469' title='bbox 1814 2942 1939 2994; x_wconf 86' lang='lat' dir='ltr'>huic</span> <span class='ocrx_word' id='word_1_470' title='bbox 1986 2948 2105 2994; x_wconf 88' lang='lat' dir='ltr'>erat</span> <span class='ocrx_word' id='word_1_471' title='bbox 2153 2957 2312 2994; x_wconf 89' lang='lat' dir='ltr'>soror</span> <span class='ocrx_word' id='word_1_472' title='bbox 2365 2945 2577 2995; x_wconf 87' lang='lat' dir='ltr'>nomine</span> 
     </span>
     <span class='ocr_line' id='line_1_88' title="bbox 1508 3011 2573 3077; baseline 0 -13"><span class='ocrx_word' id='word_1_473' title='bbox 1508 3014 1724 3077; x_wconf 89' lang='lat' dir='ltr'>Maria,</span> <span class='ocrx_word' id='word_1_474' title='bbox 1768 3028 1876 3063; x_wconf 91' lang='lat' dir='ltr'>non</span> <span class='ocrx_word' id='word_1_475' title='bbox 1920 3014 2157 3074; x_wconf 90' lang='lat' dir='ltr'>domina,</span> <span class='ocrx_word' id='word_1_476' title='bbox 2195 3011 2305 3064; x_wconf 78' lang='lat' dir='ltr'>noxi</span> <span class='ocrx_word' id='word_1_477' title='bbox 2347 3014 2573 3076; x_wconf 86' lang='lat' dir='ltr'>ancilla,</span> 
     </span>
     <span class='ocr_line' id='line_1_89' title="bbox 1508 3082 2575 3151; baseline 0.002 -17"><span class='ocrx_word' id='word_1_478' title='bbox 1508 3084 1637 3151; x_wconf 90' lang='lat' dir='ltr'>quia</span> <span class='ocrx_word' id='word_1_479' title='bbox 1674 3082 1928 3134; x_wconf 89' lang='lat' dir='ltr'>officiales</span> <span class='ocrx_word' id='word_1_480' title='bbox 1961 3084 2018 3134; x_wconf 90' lang='lat' dir='ltr'>in</span> <span class='ocrx_word' id='word_1_481' title='bbox 2057 3085 2287 3135; x_wconf 89' lang='lat' dir='ltr'>claustro</span> <span class='ocrx_word' id='word_1_482' title='bbox 2323 3101 2432 3135; x_wconf 89' lang='lat' dir='ltr'>non</span> <span class='ocrx_word' id='word_1_483' title='bbox 2472 3087 2575 3137; x_wconf 88' lang='lat' dir='ltr'>de-</span> 
     </span>
     <span class='ocr_line' id='line_1_90' title="bbox 1509 3154 2578 3217; baseline 0.003 -13"><span class='ocrx_word' id='word_1_484' title='bbox 1509 3155 1634 3204; x_wconf 89' lang='lat' dir='ltr'>bent</span> <span class='ocrx_word' id='word_1_485' title='bbox 1665 3169 1780 3204; x_wconf 89' lang='lat' dir='ltr'>esse</span> <span class='ocrx_word' id='word_1_486' title='bbox 1813 3154 2019 3205; x_wconf 88' lang='lat' dir='ltr'>domini</span> <span class='ocrx_word' id='word_1_487' title='bbox 2048 3156 2440 3217; x_wconf 87' lang='lat' dir='ltr'>claustralium,</span> <span class='ocrx_word' id='word_1_488' title='bbox 2475 3172 2578 3207; x_wconf 87' lang='lat' dir='ltr'>nec</span> 
     </span>
     <span class='ocr_line' id='line_1_91' title="bbox 1508 3227 2578 3294; baseline 0.004 -18"><span class='ocrx_word' id='word_1_489' title='bbox 1508 3241 1537 3276; x_wconf 89' lang='lat' dir='ltr'>e</span> <span class='ocrx_word' id='word_1_490' title='bbox 1564 3241 1839 3290; x_wconf 84' lang='lat' dir='ltr'>convers0,</span> <span class='ocrx_word' id='word_1_491' title='bbox 1872 3228 1966 3277; x_wconf 91' lang='lat' dir='ltr'>sed</span> <span class='ocrx_word' id='word_1_492' title='bbox 1991 3241 2178 3278; x_wconf 90' lang='lat' dir='ltr'>omnes</span> <span class='ocrx_word' id='word_1_493' title='bbox 2206 3227 2414 3288; x_wconf 87' lang='lat' dir='ltr'>fratres,</span> <span class='ocrx_word' id='word_1_494' title='bbox 2444 3229 2578 3294; x_wconf 89' lang='lat' dir='ltr'>quia</span> 
     </span>
     <span class='ocr_line' id='line_1_92' title="bbox 1507 3297 2579 3363; baseline 0.005 -16"><span class='ocrx_word' id='word_1_495' title='bbox 1507 3297 1761 3363; x_wconf 84' lang='lat' dir='ltr'>magister</span> <span class='ocrx_word' id='word_1_496' title='bbox 1817 3314 1961 3349; x_wconf 89' lang='lat' dir='ltr'>unus</span> <span class='ocrx_word' id='word_1_497' title='bbox 2019 3309 2100 3349; x_wconf 88' lang='lat' dir='ltr'>est</span> <span class='ocrx_word' id='word_1_498' title='bbox 2164 3299 2449 3359; x_wconf 65' lang='lat' dir='ltr'>Christus»,</span> <span class='ocrx_word' id='word_1_499' title='bbox 2522 3310 2579 3352; x_wconf 90' lang='lat' dir='ltr'>et</span> 
     </span>
     <span class='ocr_line' id='line_1_93' title="bbox 1505 3370 2581 3435; baseline 0.003 -16"><span class='ocrx_word' id='word_1_500' title='bbox 1505 3384 1650 3419; x_wconf 92' lang='lat' dir='ltr'>unus</span> <span class='ocrx_word' id='word_1_501' title='bbox 1685 3378 1767 3419; x_wconf 89' lang='lat' dir='ltr'>est</span> <span class='ocrx_word' id='word_1_502' title='bbox 1793 3379 1939 3435; x_wconf 91' lang='lat' dir='ltr'>pater</span> <span class='ocrx_word' id='word_1_503' title='bbox 1966 3370 2231 3430; x_wconf 80' lang='lat' dir='ltr'>ChristuS,</span> <span class='ocrx_word' id='word_1_504' title='bbox 2262 3385 2370 3420; x_wconf 89' lang='lat' dir='ltr'>una</span> <span class='ocrx_word' id='word_1_505' title='bbox 2405 3381 2581 3422; x_wconf 88' lang='lat' dir='ltr'>mater</span> 
     </span>
     <span class='ocr_line' id='line_1_94' title="bbox 1506 3442 2579 3509; baseline 0.002 -16"><span class='ocrx_word' id='word_1_506' title='bbox 1506 3442 1706 3509; x_wconf 89' lang='lat' dir='ltr'>regula.</span> <span class='ocrx_word' id='word_1_507' title='bbox 1769 3442 1905 3503; x_wconf 79' lang='lat' dir='ltr'>Qua·</span> <span class='ocrx_word' id='word_1_508' title='bbox 1961 3443 2150 3493; x_wconf 85' lang='lat' dir='ltr'>sedens</span> <span class='ocrx_word' id='word_1_509' title='bbox 2206 3456 2358 3492; x_wconf 87' lang='lat' dir='ltr'>secus</span> <span class='ocrx_word' id='word_1_510' title='bbox 2403 3443 2579 3509; x_wconf 82' lang='lat' dir='ltr'>pedes</span> 
     </span>
     <span class='ocr_line' id='line_1_95' title="bbox 1504 3512 2579 3574; baseline 0 -10"><span class='ocrx_word' id='word_1_511' title='bbox 1504 3512 1753 3574; x_wconf 88' lang='lat' dir='ltr'>Domini,</span> <span class='ocrx_word' id='word_1_512' title='bbox 1808 3512 1901 3562; x_wconf 93' lang='lat' dir='ltr'>ubi</span> <span class='ocrx_word' id='word_1_513' title='bbox 1958 3512 2278 3563; x_wconf 86' lang='lat' dir='ltr'>describitur</span> <span class='ocrx_word' id='word_1_514' title='bbox 2331 3512 2579 3564; x_wconf 88' lang='lat' dir='ltr'>officium</span> 
     </span>
     <span class='ocr_line' id='line_1_96' title="bbox 1507 3582 2578 3649; baseline 0 -15"><span class='ocrx_word' id='word_1_515' title='bbox 1507 3582 1888 3643; x_wconf 89' lang='lat' dir='ltr'>claustralium,</span> <span class='ocrx_word' id='word_1_516' title='bbox 1921 3583 2124 3634; x_wconf 87' lang='lat' dir='ltr'>scilicet</span> <span class='ocrx_word' id='word_1_517' title='bbox 2157 3584 2356 3643; x_wconf 90' lang='lat' dir='ltr'>sedere,</span> <span class='ocrx_word' id='word_1_518' title='bbox 2381 3592 2578 3649; x_wconf 88' lang='lat' dir='ltr'>tacere,</span> 
     </span>
     <span class='ocr_line' id='line_1_97' title="bbox 1508 3655 2580 3721; baseline 0 -15"><span class='ocrx_word' id='word_1_519' title='bbox 1508 3656 1781 3717; x_wconf 84' lang='lat' dir='ltr'>meditare,</span> <span class='ocrx_word' id='word_1_520' title='bbox 1813 3655 1996 3706; x_wconf 86' lang='lat' dir='ltr'>audire</span> <span class='ocrx_word' id='word_1_521' title='bbox 2019 3655 2313 3706; x_wconf 88' lang='lat' dir='ltr'>Dominum</span> <span class='ocrx_word' id='word_1_522' title='bbox 2339 3656 2580 3721; x_wconf 85' lang='lat' dir='ltr'>loquen-</span> 
     </span>
     <span class='ocr_line' id='line_1_98' title="bbox 1507 3724 2581 3792; baseline 0 -16"><span class='ocrx_word' id='word_1_523' title='bbox 1507 3735 1616 3777; x_wconf 89' lang='lat' dir='ltr'>tem</span> <span class='ocrx_word' id='word_1_524' title='bbox 1664 3725 1722 3775; x_wconf 89' lang='lat' dir='ltr'>in</span> <span class='ocrx_word' id='word_1_525' title='bbox 1770 3725 2042 3792; x_wconf 88' lang='lat' dir='ltr'>Scriptura</span> <span class='ocrx_word' id='word_1_526' title='bbox 2101 3735 2153 3775; x_wconf 91' lang='lat' dir='ltr'>et</span> <span class='ocrx_word' id='word_1_527' title='bbox 2207 3724 2263 3775; x_wconf 88' lang='lat' dir='ltr'>in</span> <span class='ocrx_word' id='word_1_528' title='bbox 2319 3724 2581 3776; x_wconf 85' lang='lat' dir='ltr'>cordibus</span> 
     </span>
     <span class='ocr_line' id='line_1_99' title="bbox 1507 3797 2578 3863; baseline 0 -15"><span class='ocrx_word' id='word_1_529' title='bbox 1507 3814 1713 3848; x_wconf 89' lang='lat' dir='ltr'>eorum.</span> <span class='ocrx_word' id='word_1_530' title='bbox 1770 3798 1872 3848; x_wconf 86' lang='lat' dir='ltr'>Sed</span> <span class='ocrx_word' id='word_1_531' title='bbox 1926 3798 2134 3848; x_wconf 88' lang='lat' dir='ltr'>Martha</span> <span class='ocrx_word' id='word_1_532' title='bbox 2185 3797 2578 3863; x_wconf 88' lang='lat' dir='ltr'>conqueritur,</span> 
     </span>
     <span class='ocr_line' id='line_1_100' title="bbox 1506 3867 2577 3935; baseline 0.001 -16"><span class='ocrx_word' id='word_1_533' title='bbox 1506 3868 1690 3921; x_wconf 89' lang='lat' dir='ltr'>dicens</span> <span class='ocrx_word' id='word_1_534' title='bbox 1719 3884 1733 3919; x_wconf 71' lang='grc' dir='ltr'><em>τ</em></span> <span class='ocrx_word' id='word_1_535' title='bbox 1762 3868 2008 3931; x_wconf 84' lang='lat' dir='ltr'>Domine,</span> <span class='ocrx_word' id='word_1_536' title='bbox 2033 3882 2135 3919; x_wconf 83' lang='lat' dir='ltr'>non</span> <span class='ocrx_word' id='word_1_537' title='bbox 2171 3874 2253 3920; x_wconf 88' lang='lat' dir='ltr'>est</span> <span class='ocrx_word' id='word_1_538' title='bbox 2276 3867 2373 3918; x_wconf 82' lang='lat' dir='ltr'>tibi</span> <span class='ocrx_word' id='word_1_539' title='bbox 2402 3881 2577 3935; x_wconf 83' lang='lat' dir='ltr'>curoe,</span> 
     </span>
    </p>
   </div>
  </div>
 </body>
</html>
