<?xml version="1.0" encoding="UTF-8"?>
<!DOCTYPE html PUBLIC "-//W3C//DTD XHTML 1.0 Transitional//EN"
    "http://www.w3.org/TR/xhtml1/DTD/xhtml1-transitional.dtd">
<html xmlns="http://www.w3.org/1999/xhtml" xml:lang="en" lang="en">
 <head>
  <title>
</title>
<meta http-equiv="Content-Type" content="text/html;charset=utf-8" />
  <meta name='ocr-system' content='tesseract 3.04.00' />
  <meta name='ocr-capabilities' content='ocr_page ocr_carea ocr_par ocr_line ocrx_word'/>
</head>
<body>
  <div class='ocr_page' id='page_1' title='image "./vitajesuchristi01sachgoog_0023.png"; bbox 0 0 2757 4413; ppageno 0'>
   <div class='ocr_carea' id='block_1_1' title="bbox 164 291 2130 477">
    <p class='ocr_par' dir='ltr' id='par_1_1' title="bbox 164 291 2130 477">
     <span class='ocr_line' id='line_1_1' title="bbox 406 291 2130 349; baseline 0.002 -6"><span class='ocrx_word' id='word_1_1' title='bbox 406 292 500 343; x_wconf 88' lang='lat' dir='ltr'><strong>DE</strong></span> <span class='ocrx_word' id='word_1_2' title='bbox 528 291 858 343; x_wconf 87' lang='lat' dir='ltr'><strong>MISSIONE</strong></span> <span class='ocrx_word' id='word_1_3' title='bbox 886 291 1423 344; x_wconf 79' lang='lat' dir='ltr'><strong>APOSTOLORUM</strong></span> <span class='ocrx_word' id='word_1_4' title='bbox 1451 294 1549 345; x_wconf 85' lang='lat' dir='ltr'><strong>AD</strong></span> <span class='ocrx_word' id='word_1_5' title='bbox 1580 296 2130 349; x_wconf 81' lang='lat' dir='ltr'><strong>PRAEDICANDUM.</strong></span> 
     </span>
     <span class='ocr_line' id='line_1_2' title="bbox 164 409 1226 477; baseline -0.005 -13"><span class='ocrx_word' id='word_1_6' title='bbox 164 413 324 464; x_wconf 75' lang='lat' dir='ltr'><strong>decim</strong></span> <span class='ocrx_word' id='word_1_7' title='bbox 358 410 656 477; x_wconf 75' lang='lat' dir='ltr'><strong>ApostoliS,</strong></span> <span class='ocrx_word' id='word_1_8' title='bbox 688 409 836 460; x_wconf 79' lang='lat' dir='ltr'><strong>dedit</strong></span> <span class='ocrx_word' id='word_1_9' title='bbox 868 409 948 460; x_wconf 79' lang='lat' dir='ltr'><strong>eis</strong></span> <span class='ocrx_word' id='word_1_10' title='bbox 973 415 1226 476; x_wconf 80' lang='lat' dir='ltr'><strong>potesta-</strong></span> 
     </span>
    </p>
   </div>
   <div class='ocr_carea' id='block_1_2' title="bbox 2298 300 2412 365">
    <p class='ocr_par' dir='ltr' id='par_1_2' title="bbox 2298 300 2412 365">
     <span class='ocr_line' id='line_1_3' title="bbox 2298 300 2412 365; baseline 0 -15"><span class='ocrx_word' id='word_1_11' title='bbox 2298 300 2412 365; x_wconf 72' lang='lat'><strong>465</strong></span> 
     </span>
    </p>
   </div>
   <div class='ocr_carea' id='block_1_3' title="bbox 1336 414 2401 481">
    <p class='ocr_par' dir='ltr' id='par_1_3' title="bbox 1336 414 2401 481">
     <span class='ocr_line' id='line_1_4' title="bbox 1336 414 2401 481; baseline 0.008 -23"><span class='ocrx_word' id='word_1_12' title='bbox 1336 425 1491 475; x_wconf 88' lang='lat' dir='ltr'><strong>num,</strong></span> <span class='ocrx_word' id='word_1_13' title='bbox 1545 421 1600 463; x_wconf 88' lang='lat' dir='ltr'><strong>et</strong></span> <span class='ocrx_word' id='word_1_14' title='bbox 1639 414 1863 465; x_wconf 83' lang='lat' dir='ltr'><strong>sanandi</strong></span> <span class='ocrx_word' id='word_1_15' title='bbox 1903 414 2190 481; x_wconf 82' lang='lat' dir='ltr'><strong>languores</strong></span> <span class='ocrx_word' id='word_1_16' title='bbox 2236 416 2401 467; x_wconf 85' lang='lat' dir='ltr'><strong>vitio-</strong></span> 
     </span>
    </p>
   </div>
   <div class='ocr_carea' id='block_1_4' title="bbox 162 481 1476 548">
    <p class='ocr_par' dir='ltr' id='par_1_4' title="bbox 162 481 1476 548">
     <span class='ocr_line' id='line_1_5' title="bbox 162 481 1476 548; baseline -0.004 -12"><span class='ocrx_word' id='word_1_17' title='bbox 162 491 261 536; x_wconf 74' lang='lat' dir='ltr'><strong>tem</strong></span> <span class='ocrx_word' id='word_1_18' title='bbox 318 481 565 548; x_wconf 86' lang='lat' dir='ltr'><strong>ejiciendi</strong></span> <span class='ocrx_word' id='word_1_19' title='bbox 626 482 852 548; x_wconf 67' lang='lat' dir='ltr'><strong>spiritus</strong></span> <span class='ocrx_word' id='word_1_20' title='bbox 911 482 1224 533; x_wconf 85' lang='lat' dir='ltr'><strong>immundos</strong></span> <span class='ocrx_word' id='word_1_21' title='bbox 1328 495 1476 531; x_wconf 88' lang='lat' dir='ltr'><strong>rum.</strong></span> 
     </span>
    </p>
   </div>
   <div class='ocr_carea' id='block_1_5' title="bbox 95 556 1222 3989">
    <p class='ocr_par' dir='ltr' id='par_1_5' title="bbox 95 556 1222 3989">
     <span class='ocr_line' id='line_1_6' title="bbox 156 556 1222 616; baseline -0.003 -7"><span class='ocrx_word' id='word_1_22' title='bbox 156 558 225 609; x_wconf 75' lang='lat' dir='ltr'><strong>ab</strong></span> <span class='ocrx_word' id='word_1_23' title='bbox 251 556 506 616; x_wconf 80' lang='lat' dir='ltr'><strong>obsessiS,</strong></span> <span class='ocrx_word' id='word_1_24' title='bbox 532 562 585 606; x_wconf 85' lang='lat' dir='ltr'><strong>et</strong></span> <span class='ocrx_word' id='word_1_25' title='bbox 611 556 841 606; x_wconf 79' lang='lat' dir='ltr'><strong>curandi</strong></span> <span class='ocrx_word' id='word_1_26' title='bbox 866 570 1070 607; x_wconf 64' lang='lat' dir='ltr'><strong>ornnem</strong></span> <span class='ocrx_word' id='word_1_27' title='bbox 1099 556 1222 606; x_wconf 75' lang='lat' dir='ltr'><strong>lan-</strong></span> 
     </span>
     <span class='ocr_line' id='line_1_7' title="bbox 153 625 1220 694; baseline -0.003 -16"><span class='ocrx_word' id='word_1_28' title='bbox 153 642 370 694; x_wconf 73' lang='lat' dir='ltr'><strong>guorem</strong></span> <span class='ocrx_word' id='word_1_29' title='bbox 414 642 704 692; x_wconf 81' lang='lat' dir='ltr'><strong>corporum</strong></span> <span class='ocrx_word' id='word_1_30' title='bbox 751 632 804 676; x_wconf 88' lang='lat' dir='ltr'><strong>et</strong></span> <span class='ocrx_word' id='word_1_31' title='bbox 850 625 1220 694; x_wconf 77' lang='lat' dir='ltr'><strong>infirmitatem</strong></span> 
     </span>
     <span class='ocr_line' id='line_1_8' title="bbox 147 695 1215 762; baseline -0.003 -13"><span class='ocrx_word' id='word_1_32' title='bbox 147 698 445 749; x_wconf 84' lang='lat' dir='ltr'><strong>animarum</strong></span> <span class='ocrx_word' id='word_1_33' title='bbox 479 715 493 747; x_wconf 74' lang='grc' dir='ltr'>ε</span> <span class='ocrx_word' id='word_1_34' title='bbox 526 712 650 762; x_wconf 79' lang='lat' dir='ltr'><strong>quae</strong></span> <span class='ocrx_word' id='word_1_35' title='bbox 689 696 912 761; x_wconf 89' lang='lat' dir='ltr'><strong>quidem</strong></span> <span class='ocrx_word' id='word_1_36' title='bbox 948 695 1215 746; x_wconf 81' lang='lat' dir='ltr'>Dominus</span> 
     </span>
     <span class='ocr_line' id='line_1_9' title="bbox 151 765 1217 833; baseline -0.002 -14"><span class='ocrx_word' id='word_1_37' title='bbox 151 766 269 819; x_wconf 80' lang='lat' dir='ltr'><strong>facit</strong></span> <span class='ocrx_word' id='word_1_38' title='bbox 296 768 637 833; x_wconf 79' lang='lat' dir='ltr'><strong>potestative,</strong></span> <span class='ocrx_word' id='word_1_39' title='bbox 669 767 760 817; x_wconf 87' lang='lat' dir='ltr'><strong>sed</strong></span> <span class='ocrx_word' id='word_1_40' title='bbox 790 766 1042 832; x_wconf 90' lang='lat' dir='ltr'><strong>discipuli</strong></span> <span class='ocrx_word' id='word_1_41' title='bbox 1080 765 1217 817; x_wconf 89' lang='lat' dir='ltr'><strong>fece-</strong></span> 
     </span>
     <span class='ocr_line' id='line_1_10' title="bbox 148 837 1217 902; baseline -0.001 -13"><span class='ocrx_word' id='word_1_42' title='bbox 148 849 270 889; x_wconf 88' lang='lat' dir='ltr'><strong>runt</strong></span> <span class='ocrx_word' id='word_1_43' title='bbox 304 838 362 887; x_wconf 89' lang='lat' dir='ltr'><strong>in</strong></span> <span class='ocrx_word' id='word_1_44' title='bbox 397 838 515 902; x_wconf 85' lang='lat' dir='ltr'><strong>ejus</strong></span> <span class='ocrx_word' id='word_1_45' title='bbox 570 837 811 897; x_wconf 87' lang='lat' dir='ltr'><strong>nomine,</strong></span> <span class='ocrx_word' id='word_1_46' title='bbox 850 837 905 887; x_wconf 93' lang='lat' dir='ltr'><strong>id</strong></span> <span class='ocrx_word' id='word_1_47' title='bbox 950 847 1031 889; x_wconf 90' lang='lat' dir='ltr'><strong>est</strong></span> <span class='ocrx_word' id='word_1_48' title='bbox 1058 838 1217 888; x_wconf 70' lang='lat' dir='ltr'><strong>invo-</strong></span> 
     </span>
     <span class='ocr_line' id='line_1_11' title="bbox 147 910 1215 962; baseline 0 -1"><span class='ocrx_word' id='word_1_49' title='bbox 147 912 345 961; x_wconf 79' lang='lat' dir='ltr'><strong>catione</strong></span> <span class='ocrx_word' id='word_1_50' title='bbox 406 921 461 961; x_wconf 91' lang='lat' dir='ltr'><strong>et</strong></span> <span class='ocrx_word' id='word_1_51' title='bbox 515 910 732 962; x_wconf 88' lang='lat' dir='ltr'><strong>virtute.</strong></span> <span class='ocrx_word' id='word_1_52' title='bbox 782 910 938 961; x_wconf 87' lang='lat' dir='ltr'><strong>Unde</strong></span> <span class='ocrx_word' id='word_1_53' title='bbox 986 910 1140 961; x_wconf 60' lang='lat' dir='ltr'><strong>Beda</strong></span> <span class='ocrx_word' id='word_1_54' title='bbox 1182 929 1215 961; x_wconf 84' lang='lat'><strong>-:</strong></span> 
     </span>
     <span class='ocr_line' id='line_1_12' title="bbox 143 980 1214 1046; baseline 0.002 -17"><span class='ocrx_word' id='word_1_55' title='bbox 143 1000 170 1028; x_wconf 76' lang='grc' dir='ltr'><strong>αι</strong></span> <span class='ocrx_word' id='word_1_56' title='bbox 214 980 495 1046; x_wconf 89' lang='lat' dir='ltr'><strong>Benignus</strong></span> <span class='ocrx_word' id='word_1_57' title='bbox 543 991 594 1031; x_wconf 92' lang='lat' dir='ltr'><strong>et</strong></span> <span class='ocrx_word' id='word_1_58' title='bbox 658 982 896 1031; x_wconf 76' lang='lat' dir='ltr'><strong>clemens</strong></span> <span class='ocrx_word' id='word_1_59' title='bbox 944 981 1214 1032; x_wconf 79' lang='lat' dir='ltr'><strong>Dominus</strong></span> 
     </span>
     <span class='ocr_line' id='line_1_13' title="bbox 141 1053 1210 1119; baseline -0.001 -14"><span class='ocrx_word' id='word_1_60' title='bbox 141 1069 243 1105; x_wconf 87' lang='lat' dir='ltr'><strong>non</strong></span> <span class='ocrx_word' id='word_1_61' title='bbox 278 1054 493 1104; x_wconf 87' lang='lat' dir='ltr'><strong>invidet</strong></span> <span class='ocrx_word' id='word_1_62' title='bbox 531 1053 701 1104; x_wconf 84' lang='lat' dir='ltr'><strong>servis</strong></span> <span class='ocrx_word' id='word_1_63' title='bbox 742 1063 900 1119; x_wconf 87' lang='lat' dir='ltr'><strong>atque</strong></span> <span class='ocrx_word' id='word_1_64' title='bbox 929 1053 1210 1119; x_wconf 81' lang='lat' dir='ltr'>discipulis</span> 
     </span>
     <span class='ocr_line' id='line_1_14' title="bbox 139 1123 1210 1189; baseline 0.001 -14"><span class='ocrx_word' id='word_1_65' title='bbox 139 1125 359 1175; x_wconf 78' lang='lat' dir='ltr'><strong>virtutes</strong></span> <span class='ocrx_word' id='word_1_66' title='bbox 386 1140 533 1174; x_wconf 87' lang='lat' dir='ltr'><strong>suas.</strong></span> <span class='ocrx_word' id='word_1_67' title='bbox 569 1125 633 1175; x_wconf 91' lang='lat' dir='ltr'><strong>Et</strong></span> <span class='ocrx_word' id='word_1_68' title='bbox 664 1123 805 1174; x_wconf 87' lang='lat' dir='ltr'><strong>sicut</strong></span> <span class='ocrx_word' id='word_1_69' title='bbox 847 1124 962 1189; x_wconf 84' lang='lat' dir='ltr'><strong>ipse</strong></span> <span class='ocrx_word' id='word_1_70' title='bbox 990 1139 1210 1176; x_wconf 75' lang='lat' dir='ltr'><strong>curave-</strong></span> 
     </span>
     <span class='ocr_line' id='line_1_15' title="bbox 136 1196 1207 1259; baseline 0 -13"><span class='ocrx_word' id='word_1_71' title='bbox 136 1206 211 1246; x_wconf 85' lang='lat' dir='ltr'><strong>rat</strong></span> <span class='ocrx_word' id='word_1_72' title='bbox 264 1210 494 1245; x_wconf 87' lang='lat' dir='ltr'><strong>omnem</strong></span> <span class='ocrx_word' id='word_1_73' title='bbox 540 1196 857 1259; x_wconf 84' lang='lat' dir='ltr'><strong>languorem</strong></span> <span class='ocrx_word' id='word_1_74' title='bbox 894 1205 947 1245; x_wconf 86' lang='lat' dir='ltr'><strong>et</strong></span> <span class='ocrx_word' id='word_1_75' title='bbox 985 1210 1207 1246; x_wconf 87' lang='lat' dir='ltr'><strong>omnem</strong></span> 
     </span>
     <span class='ocr_line' id='line_1_16' title="bbox 134 1266 1208 1334; baseline -0.001 -15"><span class='ocrx_word' id='word_1_76' title='bbox 134 1267 521 1328; x_wconf 87' lang='lat' dir='ltr'><strong>infirmitatem,</strong></span> <span class='ocrx_word' id='word_1_77' title='bbox 543 1266 819 1333; x_wconf 83' lang='lat' dir='ltr'><strong>Apostolis</strong></span> <span class='ocrx_word' id='word_1_78' title='bbox 843 1283 1063 1334; x_wconf 89' lang='lat' dir='ltr'><strong>quoque</strong></span> <span class='ocrx_word' id='word_1_79' title='bbox 1092 1268 1208 1319; x_wconf 80' lang='lat' dir='ltr'><strong>suis</strong></span> 
     </span>
     <span class='ocr_line' id='line_1_17' title="bbox 132 1339 1209 1406; baseline 0.001 -16"><span class='ocrx_word' id='word_1_80' title='bbox 132 1339 268 1390; x_wconf 83' lang='lat' dir='ltr'><strong>dedit</strong></span> <span class='ocrx_word' id='word_1_81' title='bbox 297 1349 647 1406; x_wconf 89' lang='lat' dir='ltr'><strong>potestatem,</strong></span> <span class='ocrx_word' id='word_1_82' title='bbox 679 1348 739 1389; x_wconf 91' lang='lat' dir='ltr'><strong>ut</strong></span> <span class='ocrx_word' id='word_1_83' title='bbox 775 1350 962 1390; x_wconf 90' lang='lat' dir='ltr'><strong>curent</strong></span> <span class='ocrx_word' id='word_1_84' title='bbox 1005 1344 1209 1391; x_wconf 81' lang='lat' dir='ltr'><strong>omnem</strong></span> 
     </span>
     <span class='ocr_line' id='line_1_18' title="bbox 130 1412 1204 1479; baseline 0.003 -17"><span class='ocrx_word' id='word_1_85' title='bbox 130 1412 446 1479; x_wconf 74' lang='lat' dir='ltr'><strong>languorem</strong></span> <span class='ocrx_word' id='word_1_86' title='bbox 484 1417 538 1462; x_wconf 81' lang='lat' dir='ltr'><strong>et</strong></span> <span class='ocrx_word' id='word_1_87' title='bbox 581 1426 783 1461; x_wconf 74' lang='lat' dir='ltr'><strong>omnem</strong></span> <span class='ocrx_word' id='word_1_88' title='bbox 822 1412 1204 1478; x_wconf 76' lang='lat' dir='ltr'><strong>infirmitatem.</strong></span> 
     </span>
     <span class='ocr_line' id='line_1_19' title="bbox 125 1482 1204 1536; baseline 0 -1"><span class='ocrx_word' id='word_1_89' title='bbox 125 1484 224 1535; x_wconf 88' lang='lat' dir='ltr'><strong>Sed</strong></span> <span class='ocrx_word' id='word_1_90' title='bbox 262 1485 442 1535; x_wconf 89' lang='lat' dir='ltr'><strong>multa</strong></span> <span class='ocrx_word' id='word_1_91' title='bbox 479 1482 736 1533; x_wconf 87' lang='lat' dir='ltr'>distantia</span> <span class='ocrx_word' id='word_1_92' title='bbox 784 1494 865 1534; x_wconf 56' lang='lat' dir='ltr'><strong>est</strong></span> <span class='ocrx_word' id='word_1_93' title='bbox 907 1484 1050 1535; x_wconf 90' lang='lat' dir='ltr'><strong>inter</strong></span> <span class='ocrx_word' id='word_1_94' title='bbox 1095 1485 1204 1536; x_wconf 85' lang='lat' dir='ltr'><strong>ha·-</strong></span> 
     </span>
     <span class='ocr_line' id='line_1_20' title="bbox 127 1554 1202 1613; baseline 0.001 -8"><span class='ocrx_word' id='word_1_95' title='bbox 127 1554 242 1606; x_wconf 88' lang='lat' dir='ltr'><strong>bere</strong></span> <span class='ocrx_word' id='word_1_96' title='bbox 283 1566 341 1605; x_wconf 88' lang='lat' dir='ltr'><strong>et</strong></span> <span class='ocrx_word' id='word_1_97' title='bbox 389 1554 657 1613; x_wconf 89' lang='lat' dir='ltr'><strong>tribuere,</strong></span> <span class='ocrx_word' id='word_1_98' title='bbox 699 1554 899 1605; x_wconf 83' lang='lat' dir='ltr'><strong>donare</strong></span> <span class='ocrx_word' id='word_1_99' title='bbox 960 1566 1015 1606; x_wconf 88' lang='lat' dir='ltr'><strong>et</strong></span> <span class='ocrx_word' id='word_1_100' title='bbox 1059 1555 1202 1606; x_wconf 81' lang='lat' dir='ltr'><strong>acci-</strong></span> 
     </span>
     <span class='ocr_line' id='line_1_21' title="bbox 124 1626 1202 1692; baseline 0.002 -16"><span class='ocrx_word' id='word_1_101' title='bbox 124 1641 258 1691; x_wconf 85' lang='lat' dir='ltr'><strong>pere.</strong></span> <span class='ocrx_word' id='word_1_102' title='bbox 302 1628 414 1677; x_wconf 87' lang='lat' dir='ltr'><strong>Iste</strong></span> <span class='ocrx_word' id='word_1_103' title='bbox 468 1626 834 1692; x_wconf 89' lang='lat' dir='ltr'><strong>quodcunque</strong></span> <span class='ocrx_word' id='word_1_104' title='bbox 877 1626 1003 1692; x_wconf 83' lang='lat' dir='ltr'><strong>agit,</strong></span> <span class='ocrx_word' id='word_1_105' title='bbox 1049 1636 1202 1692; x_wconf 90' lang='lat' dir='ltr'><strong>pote-</strong></span> 
     </span>
     <span class='ocr_line' id='line_1_22' title="bbox 121 1696 1198 1763; baseline 0.002 -18"><span class='ocrx_word' id='word_1_106' title='bbox 121 1706 247 1748; x_wconf 85' lang='lat' dir='ltr'><strong>state</strong></span> <span class='ocrx_word' id='word_1_107' title='bbox 300 1697 459 1763; x_wconf 84' lang='lat' dir='ltr'><strong>agit;</strong></span> <span class='ocrx_word' id='word_1_108' title='bbox 528 1696 608 1746; x_wconf 91' lang='lat' dir='ltr'><strong>illi</strong></span> <span class='ocrx_word' id='word_1_109' title='bbox 663 1696 708 1747; x_wconf 89' lang='lat' dir='ltr'><strong>si</strong></span> <span class='ocrx_word' id='word_1_110' title='bbox 766 1696 898 1761; x_wconf 89' lang='lat' dir='ltr'><strong>quid</strong></span> <span class='ocrx_word' id='word_1_111' title='bbox 960 1696 1162 1748; x_wconf 88' lang='lat' dir='ltr'><strong>faciunt</strong></span> <span class='ocrx_word' id='word_1_112' title='bbox 1184 1735 1198 1756; x_wconf 88' lang='lat'><strong>,</strong></span> 
     </span>
     <span class='ocr_line' id='line_1_23' title="bbox 118 1766 1198 1819; baseline 0.004 -4"><span class='ocrx_word' id='word_1_113' title='bbox 118 1766 554 1819; x_wconf 87' lang='lat' dir='ltr'><strong>imbecillitatem</strong></span> <span class='ocrx_word' id='word_1_114' title='bbox 620 1784 774 1818; x_wconf 89' lang='lat' dir='ltr'><strong>suam</strong></span> <span class='ocrx_word' id='word_1_115' title='bbox 840 1778 894 1819; x_wconf 91' lang='lat' dir='ltr'><strong>et</strong></span> <span class='ocrx_word' id='word_1_116' title='bbox 941 1769 1198 1819; x_wconf 75' lang='lat' dir='ltr'><strong>virtutem</strong></span> 
     </span>
     <span class='ocr_line' id='line_1_24' title="bbox 116 1837 1197 1900; baseline 0.004 -13"><span class='ocrx_word' id='word_1_117' title='bbox 116 1837 343 1888; x_wconf 86' lang='lat' dir='ltr'>Domini</span> <span class='ocrx_word' id='word_1_118' title='bbox 386 1837 739 1900; x_wconf 83' lang='lat' dir='ltr'><strong>confitentur,</strong></span> <span class='ocrx_word' id='word_1_119' title='bbox 780 1838 1019 1890; x_wconf 86' lang='lat' dir='ltr'><strong>dicentes</strong></span> <span class='ocrx_word' id='word_1_120' title='bbox 1067 1856 1081 1891; x_wconf 74' lang='grc' dir='ltr'><strong><em>ε</em></strong></span> <span class='ocrx_word' id='word_1_121' title='bbox 1131 1841 1197 1891; x_wconf 84' lang='lat' dir='ltr'><strong>In</strong></span> 
     </span>
     <span class='ocr_line' id='line_1_25' title="bbox 115 1913 1194 1977; baseline -0.002 -16"><span class='ocrx_word' id='word_1_122' title='bbox 115 1913 326 1962; x_wconf 63' lang='lat' dir='ltr'><strong>nornine</strong></span> <span class='ocrx_word' id='word_1_123' title='bbox 368 1913 530 1973; x_wconf 77' lang='lat' dir='ltr'><strong>Jesu,</strong></span> <span class='ocrx_word' id='word_1_124' title='bbox 577 1926 749 1977; x_wconf 81' lang='lat' dir='ltr'><strong>surge</strong></span> <span class='ocrx_word' id='word_1_125' title='bbox 782 1918 837 1963; x_wconf 80' lang='lat' dir='ltr'><strong>et</strong></span> <span class='ocrx_word' id='word_1_126' title='bbox 870 1914 1083 1964; x_wconf 82' lang='lat' dir='ltr'><strong>ambula</strong></span> <span class='ocrx_word' id='word_1_127' title='bbox 1120 1932 1139 1964; x_wconf 90' lang='lat'><strong>.·</strong></span> <span class='ocrx_word' id='word_1_128' title='bbox 1169 1935 1194 1959; x_wconf 69' lang='grc' dir='ltr'><strong>ι.</strong></span> 
     </span>
     <span class='ocr_line' id='line_1_26' title="bbox 114 1981 1193 2036; baseline 0.003 -4"><span class='ocrx_word' id='word_1_129' title='bbox 114 1981 221 2032; x_wconf 84' lang='lat' dir='ltr'><strong>haec</strong></span> <span class='ocrx_word' id='word_1_130' title='bbox 281 1982 462 2033; x_wconf 84' lang='lat' dir='ltr'><strong>Beda.</strong></span> <span class='ocrx_word' id='word_1_131' title='bbox 521 1982 621 2032; x_wconf 91' lang='lat' dir='ltr'><strong>Per</strong></span> <span class='ocrx_word' id='word_1_132' title='bbox 676 1982 842 2033; x_wconf 87' lang='lat' dir='ltr'><strong>istum</strong></span> <span class='ocrx_word' id='word_1_133' title='bbox 906 1999 1193 2036; x_wconf 86' lang='lat' dir='ltr'><strong>numerum</strong></span> 
     </span>
     <span class='ocr_line' id='line_1_27' title="bbox 116 2053 1194 2120; baseline 0.003 -17"><span class='ocrx_word' id='word_1_134' title='bbox 116 2053 505 2119; x_wconf 78' lang='lat' dir='ltr'><strong>Apostolorum</strong></span> <span class='ocrx_word' id='word_1_135' title='bbox 600 2053 990 2104; x_wconf 86' lang='lat' dir='ltr'><strong>duodenarium</strong></span> <span class='ocrx_word' id='word_1_136' title='bbox 1019 2092 1033 2113; x_wconf 95' lang='lat'><strong>,</strong></span> <span class='ocrx_word' id='word_1_137' title='bbox 1098 2055 1194 2120; x_wconf 88' lang='lat' dir='ltr'><strong>qui</strong></span> 
     </span>
     <span class='ocr_line' id='line_1_28' title="bbox 122 2124 1192 2190; baseline 0 -15"><span class='ocrx_word' id='word_1_138' title='bbox 122 2124 463 2190; x_wconf 82' lang='lat' dir='ltr'><strong>componitur</strong></span> <span class='ocrx_word' id='word_1_139' title='bbox 504 2139 569 2174; x_wconf 84' lang='lat' dir='ltr'><strong>ex</strong></span> <span class='ocrx_word' id='word_1_140' title='bbox 612 2124 832 2174; x_wconf 88' lang='lat' dir='ltr'><strong>denario</strong></span> <span class='ocrx_word' id='word_1_141' title='bbox 865 2134 917 2176; x_wconf 84' lang='lat' dir='ltr'><strong>et</strong></span> <span class='ocrx_word' id='word_1_142' title='bbox 963 2125 1192 2185; x_wconf 87' lang='lat' dir='ltr'><strong>binari0,</strong></span> 
     </span>
     <span class='ocr_line' id='line_1_29' title="bbox 124 2194 1192 2261; baseline 0.002 -15"><span class='ocrx_word' id='word_1_143' title='bbox 124 2195 453 2261; x_wconf 87' lang='lat' dir='ltr'><strong>significatur</strong></span> <span class='ocrx_word' id='word_1_144' title='bbox 482 2194 629 2260; x_wconf 90' lang='lat' dir='ltr'><strong>quod</strong></span> <span class='ocrx_word' id='word_1_145' title='bbox 657 2194 898 2260; x_wconf 79' lang='lat' dir='ltr'><strong>Apostoli</strong></span> <span class='ocrx_word' id='word_1_146' title='bbox 929 2204 982 2246; x_wconf 91' lang='lat' dir='ltr'><strong>et</strong></span> <span class='ocrx_word' id='word_1_147' title='bbox 1004 2212 1192 2248; x_wconf 88' lang='lat' dir='ltr'><strong>eorum</strong></span> 
     </span>
     <span class='ocr_line' id='line_1_30' title="bbox 119 2266 1192 2331; baseline 0.002 -15"><span class='ocrx_word' id='word_1_148' title='bbox 119 2281 452 2317; x_wconf 77' lang='lat' dir='ltr'><strong>successores</strong></span> <span class='ocrx_word' id='word_1_149' title='bbox 481 2266 680 2317; x_wconf 91' lang='lat' dir='ltr'><strong>debent</strong></span> <span class='ocrx_word' id='word_1_150' title='bbox 719 2281 825 2331; x_wconf 86' lang='lat' dir='ltr'><strong>prae</strong></span> <span class='ocrx_word' id='word_1_151' title='bbox 852 2266 1045 2318; x_wconf 85' lang='lat' dir='ltr'><strong>ceteris</strong></span> <span class='ocrx_word' id='word_1_152' title='bbox 1082 2268 1192 2318; x_wconf 89' lang='lat' dir='ltr'><strong>im-</strong></span> 
     </span>
     <span class='ocr_line' id='line_1_31' title="bbox 122 2338 1194 2406; baseline 0.004 -17"><span class='ocrx_word' id='word_1_153' title='bbox 122 2339 257 2403; x_wconf 86' lang='lat' dir='ltr'><strong>plere</strong></span> <span class='ocrx_word' id='word_1_154' title='bbox 298 2339 629 2405; x_wconf 86' lang='lat' dir='ltr'><strong>Decalogum</strong></span> <span class='ocrx_word' id='word_1_155' title='bbox 656 2338 814 2405; x_wconf 84' lang='lat' dir='ltr'><strong>Legis</strong></span> <span class='ocrx_word' id='word_1_156' title='bbox 844 2348 895 2389; x_wconf 91' lang='lat' dir='ltr'><strong>et</strong></span> <span class='ocrx_word' id='word_1_157' title='bbox 920 2339 1030 2390; x_wconf 90' lang='lat' dir='ltr'><strong>duo</strong></span> <span class='ocrx_word' id='word_1_158' title='bbox 1060 2357 1194 2406; x_wconf 79' lang='lat' dir='ltr'><strong>prae-</strong></span> 
     </span>
     <span class='ocr_line' id='line_1_32' title="bbox 118 2410 1187 2478; baseline 0.005 -18"><span class='ocrx_word' id='word_1_159' title='bbox 118 2421 264 2476; x_wconf 90' lang='lat' dir='ltr'><strong>cepta</strong></span> <span class='ocrx_word' id='word_1_160' title='bbox 298 2410 556 2462; x_wconf 86' lang='lat' dir='ltr'><strong>caritatis.</strong></span> <span class='ocrx_word' id='word_1_161' title='bbox 576 2412 652 2461; x_wconf 81' lang='lat' dir='ltr'><strong>Et</strong></span> <span class='ocrx_word' id='word_1_162' title='bbox 686 2412 834 2463; x_wconf 80' lang='lat' dir='ltr'><strong>misit</strong></span> <span class='ocrx_word' id='word_1_163' title='bbox 860 2411 986 2464; x_wconf 81' lang='lat' dir='ltr'><strong>illos</strong></span> <span class='ocrx_word' id='word_1_164' title='bbox 1020 2414 1187 2478; x_wconf 72' lang='lat' dir='ltr'><strong>binoS,</strong></span> 
     </span>
     <span class='ocr_line' id='line_1_33' title="bbox 117 2483 1190 2552; baseline 0.005 -18"><span class='ocrx_word' id='word_1_165' title='bbox 117 2483 172 2534; x_wconf 86' lang='lat' dir='ltr'><strong>in</strong></span> <span class='ocrx_word' id='word_1_166' title='bbox 222 2484 447 2549; x_wconf 84' lang='lat' dir='ltr'><strong>signum</strong></span> <span class='ocrx_word' id='word_1_167' title='bbox 495 2484 750 2546; x_wconf 88' lang='lat' dir='ltr'><strong>caritatis,</strong></span> <span class='ocrx_word' id='word_1_168' title='bbox 794 2500 914 2550; x_wconf 84' lang='lat' dir='ltr'><strong>quae</strong></span> <span class='ocrx_word' id='word_1_169' title='bbox 952 2487 1190 2552; x_wconf 87' lang='lat' dir='ltr'><strong>requiri-</strong></span> 
     </span>
     <span class='ocr_line' id='line_1_34' title="bbox 114 2559 1188 2624; baseline 0.004 -16"><span class='ocrx_word' id='word_1_170' title='bbox 114 2568 200 2609; x_wconf 86' lang='lat' dir='ltr'><strong>tur</strong></span> <span class='ocrx_word' id='word_1_171' title='bbox 233 2559 291 2608; x_wconf 89' lang='lat' dir='ltr'><strong>in</strong></span> <span class='ocrx_word' id='word_1_172' title='bbox 336 2559 792 2624; x_wconf 83' lang='lat' dir='ltr'><strong>praedicatoribus‚</strong></span> <span class='ocrx_word' id='word_1_173' title='bbox 826 2570 878 2610; x_wconf 90' lang='lat' dir='ltr'><strong>et</strong></span> <span class='ocrx_word' id='word_1_174' title='bbox 916 2571 978 2611; x_wconf 88' lang='lat' dir='ltr'><strong>ut</strong></span> <span class='ocrx_word' id='word_1_175' title='bbox 1018 2561 1188 2612; x_wconf 86' lang='lat' dir='ltr'><strong>habe-</strong></span> 
     </span>
     <span class='ocr_line' id='line_1_35' title="bbox 113 2629 1183 2693; baseline 0.005 -14"><span class='ocrx_word' id='word_1_176' title='bbox 113 2640 230 2680; x_wconf 88' lang='lat' dir='ltr'><strong>rent</strong></span> <span class='ocrx_word' id='word_1_177' title='bbox 294 2640 492 2680; x_wconf 87' lang='lat' dir='ltr'><strong>mutuo</strong></span> <span class='ocrx_word' id='word_1_178' title='bbox 567 2629 818 2681; x_wconf 89' lang='lat' dir='ltr'><strong>solatium</strong></span> <span class='ocrx_word' id='word_1_179' title='bbox 884 2631 1183 2693; x_wconf 87' lang='lat' dir='ltr'><strong>societatis,</strong></span> 
     </span>
     <span class='ocr_line' id='line_1_36' title="bbox 110 2700 1185 2766; baseline 0.004 -16"><span class='ocrx_word' id='word_1_180' title='bbox 110 2700 237 2766; x_wconf 86' lang='lat' dir='ltr'><strong>quia</strong></span> <span class='ocrx_word' id='word_1_181' title='bbox 274 2700 455 2750; x_wconf 90' lang='lat' dir='ltr'><strong>adhuc</strong></span> <span class='ocrx_word' id='word_1_182' title='bbox 495 2712 647 2752; x_wconf 87' lang='lat' dir='ltr'><strong>erant</strong></span> <span class='ocrx_word' id='word_1_183' title='bbox 686 2701 909 2752; x_wconf 89' lang='lat' dir='ltr'><strong>infirmi.</strong></span> <span class='ocrx_word' id='word_1_184' title='bbox 956 2702 1185 2761; x_wconf 77' lang='lat' dir='ltr'><strong>Quando</strong></span> 
     </span>
     <span class='ocr_line' id='line_1_37' title="bbox 109 2770 1184 2838; baseline 0.005 -18"><span class='ocrx_word' id='word_1_185' title='bbox 109 2780 290 2821; x_wconf 82' lang='lat' dir='ltr'><strong>autem</strong></span> <span class='ocrx_word' id='word_1_186' title='bbox 340 2780 492 2820; x_wconf 91' lang='lat' dir='ltr'><strong>erant</strong></span> <span class='ocrx_word' id='word_1_187' title='bbox 539 2770 774 2835; x_wconf 85' lang='lat' dir='ltr'><strong>perfecti,</strong></span> <span class='ocrx_word' id='word_1_188' title='bbox 822 2771 1024 2822; x_wconf 90' lang='lat' dir='ltr'><strong>scilicet</strong></span> <span class='ocrx_word' id='word_1_189' title='bbox 1062 2785 1184 2838; x_wconf 89' lang='lat' dir='ltr'><strong>post</strong></span> 
     </span>
     <span class='ocr_line' id='line_1_38' title="bbox 108 2843 1183 2909; baseline 0.003 -15"><span class='ocrx_word' id='word_1_190' title='bbox 108 2843 513 2909; x_wconf 77' lang='lat' dir='ltr'><strong>perceptionem</strong></span> <span class='ocrx_word' id='word_1_191' title='bbox 543 2843 774 2909; x_wconf 85' lang='lat' dir='ltr'><strong>Spiritus</strong></span> <span class='ocrx_word' id='word_1_192' title='bbox 802 2844 1001 2905; x_wconf 74' lang='lat' dir='ltr'><strong>Sancti,</strong></span> <span class='ocrx_word' id='word_1_193' title='bbox 1035 2846 1183 2897; x_wconf 88' lang='lat' dir='ltr'><strong>misit</strong></span> 
     </span>
     <span class='ocr_line' id='line_1_39' title="bbox 107 2913 1183 2979; baseline 0.002 -15"><span class='ocrx_word' id='word_1_194' title='bbox 107 2928 198 2964; x_wconf 83' lang='lat' dir='ltr'><strong>eos</strong></span> <span class='ocrx_word' id='word_1_195' title='bbox 223 2913 567 2979; x_wconf 85' lang='lat' dir='ltr'><strong>simpliciter,</strong></span> <span class='ocrx_word' id='word_1_196' title='bbox 597 2914 710 2964; x_wconf 85' lang='lat' dir='ltr'><strong>sive</strong></span> <span class='ocrx_word' id='word_1_197' title='bbox 742 2914 920 2976; x_wconf 87' lang='lat' dir='ltr'><strong>binos,</strong></span> <span class='ocrx_word' id='word_1_198' title='bbox 952 2914 1065 2965; x_wconf 86' lang='lat' dir='ltr'><strong>sive</strong></span> <span class='ocrx_word' id='word_1_199' title='bbox 1087 2932 1183 2967; x_wconf 88' lang='lat' dir='ltr'><strong>so·-</strong></span> 
     </span>
     <span class='ocr_line' id='line_1_40' title="bbox 106 2984 1180 3052; baseline 0.003 -17"><span class='ocrx_word' id='word_1_200' title='bbox 106 2986 206 3044; x_wconf 86' lang='lat' dir='ltr'><strong>los,</strong></span> <span class='ocrx_word' id='word_1_201' title='bbox 236 2984 372 3052; x_wconf 87' lang='lat' dir='ltr'><strong>quia</strong></span> <span class='ocrx_word' id='word_1_202' title='bbox 399 2995 528 3037; x_wconf 87' lang='lat' dir='ltr'><strong>tunc</strong></span> <span class='ocrx_word' id='word_1_203' title='bbox 560 2995 712 3037; x_wconf 87' lang='lat' dir='ltr'><strong>erant</strong></span> <span class='ocrx_word' id='word_1_204' title='bbox 751 2986 955 3052; x_wconf 89' lang='lat' dir='ltr'><strong>Spiritu</strong></span> <span class='ocrx_word' id='word_1_205' title='bbox 986 2988 1180 3039; x_wconf 86' lang='lat' dir='ltr'><strong>Sancto</strong></span> 
     </span>
     <span class='ocr_line' id='line_1_41' title="bbox 104 3057 1178 3125; baseline 0.001 -15"><span class='ocrx_word' id='word_1_206' title='bbox 104 3057 347 3111; x_wconf 79' lang='lat' dir='ltr'><strong>solidati.</strong></span> <span class='ocrx_word' id='word_1_207' title='bbox 375 3057 555 3121; x_wconf 81' lang='lat' dir='ltr'><strong>Misit,</strong></span> <span class='ocrx_word' id='word_1_208' title='bbox 588 3058 834 3125; x_wconf 88' lang='lat' dir='ltr'><strong>inquam,</strong></span> <span class='ocrx_word' id='word_1_209' title='bbox 868 3058 994 3110; x_wconf 81' lang='lat' dir='ltr'><strong>illos</strong></span> <span class='ocrx_word' id='word_1_210' title='bbox 1020 3074 1178 3125; x_wconf 84' lang='lat' dir='ltr'><strong>prae-</strong></span> 
     </span>
     <span class='ocr_line' id='line_1_42' title="bbox 102 3130 1180 3197; baseline 0.001 -16"><span class='ocrx_word' id='word_1_211' title='bbox 102 3131 293 3181; x_wconf 82' lang='lat' dir='ltr'><strong>dicare</strong></span> <span class='ocrx_word' id='word_1_212' title='bbox 334 3143 559 3196; x_wconf 81' lang='lat' dir='ltr'><strong>regnum</strong></span> <span class='ocrx_word' id='word_1_213' title='bbox 591 3130 712 3194; x_wconf 85' lang='lat' dir='ltr'><strong>Dei,</strong></span> <span class='ocrx_word' id='word_1_214' title='bbox 742 3130 796 3180; x_wconf 92' lang='lat' dir='ltr'><strong>id</strong></span> <span class='ocrx_word' id='word_1_215' title='bbox 824 3138 905 3180; x_wconf 91' lang='lat' dir='ltr'><strong>est</strong></span> <span class='ocrx_word' id='word_1_216' title='bbox 934 3130 1180 3197; x_wconf 83' lang='lat' dir='ltr'><strong>Evange-</strong></span> 
     </span>
     <span class='ocr_line' id='line_1_43' title="bbox 102 3200 1176 3266; baseline 0.002 -15"><span class='ocrx_word' id='word_1_217' title='bbox 102 3202 239 3251; x_wconf 88' lang='lat' dir='ltr'><strong>lium</strong></span> <span class='ocrx_word' id='word_1_218' title='bbox 283 3200 436 3266; x_wconf 89' lang='lat' dir='ltr'><strong>quod</strong></span> <span class='ocrx_word' id='word_1_219' title='bbox 475 3201 742 3266; x_wconf 88' lang='lat' dir='ltr'><strong>promittit</strong></span> <span class='ocrx_word' id='word_1_220' title='bbox 788 3217 1015 3266; x_wconf 85' lang='lat' dir='ltr'><strong>regnum</strong></span> <span class='ocrx_word' id='word_1_221' title='bbox 1057 3202 1176 3264; x_wconf 87' lang='lat' dir='ltr'><strong>Dei,</strong></span> 
     </span>
     <span class='ocr_line' id='line_1_44' title="bbox 101 3269 1178 3339; baseline 0.001 -17"><span class='ocrx_word' id='word_1_222' title='bbox 101 3283 152 3322; x_wconf 88' lang='lat' dir='ltr'><strong>et</strong></span> <span class='ocrx_word' id='word_1_223' title='bbox 175 3273 339 3321; x_wconf 86' lang='lat' dir='ltr'><strong>docet</strong></span> <span class='ocrx_word' id='word_1_224' title='bbox 366 3269 597 3335; x_wconf 88' lang='lat' dir='ltr'><strong>qualiter</strong></span> <span class='ocrx_word' id='word_1_225' title='bbox 624 3272 690 3321; x_wconf 93' lang='lat' dir='ltr'><strong>ad</strong></span> <span class='ocrx_word' id='word_1_226' title='bbox 719 3271 822 3321; x_wconf 91' lang='lat' dir='ltr'><strong>hoc</strong></span> <span class='ocrx_word' id='word_1_227' title='bbox 851 3271 958 3322; x_wconf 90' lang='lat' dir='ltr'><strong>itur</strong></span> <span class='ocrx_word' id='word_1_228' title='bbox 985 3282 1038 3323; x_wconf 94' lang='lat' dir='ltr'><strong>et</strong></span> <span class='ocrx_word' id='word_1_229' title='bbox 1066 3288 1178 3339; x_wconf 87' lang='lat' dir='ltr'><strong>per·</strong></span> 
     </span>
     <span class='ocr_line' id='line_1_45' title="bbox 100 3341 1178 3408; baseline 0.001 -14"><span class='ocrx_word' id='word_1_230' title='bbox 100 3343 339 3400; x_wconf 75' lang='lat' dir='ltr'><strong>venitur,</strong></span> <span class='ocrx_word' id='word_1_231' title='bbox 367 3341 494 3407; x_wconf 91' lang='lat' dir='ltr'><strong>quia</strong></span> <span class='ocrx_word' id='word_1_232' title='bbox 534 3358 628 3408; x_wconf 90' lang='lat' dir='ltr'><strong>per</strong></span> <span class='ocrx_word' id='word_1_233' title='bbox 662 3342 1064 3408; x_wconf 85' lang='lat' dir='ltr'><strong>poenitentiam;</strong></span> <span class='ocrx_word' id='word_1_234' title='bbox 1094 3345 1178 3395; x_wconf 87' lang='lat' dir='ltr'><strong>vel</strong></span> 
     </span>
     <span class='ocr_line' id='line_1_46' title="bbox 95 3413 1177 3484; baseline -0.001 -17"><span class='ocrx_word' id='word_1_235' title='bbox 95 3416 426 3484; x_wconf 80' lang='lat' dir='ltr'><strong>praedicare,</strong></span> <span class='ocrx_word' id='word_1_236' title='bbox 467 3413 519 3464; x_wconf 92' lang='lat' dir='ltr'><strong>id</strong></span> <span class='ocrx_word' id='word_1_237' title='bbox 559 3424 639 3467; x_wconf 89' lang='lat' dir='ltr'><strong>est</strong></span> <span class='ocrx_word' id='word_1_238' title='bbox 679 3415 738 3464; x_wconf 87' lang='lat' dir='ltr'><strong>in</strong></span> <span class='ocrx_word' id='word_1_239' title='bbox 779 3430 875 3466; x_wconf 88' lang='lat' dir='ltr'><strong>sua</strong></span> <span class='ocrx_word' id='word_1_240' title='bbox 916 3415 1177 3481; x_wconf 83' lang='lat' dir='ltr'><strong>praedica-</strong></span> 
     </span>
     <span class='ocr_line' id='line_1_47' title="bbox 99 3485 1176 3552; baseline 0 -14"><span class='ocrx_word' id='word_1_241' title='bbox 99 3488 247 3539; x_wconf 88' lang='lat' dir='ltr'><strong>tione</strong></span> <span class='ocrx_word' id='word_1_242' title='bbox 293 3485 683 3552; x_wconf 86' lang='lat' dir='ltr'><strong>poenitentibus</strong></span> <span class='ocrx_word' id='word_1_243' title='bbox 737 3485 1051 3551; x_wconf 87' lang='lat' dir='ltr'><strong>promittere</strong></span> <span class='ocrx_word' id='word_1_244' title='bbox 1090 3502 1176 3538; x_wconf 84' lang='lat' dir='ltr'><strong>re·</strong></span> 
     </span>
     <span class='ocr_line' id='line_1_48' title="bbox 100 3556 1175 3625; baseline -0.004 -14"><span class='ocrx_word' id='word_1_245' title='bbox 100 3575 265 3625; x_wconf 87' lang='lat' dir='ltr'><strong>gnum</strong></span> <span class='ocrx_word' id='word_1_246' title='bbox 305 3556 427 3608; x_wconf 88' lang='lat' dir='ltr'><strong>Dei.</strong></span> <span class='ocrx_word' id='word_1_247' title='bbox 458 3558 537 3609; x_wconf 83' lang='lat' dir='ltr'><strong>Et</strong></span> <span class='ocrx_word' id='word_1_248' title='bbox 564 3572 762 3608; x_wconf 82' lang='lat' dir='ltr'><strong>sanare</strong></span> <span class='ocrx_word' id='word_1_249' title='bbox 794 3557 1033 3624; x_wconf 87' lang='lat' dir='ltr'><strong>infirmos</strong></span> <span class='ocrx_word' id='word_1_250' title='bbox 1062 3573 1175 3608; x_wconf 88' lang='lat' dir='ltr'><strong>cor·</strong></span> 
     </span>
     <span class='ocr_line' id='line_1_49' title="bbox 100 3627 1171 3695; baseline -0.002 -16"><span class='ocrx_word' id='word_1_251' title='bbox 100 3629 353 3695; x_wconf 87' lang='lat' dir='ltr'><strong>poraliter</strong></span> <span class='ocrx_word' id='word_1_252' title='bbox 378 3636 433 3678; x_wconf 89' lang='lat' dir='ltr'><strong>et</strong></span> <span class='ocrx_word' id='word_1_253' title='bbox 457 3627 807 3693; x_wconf 86' lang='lat' dir='ltr'><strong>spiritualiter</strong></span> <span class='ocrx_word' id='word_1_254' title='bbox 837 3645 850 3677; x_wconf 66' lang='grc' dir='ltr'><strong>ι</strong></span> <span class='ocrx_word' id='word_1_255' title='bbox 879 3628 981 3678; x_wconf 90' lang='lat' dir='ltr'><strong>hoc</strong></span> <span class='ocrx_word' id='word_1_256' title='bbox 1010 3627 1171 3678; x_wconf 88' lang='lat' dir='ltr'><strong>etiam</strong></span> 
     </span>
     <span class='ocr_line' id='line_1_50' title="bbox 100 3700 1171 3770; baseline -0.002 -16"><span class='ocrx_word' id='word_1_257' title='bbox 100 3701 344 3770; x_wconf 88' lang='lat' dir='ltr'><strong>quotidie</strong></span> <span class='ocrx_word' id='word_1_258' title='bbox 370 3700 502 3752; x_wconf 89' lang='lat' dir='ltr'><strong>facit</strong></span> <span class='ocrx_word' id='word_1_259' title='bbox 529 3700 962 3767; x_wconf 81' lang='lat' dir='ltr'><strong>praedicatoribus</strong></span> <span class='ocrx_word' id='word_1_260' title='bbox 991 3702 1171 3752; x_wconf 89' lang='lat' dir='ltr'><strong>Evan-</strong></span> 
     </span>
     <span class='ocr_line' id='line_1_51' title="bbox 101 3772 1170 3840; baseline -0.003 -15"><span class='ocrx_word' id='word_1_261' title='bbox 101 3774 241 3840; x_wconf 83' lang='lat' dir='ltr'><strong>gelii,</strong></span> <span class='ocrx_word' id='word_1_262' title='bbox 267 3774 316 3825; x_wconf 90' lang='lat' dir='ltr'><strong>si</strong></span> <span class='ocrx_word' id='word_1_263' title='bbox 342 3772 543 3824; x_wconf 88' lang='lat' dir='ltr'><strong>faciant</strong></span> <span class='ocrx_word' id='word_1_264' title='bbox 570 3772 718 3838; x_wconf 90' lang='lat' dir='ltr'><strong>quod</strong></span> <span class='ocrx_word' id='word_1_265' title='bbox 748 3772 803 3823; x_wconf 89' lang='lat' dir='ltr'><strong>in</strong></span> <span class='ocrx_word' id='word_1_266' title='bbox 834 3788 891 3823; x_wconf 89' lang='lat' dir='ltr'><strong>se</strong></span> <span class='ocrx_word' id='word_1_267' title='bbox 919 3781 1017 3836; x_wconf 89' lang='lat' dir='ltr'><strong>est,</strong></span> <span class='ocrx_word' id='word_1_268' title='bbox 1041 3773 1170 3838; x_wconf 90' lang='lat' dir='ltr'><strong>quia</strong></span> 
     </span>
     <span class='ocr_line' id='line_1_52' title="bbox 100 3845 1169 3914; baseline -0.002 -16"><span class='ocrx_word' id='word_1_269' title='bbox 100 3850 184 3900; x_wconf 81' lang='lat' dir='ltr'><strong>dat</strong></span> <span class='ocrx_word' id='word_1_270' title='bbox 209 3849 292 3900; x_wconf 87' lang='lat' dir='ltr'><strong>eis</strong></span> <span class='ocrx_word' id='word_1_271' title='bbox 320 3856 639 3914; x_wconf 88' lang='lat' dir='ltr'><strong>potestatem</strong></span> <span class='ocrx_word' id='word_1_272' title='bbox 680 3845 920 3911; x_wconf 83' lang='lat' dir='ltr'><strong>ejiciendi</strong></span> <span class='ocrx_word' id='word_1_273' title='bbox 960 3846 1169 3897; x_wconf 82' lang='lat' dir='ltr'><strong>daemo-</strong></span> 
     </span>
     <span class='ocr_line' id='line_1_53' title="bbox 102 3917 1167 3989; baseline -0.001 -19"><span class='ocrx_word' id='word_1_274' title='bbox 102 3936 192 3973; x_wconf 84' lang='lat' dir='ltr'><strong>nes</strong></span> <span class='ocrx_word' id='word_1_275' title='bbox 212 3918 570 3989; x_wconf 81' lang='lat' dir='ltr'><strong>spiritualiter</strong></span> <span class='ocrx_word' id='word_1_276' title='bbox 599 3918 668 3969; x_wconf 90' lang='lat' dir='ltr'><strong>de</strong></span> <span class='ocrx_word' id='word_1_277' title='bbox 701 3918 949 3971; x_wconf 82' lang='lat' dir='ltr'><strong>cordibus</strong></span> <span class='ocrx_word' id='word_1_278' title='bbox 978 3917 1167 3969; x_wconf 82' lang='lat' dir='ltr'><strong>homi·-</strong></span> 
     </span>
    </p>
   </div>
   <div class='ocr_carea' id='block_1_6' title="bbox 1273 553 2402 3983">
    <p class='ocr_par' dir='ltr' id='par_1_6' title="bbox 1273 553 2402 3983">
     <span class='ocr_line' id='line_1_54' title="bbox 1392 553 2398 616; baseline 0.006 -13"><span class='ocrx_word' id='word_1_279' title='bbox 1392 567 1431 616; x_wconf 84' lang='lat'>4</span> <span class='ocrx_word' id='word_1_280' title='bbox 1463 553 1755 605; x_wconf 62' lang='lat' dir='ltr'><strong>Donamus</strong></span> <span class='ocrx_word' id='word_1_281' title='bbox 1827 571 1933 615; x_wconf 79' lang='lat' dir='ltr'><strong>Quo</strong></span> <span class='ocrx_word' id='word_1_282' title='bbox 1995 574 2232 609; x_wconf 66' lang='lat' dir='ltr'><strong>»sactus</strong></span> <span class='ocrx_word' id='word_1_283' title='bbox 2298 577 2398 611; x_wconf 75' lang='lat' dir='ltr'><strong>ns·-</strong></span> 
     </span>
     <span class='ocr_line' id='line_1_55' title="bbox 1329 626 2395 680; baseline 0.009 -9"><span class='ocrx_word' id='word_1_284' title='bbox 1329 637 1520 675; x_wconf 65' lang='lat' dir='ltr'><strong>muwr.</strong></span> <span class='ocrx_word' id='word_1_285' title='bbox 1548 652 1611 664; x_wconf 93' lang='lat'><strong>—</strong></span> <span class='ocrx_word' id='word_1_286' title='bbox 1638 626 1894 677; x_wconf 80' lang='lat' dir='ltr'><strong>Instruxit</strong></span> <span class='ocrx_word' id='word_1_287' title='bbox 1929 628 2091 678; x_wconf 90' lang='lat' dir='ltr'><strong>etiam</strong></span> <span class='ocrx_word' id='word_1_288' title='bbox 2126 627 2395 680; x_wconf 84' lang='lat' dir='ltr'><strong>Dominus</strong></span> 
     </span>
     <span class='ocr_line' id='line_1_56' title="bbox 1325 698 2393 772; baseline 0.009 -26"><span class='ocrx_word' id='word_1_289' title='bbox 1325 698 1617 763; x_wconf 74' lang='lat' dir='ltr'><strong>Apostolos</strong></span> <span class='ocrx_word' id='word_1_290' title='bbox 1667 717 1778 767; x_wconf 89' lang='lat' dir='ltr'><strong>quo</strong></span> <span class='ocrx_word' id='word_1_291' title='bbox 1830 713 2122 769; x_wconf 83' lang='lat' dir='ltr'><strong>pergerent,</strong></span> <span class='ocrx_word' id='word_1_292' title='bbox 2170 715 2220 755; x_wconf 93' lang='lat' dir='ltr'><strong>et</strong></span> <span class='ocrx_word' id='word_1_293' title='bbox 2261 706 2393 772; x_wconf 82' lang='lat' dir='ltr'><strong>quid</strong></span> 
     </span>
     <span class='ocr_line' id='line_1_57' title="bbox 1324 768 2402 845; baseline 0.008 -26"><span class='ocrx_word' id='word_1_294' title='bbox 1324 768 1576 832; x_wconf 82' lang='lat' dir='ltr'><strong>facerent,</strong></span> <span class='ocrx_word' id='word_1_295' title='bbox 1626 788 1737 839; x_wconf 90' lang='lat' dir='ltr'><strong>quo</strong></span> <span class='ocrx_word' id='word_1_296' title='bbox 1784 784 2076 836; x_wconf 83' lang='lat' dir='ltr'><strong>uterentur,</strong></span> <span class='ocrx_word' id='word_1_297' title='bbox 2114 786 2167 826; x_wconf 90' lang='lat' dir='ltr'><strong>et</strong></span> <span class='ocrx_word' id='word_1_298' title='bbox 2209 792 2240 827; x_wconf 91' lang='lat' dir='ltr'><strong>a</strong></span> <span class='ocrx_word' id='word_1_299' title='bbox 2287 794 2402 845; x_wconf 88' lang='lat' dir='ltr'><strong>quo</strong></span> 
     </span>
     <span class='ocr_line' id='line_1_58' title="bbox 1321 840 2392 911; baseline 0.007 -21"><span class='ocrx_word' id='word_1_300' title='bbox 1321 840 1668 903; x_wconf 79' lang='lat' dir='ltr'><strong>abstinerent,</strong></span> <span class='ocrx_word' id='word_1_301' title='bbox 1708 855 1762 895; x_wconf 91' lang='lat' dir='ltr'><strong>et</strong></span> <span class='ocrx_word' id='word_1_302' title='bbox 1805 860 1836 896; x_wconf 88' lang='lat' dir='ltr'><strong>a</strong></span> <span class='ocrx_word' id='word_1_303' title='bbox 1882 845 2084 911; x_wconf 87' lang='lat' dir='ltr'><strong>quibus</strong></span> <span class='ocrx_word' id='word_1_304' title='bbox 2134 860 2392 908; x_wconf 87' lang='lat' dir='ltr'><strong>caverent,</strong></span> 
     </span>
     <span class='ocr_line' id='line_1_59' title="bbox 1321 913 2390 980; baseline 0.007 -19"><span class='ocrx_word' id='word_1_305' title='bbox 1321 920 1375 961; x_wconf 88' lang='lat' dir='ltr'><strong>et</strong></span> <span class='ocrx_word' id='word_1_306' title='bbox 1424 927 1456 963; x_wconf 85' lang='lat' dir='ltr'><strong>a</strong></span> <span class='ocrx_word' id='word_1_307' title='bbox 1495 913 1700 980; x_wconf 87' lang='lat' dir='ltr'><strong>quibus</strong></span> <span class='ocrx_word' id='word_1_308' title='bbox 1749 931 1861 966; x_wconf 91' lang='lat' dir='ltr'><strong>non</strong></span> <span class='ocrx_word' id='word_1_309' title='bbox 1915 916 2185 968; x_wconf 88' lang='lat' dir='ltr'><strong>timerent.</strong></span> <span class='ocrx_word' id='word_1_310' title='bbox 2242 918 2390 969; x_wconf 88' lang='lat' dir='ltr'><strong>Sicut</strong></span> 
     </span>
     <span class='ocr_line' id='line_1_60' title="bbox 1319 981 2389 1055; baseline 0.008 -23"><span class='ocrx_word' id='word_1_311' title='bbox 1319 981 1502 1049; x_wconf 80' lang='lat' dir='ltr'><strong>itaque</strong></span> <span class='ocrx_word' id='word_1_312' title='bbox 1527 1000 1594 1035; x_wconf 80' lang='lat' dir='ltr'><strong>ex</strong></span> <span class='ocrx_word' id='word_1_313' title='bbox 1620 987 2041 1051; x_wconf 64' lang='lat' dir='ltr'><strong>praecedentibus</strong></span> <span class='ocrx_word' id='word_1_314' title='bbox 2072 999 2122 1039; x_wconf 90' lang='lat' dir='ltr'><strong>et</strong></span> <span class='ocrx_word' id='word_1_315' title='bbox 2152 1004 2389 1055; x_wconf 87' lang='lat' dir='ltr'><strong>sequen-</strong></span> 
     </span>
     <span class='ocr_line' id='line_1_61' title="bbox 1319 1055 2385 1126; baseline 0.008 -21"><span class='ocrx_word' id='word_1_316' title='bbox 1319 1055 1467 1106; x_wconf 82' lang='lat' dir='ltr'><strong>tibus</strong></span> <span class='ocrx_word' id='word_1_317' title='bbox 1496 1067 1671 1123; x_wconf 88' lang='lat' dir='ltr'><strong>potest</strong></span> <span class='ocrx_word' id='word_1_318' title='bbox 1699 1058 1946 1126; x_wconf 88' lang='lat' dir='ltr'><strong>intelligi,</strong></span> <span class='ocrx_word' id='word_1_319' title='bbox 1983 1077 2090 1110; x_wconf 87' lang='lat' dir='ltr'><strong>non</strong></span> <span class='ocrx_word' id='word_1_320' title='bbox 2131 1061 2242 1112; x_wconf 89' lang='lat' dir='ltr'><strong>nisi</strong></span> <span class='ocrx_word' id='word_1_321' title='bbox 2270 1064 2385 1114; x_wconf 85' lang='lat' dir='ltr'><strong>vir-</strong></span> 
     </span>
     <span class='ocr_line' id='line_1_62' title="bbox 1314 1128 2387 1201; baseline 0.007 -23"><span class='ocrx_word' id='word_1_322' title='bbox 1314 1128 1461 1178; x_wconf 85' lang='lat' dir='ltr'><strong>tuosi</strong></span> <span class='ocrx_word' id='word_1_323' title='bbox 1491 1140 1619 1179; x_wconf 89' lang='lat' dir='ltr'><strong>sunt</strong></span> <span class='ocrx_word' id='word_1_324' title='bbox 1659 1131 1840 1193; x_wconf 83' lang='lat' dir='ltr'><strong>missi3</strong></span> <span class='ocrx_word' id='word_1_325' title='bbox 1874 1147 2133 1197; x_wconf 87' lang='lat' dir='ltr'><strong>pauperes</strong></span> <span class='ocrx_word' id='word_1_326' title='bbox 2157 1144 2208 1183; x_wconf 87' lang='lat' dir='ltr'><strong>et</strong></span> <span class='ocrx_word' id='word_1_327' title='bbox 2236 1150 2387 1201; x_wconf 87' lang='lat' dir='ltr'><strong>expe-</strong></span> 
     </span>
     <span class='ocr_line' id='line_1_63' title="bbox 1315 1198 2388 1271; baseline 0.007 -23"><span class='ocrx_word' id='word_1_328' title='bbox 1315 1198 1437 1261; x_wconf 90' lang='lat' dir='ltr'><strong>diti,</strong></span> <span class='ocrx_word' id='word_1_329' title='bbox 1492 1200 1733 1261; x_wconf 88' lang='lat' dir='ltr'><strong>stabiles,</strong></span> <span class='ocrx_word' id='word_1_330' title='bbox 1785 1201 2007 1267; x_wconf 88' lang='lat' dir='ltr'><strong>impigri</strong></span> <span class='ocrx_word' id='word_1_331' title='bbox 2047 1213 2098 1253; x_wconf 90' lang='lat' dir='ltr'><strong>et</strong></span> <span class='ocrx_word' id='word_1_332' title='bbox 2145 1204 2388 1271; x_wconf 85' lang='lat' dir='ltr'><strong>benigni,</strong></span> 
     </span>
     <span class='ocr_line' id='line_1_64' title="bbox 1314 1270 2384 1334; baseline 0.007 -16"><span class='ocrx_word' id='word_1_333' title='bbox 1314 1284 1430 1318; x_wconf 87' lang='lat' dir='ltr'><strong>non</strong></span> <span class='ocrx_word' id='word_1_334' title='bbox 1464 1270 1622 1320; x_wconf 87' lang='lat' dir='ltr'><strong>malis</strong></span> <span class='ocrx_word' id='word_1_335' title='bbox 1649 1272 2130 1334; x_wconf 87' lang='lat' dir='ltr'><strong>communicantes,</strong></span> <span class='ocrx_word' id='word_1_336' title='bbox 2164 1283 2384 1326; x_wconf 83' lang='lat' dir='ltr'><strong>nec&#39;cu-</strong></span> 
     </span>
     <span class='ocr_line' id='line_1_65' title="bbox 1311 1339 2381 1412; baseline 0.009 -23"><span class='ocrx_word' id='word_1_337' title='bbox 1311 1339 1426 1405; x_wconf 90' lang='lat' dir='ltr'><strong>pidi</strong></span> <span class='ocrx_word' id='word_1_338' title='bbox 1455 1343 1651 1393; x_wconf 90' lang='lat' dir='ltr'><strong>debent</strong></span> <span class='ocrx_word' id='word_1_339' title='bbox 1686 1344 1970 1409; x_wconf 86' lang='lat' dir='ltr'><strong>praedicare</strong></span> <span class='ocrx_word' id='word_1_340' title='bbox 1999 1361 2229 1412; x_wconf 87' lang='lat' dir='ltr'><strong>regnum</strong></span> <span class='ocrx_word' id='word_1_341' title='bbox 2266 1349 2381 1399; x_wconf 90' lang='lat' dir='ltr'><strong>Dei.</strong></span> 
     </span>
     <span class='ocr_line' id='line_1_66' title="bbox 1309 1414 2382 1486; baseline 0.007 -22"><span class='ocrx_word' id='word_1_342' title='bbox 1309 1414 1476 1465; x_wconf 81' lang='lat' dir='ltr'><strong>Misit</strong></span> <span class='ocrx_word' id='word_1_343' title='bbox 1539 1431 1665 1481; x_wconf 88' lang='lat' dir='ltr'><strong>ergo</strong></span> <span class='ocrx_word' id='word_1_344' title='bbox 1720 1417 2012 1479; x_wconf 83' lang='lat' dir='ltr'><strong>duodecim,</strong></span> <span class='ocrx_word' id='word_1_345' title='bbox 2057 1420 2382 1486; x_wconf 78' lang='lat' dir='ltr'><strong>praecipiens</strong></span> 
     </span>
     <span class='ocr_line' id='line_1_67' title="bbox 1310 1484 2376 1553; baseline 0.006 -18"><span class='ocrx_word' id='word_1_346' title='bbox 1310 1484 1392 1535; x_wconf 83' lang='lat' dir='ltr'><strong>eis</strong></span> <span class='ocrx_word' id='word_1_347' title='bbox 1428 1492 1483 1536; x_wconf 80' lang='lat' dir='ltr'><strong>et</strong></span> <span class='ocrx_word' id='word_1_348' title='bbox 1529 1487 1711 1537; x_wconf 78' lang='lat' dir='ltr'><strong>dicens</strong></span> <span class='ocrx_word' id='word_1_349' title='bbox 1756 1505 1772 1536; x_wconf 88' lang='grc'><strong>.-</strong></span> <span class='ocrx_word' id='word_1_350' title='bbox 1818 1488 1882 1537; x_wconf 85' lang='grc' dir='ltr'><strong>Ιη</strong></span> <span class='ocrx_word' id='word_1_351' title='bbox 1928 1488 2069 1538; x_wconf 81' lang='lat' dir='ltr'><strong>viam</strong></span> <span class='ocrx_word' id='word_1_352' title='bbox 2113 1489 2376 1553; x_wconf 83' lang='lat' dir='ltr'><strong>Gentium,</strong></span> 
     </span>
     <span class='ocr_line' id='line_1_68' title="bbox 1310 1556 2378 1623; baseline 0.006 -17"><span class='ocrx_word' id='word_1_353' title='bbox 1310 1556 1513 1606; x_wconf 85' lang='lat' dir='ltr'><strong>scilicet</strong></span> <span class='ocrx_word' id='word_1_354' title='bbox 1558 1573 1681 1623; x_wconf 84' lang='lat' dir='ltr'><strong>quae</strong></span> <span class='ocrx_word' id='word_1_355' title='bbox 1727 1559 1794 1608; x_wconf 88' lang='lat' dir='ltr'><strong>ad</strong></span> <span class='ocrx_word' id='word_1_356' title='bbox 1838 1558 2038 1609; x_wconf 86' lang='lat' dir='ltr'><strong>Gentes</strong></span> <span class='ocrx_word' id='word_1_357' title='bbox 2089 1559 2266 1623; x_wconf 88' lang='lat' dir='ltr'><strong>ducit,</strong></span> <span class='ocrx_word' id='word_1_358' title='bbox 2314 1578 2378 1614; x_wconf 83' lang='lat' dir='ltr'><strong>ne</strong></span> 
     </span>
     <span class='ocr_line' id='line_1_69' title="bbox 1308 1627 2379 1695; baseline 0.007 -19"><span class='ocrx_word' id='word_1_359' title='bbox 1308 1627 1569 1691; x_wconf 82' lang='lat' dir='ltr'><strong>abieritis,</strong></span> <span class='ocrx_word' id='word_1_360' title='bbox 1594 1629 1691 1679; x_wconf 90' lang='lat' dir='ltr'><strong>ubi</strong></span> <span class='ocrx_word' id='word_1_361' title='bbox 1721 1629 2003 1695; x_wconf 89' lang='lat' dir='ltr'><strong>prohibuit</strong></span> <span class='ocrx_word' id='word_1_362' title='bbox 2026 1628 2122 1691; x_wconf 68' lang='grc' dir='ltr'><strong>εἰς,</strong></span> <span class='ocrx_word' id='word_1_363' title='bbox 2152 1646 2217 1680; x_wconf 90' lang='lat' dir='ltr'><strong>ne</strong></span> <span class='ocrx_word' id='word_1_364' title='bbox 2241 1632 2379 1683; x_wconf 83' lang='lat' dir='ltr'><strong>irent</strong></span> 
     </span>
     <span class='ocr_line' id='line_1_70' title="bbox 1306 1698 2380 1764; baseline 0.007 -18"><span class='ocrx_word' id='word_1_365' title='bbox 1306 1698 1372 1747; x_wconf 85' lang='lat' dir='ltr'><strong>ad</strong></span> <span class='ocrx_word' id='word_1_366' title='bbox 1440 1699 1835 1764; x_wconf 85' lang='lat' dir='ltr'><strong>praedicandum</strong></span> <span class='ocrx_word' id='word_1_367' title='bbox 1903 1700 2168 1751; x_wconf 89' lang='lat' dir='ltr'><strong>Gentibus</strong></span> <span class='ocrx_word' id='word_1_368' title='bbox 2233 1714 2380 1753; x_wconf 81' lang='lat' dir='ltr'><strong>extra</strong></span> 
     </span>
     <span class='ocr_line' id='line_1_71' title="bbox 1307 1769 2378 1835; baseline 0.006 -18"><span class='ocrx_word' id='word_1_369' title='bbox 1307 1778 1502 1819; x_wconf 82' lang='lat' dir='ltr'><strong>terram</strong></span> <span class='ocrx_word' id='word_1_370' title='bbox 1534 1769 1939 1835; x_wconf 81' lang='lat' dir='ltr'><strong>promissionis3</strong></span> <span class='ocrx_word' id='word_1_371' title='bbox 1971 1778 2024 1822; x_wconf 85' lang='lat' dir='ltr'><strong>et</strong></span> <span class='ocrx_word' id='word_1_372' title='bbox 2049 1772 2102 1822; x_wconf 85' lang='lat' dir='ltr'><strong>in</strong></span> <span class='ocrx_word' id='word_1_373' title='bbox 2132 1773 2378 1823; x_wconf 76' lang='lat' dir='ltr'><strong>civitates</strong></span> 
     </span>
     <span class='ocr_line' id='line_1_72' title="bbox 1307 1840 2374 1896; baseline 0.006 -6"><span class='ocrx_word' id='word_1_374' title='bbox 1307 1840 1778 1892; x_wconf 79' lang='lat' dir='ltr'><strong>Samaritanorum</strong></span> <span class='ocrx_word' id='word_1_375' title='bbox 1837 1857 1902 1893; x_wconf 86' lang='lat' dir='ltr'><strong>ne</strong></span> <span class='ocrx_word' id='word_1_376' title='bbox 1966 1842 2300 1895; x_wconf 82' lang='lat' dir='ltr'><strong>intraveritis</strong></span> <span class='ocrx_word' id='word_1_377' title='bbox 2356 1864 2374 1896; x_wconf 80' lang='grc'><strong>.-</strong></span> 
     </span>
     <span class='ocr_line' id='line_1_73' title="bbox 1303 1910 2375 1975; baseline 0.006 -16"><span class='ocrx_word' id='word_1_378' title='bbox 1303 1910 1399 1975; x_wconf 91' lang='lat' dir='ltr'><strong>qui</strong></span> <span class='ocrx_word' id='word_1_379' title='bbox 1427 1912 1763 1973; x_wconf 87' lang='lat' dir='ltr'><strong>Samaritani,</strong></span> <span class='ocrx_word' id='word_1_380' title='bbox 1793 1912 1917 1963; x_wconf 91' lang='lat' dir='ltr'><strong>licet</strong></span> <span class='ocrx_word' id='word_1_381' title='bbox 1944 1924 2121 1964; x_wconf 89' lang='lat' dir='ltr'><strong>essent</strong></span> <span class='ocrx_word' id='word_1_382' title='bbox 2150 1913 2207 1964; x_wconf 91' lang='lat' dir='ltr'><strong>in</strong></span> <span class='ocrx_word' id='word_1_383' title='bbox 2238 1926 2375 1965; x_wconf 87' lang='lat' dir='ltr'><strong>terra</strong></span> 
     </span>
     <span class='ocr_line' id='line_1_74' title="bbox 1304 1984 2371 2054; baseline 0.006 -20"><span class='ocrx_word' id='word_1_384' title='bbox 1304 1984 1703 2049; x_wconf 84' lang='lat' dir='ltr'><strong>promissionis,</strong></span> <span class='ocrx_word' id='word_1_385' title='bbox 1751 1996 1932 2037; x_wconf 88' lang='lat' dir='ltr'><strong>tamen</strong></span> <span class='ocrx_word' id='word_1_386' title='bbox 1976 1998 2126 2037; x_wconf 89' lang='lat' dir='ltr'><strong>erant</strong></span> <span class='ocrx_word' id='word_1_387' title='bbox 2175 1990 2371 2054; x_wconf 78' lang='lat' dir='ltr'><strong>partim</strong></span> 
     </span>
     <span class='ocr_line' id='line_1_75' title="bbox 1304 2055 2372 2124; baseline 0.005 -19"><span class='ocrx_word' id='word_1_388' title='bbox 1304 2055 1542 2106; x_wconf 87' lang='lat' dir='ltr'><strong>Gentiles</strong></span> <span class='ocrx_word' id='word_1_389' title='bbox 1576 2066 1629 2106; x_wconf 91' lang='lat' dir='ltr'><strong>et</strong></span> <span class='ocrx_word' id='word_1_390' title='bbox 1670 2056 1864 2123; x_wconf 88' lang='lat' dir='ltr'><strong>partim</strong></span> <span class='ocrx_word' id='word_1_391' title='bbox 1901 2058 2088 2118; x_wconf 88' lang='lat' dir='ltr'><strong>Judaei,</strong></span> <span class='ocrx_word' id='word_1_392' title='bbox 2121 2059 2248 2124; x_wconf 83' lang='lat' dir='ltr'><strong>quia</strong></span> <span class='ocrx_word' id='word_1_393' title='bbox 2282 2076 2372 2110; x_wconf 90' lang='lat' dir='ltr'><strong>re-</strong></span> 
     </span>
     <span class='ocr_line' id='line_1_76' title="bbox 1301 2129 2366 2196; baseline 0.006 -18"><span class='ocrx_word' id='word_1_394' title='bbox 1301 2138 1555 2194; x_wconf 84' lang='lat' dir='ltr'><strong>cepeer</strong></span> <span class='ocrx_word' id='word_1_395' title='bbox 1582 2129 1751 2180; x_wconf 90' lang='lat' dir='ltr'><strong>libros</strong></span> <span class='ocrx_word' id='word_1_396' title='bbox 1780 2130 2000 2196; x_wconf 79' lang='lat' dir='ltr'><strong>MoysiS‚</strong></span> <span class='ocrx_word' id='word_1_397' title='bbox 2029 2141 2084 2181; x_wconf 91' lang='lat' dir='ltr'><strong>et</strong></span> <span class='ocrx_word' id='word_1_398' title='bbox 2113 2147 2236 2181; x_wconf 85' lang='lat' dir='ltr'><strong>cum</strong></span> <span class='ocrx_word' id='word_1_399' title='bbox 2264 2133 2366 2184; x_wconf 88' lang='lat' dir='ltr'><strong>hoc</strong></span> 
     </span>
     <span class='ocr_line' id='line_1_77' title="bbox 1301 2199 2368 2269; baseline 0.004 -19"><span class='ocrx_word' id='word_1_400' title='bbox 1301 2199 1601 2251; x_wconf 85' lang='lat' dir='ltr'><strong>servierunt</strong></span> <span class='ocrx_word' id='word_1_401' title='bbox 1638 2199 1816 2252; x_wconf 88' lang='lat' dir='ltr'><strong>idolis.</strong></span> <span class='ocrx_word' id='word_1_402' title='bbox 1858 2202 1980 2253; x_wconf 92' lang='lat' dir='ltr'><strong>Ideo</strong></span> <span class='ocrx_word' id='word_1_403' title='bbox 2012 2213 2191 2254; x_wconf 89' lang='lat' dir='ltr'><strong>autem</strong></span> <span class='ocrx_word' id='word_1_404' title='bbox 2220 2204 2368 2269; x_wconf 87' lang='lat' dir='ltr'><strong>Apo—</strong></span> 
     </span>
     <span class='ocr_line' id='line_1_78' title="bbox 1299 2270 2366 2338; baseline 0.004 -18"><span class='ocrx_word' id='word_1_405' title='bbox 1299 2271 1421 2321; x_wconf 87' lang='lat' dir='ltr'><strong>stoli</strong></span> <span class='ocrx_word' id='word_1_406' title='bbox 1489 2270 1708 2322; x_wconf 85' lang='lat' dir='ltr'><strong>fuerunt</strong></span> <span class='ocrx_word' id='word_1_407' title='bbox 1766 2272 2027 2337; x_wconf 90' lang='lat' dir='ltr'><strong>prohibiti</strong></span> <span class='ocrx_word' id='word_1_408' title='bbox 2086 2274 2366 2338; x_wconf 72' lang='lat' dir='ltr'><strong>praedicare</strong></span> 
     </span>
     <span class='ocr_line' id='line_1_79' title="bbox 1298 2342 2366 2409; baseline 0.003 -18"><span class='ocrx_word' id='word_1_409' title='bbox 1298 2342 1565 2407; x_wconf 86' lang='lat' dir='ltr'><strong>praedictis</strong></span> <span class='ocrx_word' id='word_1_410' title='bbox 1605 2343 1891 2404; x_wconf 89' lang='lat' dir='ltr'><strong>Gentibus,</strong></span> <span class='ocrx_word' id='word_1_411' title='bbox 1930 2344 2058 2409; x_wconf 90' lang='lat' dir='ltr'><strong>quia</strong></span> <span class='ocrx_word' id='word_1_412' title='bbox 2090 2359 2261 2408; x_wconf 89' lang='lat' dir='ltr'><strong>usque</strong></span> <span class='ocrx_word' id='word_1_413' title='bbox 2302 2345 2366 2394; x_wconf 91' lang='lat' dir='ltr'><strong>ad</strong></span> 
     </span>
     <span class='ocr_line' id='line_1_80' title="bbox 1301 2414 2367 2466; baseline 0.002 -2"><span class='ocrx_word' id='word_1_414' title='bbox 1301 2414 1613 2464; x_wconf 67' lang='lat' dir='ltr'><strong>Passionem</strong></span> <span class='ocrx_word' id='word_1_415' title='bbox 1672 2415 1872 2466; x_wconf 89' lang='lat' dir='ltr'><strong>Christi</strong></span> <span class='ocrx_word' id='word_1_416' title='bbox 1923 2432 2030 2465; x_wconf 91' lang='lat' dir='ltr'><strong>non</strong></span> <span class='ocrx_word' id='word_1_417' title='bbox 2087 2426 2196 2465; x_wconf 84' lang='lat' dir='ltr'><strong>erat</strong></span> <span class='ocrx_word' id='word_1_418' title='bbox 2247 2432 2367 2466; x_wconf 89' lang='lat' dir='ltr'><strong>ma-</strong></span> 
     </span>
     <span class='ocr_line' id='line_1_81' title="bbox 1295 2485 2367 2552; baseline 0.003 -17"><span class='ocrx_word' id='word_1_419' title='bbox 1295 2502 1467 2552; x_wconf 90' lang='lat' dir='ltr'><strong>gnum</strong></span> <span class='ocrx_word' id='word_1_420' title='bbox 1509 2495 1742 2552; x_wconf 79' lang='lat' dir='ltr'><strong>tempuS,</strong></span> <span class='ocrx_word' id='word_1_421' title='bbox 1791 2495 1843 2537; x_wconf 93' lang='lat' dir='ltr'><strong>et</strong></span> <span class='ocrx_word' id='word_1_422' title='bbox 1886 2485 2210 2536; x_wconf 86' lang='lat' dir='ltr'><strong>conveniens</strong></span> <span class='ocrx_word' id='word_1_423' title='bbox 2256 2499 2367 2538; x_wconf 90' lang='lat' dir='ltr'><strong>erat</strong></span> 
     </span>
     <span class='ocr_line' id='line_1_82' title="bbox 1294 2556 2367 2622; baseline 0.002 -15"><span class='ocrx_word' id='word_1_424' title='bbox 1294 2567 1357 2607; x_wconf 90' lang='lat' dir='ltr'><strong>ut</strong></span> <span class='ocrx_word' id='word_1_425' title='bbox 1382 2557 1497 2621; x_wconf 79' lang='lat' dir='ltr'><strong>ejus</strong></span> <span class='ocrx_word' id='word_1_426' title='bbox 1524 2557 1786 2607; x_wconf 82' lang='lat' dir='ltr'><strong>adventus</strong></span> <span class='ocrx_word' id='word_1_427' title='bbox 1809 2556 1986 2622; x_wconf 91' lang='lat' dir='ltr'><strong>primo</strong></span> <span class='ocrx_word' id='word_1_428' title='bbox 2016 2557 2367 2609; x_wconf 86' lang='lat' dir='ltr'><strong>denuntiare-</strong></span> 
     </span>
     <span class='ocr_line' id='line_1_83' title="bbox 1292 2627 2364 2695; baseline 0.004 -18"><span class='ocrx_word' id='word_1_429' title='bbox 1292 2637 1383 2678; x_wconf 88' lang='lat' dir='ltr'><strong>tur</strong></span> <span class='ocrx_word' id='word_1_430' title='bbox 1434 2628 1669 2690; x_wconf 83' lang='lat' dir='ltr'><strong>Judaeis,</strong></span> <span class='ocrx_word' id='word_1_431' title='bbox 1739 2627 1945 2695; x_wconf 89' lang='lat' dir='ltr'><strong>quibus</strong></span> <span class='ocrx_word' id='word_1_432' title='bbox 1997 2628 2364 2694; x_wconf 89' lang='lat' dir='ltr'><strong>principaliter</strong></span> 
     </span>
     <span class='ocr_line' id='line_1_84' title="bbox 1291 2698 2360 2765; baseline 0.003 -17"><span class='ocrx_word' id='word_1_433' title='bbox 1291 2708 1403 2749; x_wconf 86' lang='lat' dir='ltr'><strong>erat</strong></span> <span class='ocrx_word' id='word_1_434' title='bbox 1443 2698 1664 2760; x_wconf 77' lang='lat' dir='ltr'><strong>missuS,</strong></span> <span class='ocrx_word' id='word_1_435' title='bbox 1703 2710 1757 2750; x_wconf 91' lang='lat' dir='ltr'><strong>et</strong></span> <span class='ocrx_word' id='word_1_436' title='bbox 1798 2698 1917 2749; x_wconf 85' lang='lat' dir='ltr'><strong>ideo</strong></span> <span class='ocrx_word' id='word_1_437' title='bbox 1958 2709 2171 2765; x_wconf 87' lang='lat' dir='ltr'><strong>tempus</strong></span> <span class='ocrx_word' id='word_1_438' title='bbox 2215 2702 2360 2765; x_wconf 89' lang='lat' dir='ltr'><strong>quod</strong></span> 
     </span>
     <span class='ocr_line' id='line_1_85' title="bbox 1288 2770 2357 2836; baseline 0.001 -17"><span class='ocrx_word' id='word_1_439' title='bbox 1288 2780 1401 2820; x_wconf 85' lang='lat' dir='ltr'><strong>erat</strong></span> <span class='ocrx_word' id='word_1_440' title='bbox 1453 2786 1629 2836; x_wconf 88' lang='lat' dir='ltr'><strong>usque</strong></span> <span class='ocrx_word' id='word_1_441' title='bbox 1676 2770 1740 2820; x_wconf 93' lang='lat' dir='ltr'><strong>ad</strong></span> <span class='ocrx_word' id='word_1_442' title='bbox 1793 2770 2104 2820; x_wconf 87' lang='lat' dir='ltr'><strong>Passionem</strong></span> <span class='ocrx_word' id='word_1_443' title='bbox 2157 2771 2357 2822; x_wconf 88' lang='lat' dir='ltr'><strong>Christi</strong></span> 
     </span>
     <span class='ocr_line' id='line_1_86' title="bbox 1288 2842 2357 2903; baseline 0.003 -12"><span class='ocrx_word' id='word_1_444' title='bbox 1288 2842 1552 2903; x_wconf 88' lang='lat' dir='ltr'><strong>futurum,</strong></span> <span class='ocrx_word' id='word_1_445' title='bbox 1581 2853 1694 2893; x_wconf 89' lang='lat' dir='ltr'><strong>erat</strong></span> <span class='ocrx_word' id='word_1_446' title='bbox 1717 2843 2074 2893; x_wconf 82' lang='lat' dir='ltr'><strong>necessarium</strong></span> <span class='ocrx_word' id='word_1_447' title='bbox 2099 2843 2164 2893; x_wconf 85' lang='lat' dir='ltr'><strong>ad</strong></span> <span class='ocrx_word' id='word_1_448' title='bbox 2190 2845 2357 2894; x_wconf 87' lang='lat' dir='ltr'><strong>mani-</strong></span> 
     </span>
     <span class='ocr_line' id='line_1_87' title="bbox 1287 2915 2356 2981; baseline 0.004 -17"><span class='ocrx_word' id='word_1_449' title='bbox 1287 2915 1593 2965; x_wconf 87' lang='lat' dir='ltr'><strong>festandum</strong></span> <span class='ocrx_word' id='word_1_450' title='bbox 1644 2915 1861 2979; x_wconf 83' lang='lat' dir='ltr'><strong>Judaeis,</strong></span> <span class='ocrx_word' id='word_1_451' title='bbox 1915 2932 2009 2981; x_wconf 91' lang='lat' dir='ltr'><strong>per</strong></span> <span class='ocrx_word' id='word_1_452' title='bbox 2048 2917 2356 2981; x_wconf 88' lang='lat' dir='ltr'><strong>Apostolos,</strong></span> 
     </span>
     <span class='ocr_line' id='line_1_88' title="bbox 1287 2986 2355 3054; baseline 0.002 -18"><span class='ocrx_word' id='word_1_453' title='bbox 1287 2986 1489 3037; x_wconf 86' lang='lat' dir='ltr'><strong>Christi</strong></span> <span class='ocrx_word' id='word_1_454' title='bbox 1518 2987 1823 3037; x_wconf 87' lang='lat' dir='ltr'><strong>adventum.</strong></span> <span class='ocrx_word' id='word_1_455' title='bbox 1853 2987 1924 3037; x_wconf 89' lang='lat' dir='ltr'><strong>Et</strong></span> <span class='ocrx_word' id='word_1_456' title='bbox 1960 2987 2063 3037; x_wconf 91' lang='lat' dir='ltr'><strong>hoc</strong></span> <span class='ocrx_word' id='word_1_457' title='bbox 2092 2997 2173 3037; x_wconf 90' lang='lat' dir='ltr'><strong>est</strong></span> <span class='ocrx_word' id='word_1_458' title='bbox 2208 2989 2355 3054; x_wconf 89' lang='lat' dir='ltr'><strong>quod</strong></span> 
     </span>
     <span class='ocr_line' id='line_1_89' title="bbox 1286 3056 2353 3124; baseline 0.003 -18"><span class='ocrx_word' id='word_1_459' title='bbox 1286 3056 1538 3108; x_wconf 88' lang='lat' dir='ltr'><strong>subditur</strong></span> <span class='ocrx_word' id='word_1_460' title='bbox 1584 3075 1598 3109; x_wconf 70' lang='grc' dir='ltr'>ε</span> <span class='ocrx_word' id='word_1_461' title='bbox 1639 3058 1753 3109; x_wconf 75' lang='lat' dir='ltr'><strong>Sed</strong></span> <span class='ocrx_word' id='word_1_462' title='bbox 1781 3058 1968 3124; x_wconf 81' lang='lat' dir='ltr'><strong>potius</strong></span> <span class='ocrx_word' id='word_1_463' title='bbox 2005 3058 2077 3107; x_wconf 87' lang='lat' dir='ltr'><strong>ite</strong></span> <span class='ocrx_word' id='word_1_464' title='bbox 2115 3057 2190 3107; x_wconf 86' lang='lat' dir='ltr'><strong>ad</strong></span> <span class='ocrx_word' id='word_1_465' title='bbox 2229 3073 2353 3109; x_wconf 82' lang='lat' dir='ltr'><strong>oves</strong></span> 
     </span>
     <span class='ocr_line' id='line_1_90' title="bbox 1285 3129 2358 3196; baseline 0 -17"><span class='ocrx_word' id='word_1_466' title='bbox 1285 3129 1477 3180; x_wconf 78' lang='lat' dir='ltr'><strong>domus</strong></span> <span class='ocrx_word' id='word_1_467' title='bbox 1512 3129 1705 3192; x_wconf 80' lang='lat' dir='ltr'><strong>Israel,</strong></span> <span class='ocrx_word' id='word_1_468' title='bbox 1749 3142 1869 3196; x_wconf 82' lang='lat' dir='ltr'><strong>quae</strong></span> <span class='ocrx_word' id='word_1_469' title='bbox 1899 3129 2196 3194; x_wconf 82' lang='lat' dir='ltr'><strong>perierunt,</strong></span> <span class='ocrx_word' id='word_1_470' title='bbox 2242 3146 2358 3195; x_wconf 90' lang='lat' dir='ltr'><strong>pro·</strong></span> 
     </span>
     <span class='ocr_line' id='line_1_91' title="bbox 1286 3202 2354 3268; baseline -0.002 -15"><span class='ocrx_word' id='word_1_471' title='bbox 1286 3212 1404 3267; x_wconf 90' lang='lat' dir='ltr'><strong>pter</strong></span> <span class='ocrx_word' id='word_1_472' title='bbox 1432 3202 1747 3254; x_wconf 84' lang='lat' dir='ltr'><strong>idololatriae</strong></span> <span class='ocrx_word' id='word_1_473' title='bbox 1782 3211 2058 3268; x_wconf 86' lang='lat' dir='ltr'><strong>peccatum</strong></span> <span class='ocrx_word' id='word_1_474' title='bbox 2104 3212 2158 3253; x_wconf 91' lang='lat' dir='ltr'><strong>et</strong></span> <span class='ocrx_word' id='word_1_475' title='bbox 2198 3202 2354 3268; x_wconf 88' lang='lat' dir='ltr'><strong>Legis</strong></span> 
     </span>
     <span class='ocr_line' id='line_1_92' title="bbox 1286 3271 2355 3337; baseline -0.002 -14"><span class='ocrx_word' id='word_1_476' title='bbox 1286 3272 1796 3337; x_wconf 86' lang='lat' dir='ltr'><strong>praevaricationem.</strong></span> <span class='ocrx_word' id='word_1_477' title='bbox 1846 3271 1968 3322; x_wconf 88' lang='lat' dir='ltr'><strong>Non</strong></span> <span class='ocrx_word' id='word_1_478' title='bbox 2020 3287 2145 3337; x_wconf 87' lang='lat' dir='ltr'><strong>ergo</strong></span> <span class='ocrx_word' id='word_1_479' title='bbox 2192 3281 2355 3337; x_wconf 88' lang='lat' dir='ltr'><strong>negat</strong></span> 
     </span>
     <span class='ocr_line' id='line_1_93' title="bbox 1284 3341 2348 3409; baseline -0.002 -16"><span class='ocrx_word' id='word_1_480' title='bbox 1284 3343 1420 3409; x_wconf 90' lang='lat' dir='ltr'><strong>quin</strong></span> <span class='ocrx_word' id='word_1_481' title='bbox 1447 3342 1732 3409; x_wconf 87' lang='lat' dir='ltr'><strong>aliquando</strong></span> <span class='ocrx_word' id='word_1_482' title='bbox 1753 3341 1878 3393; x_wconf 85' lang='lat' dir='ltr'><strong>ituri</strong></span> <span class='ocrx_word' id='word_1_483' title='bbox 1909 3341 2018 3392; x_wconf 90' lang='lat' dir='ltr'><strong>sint</strong></span> <span class='ocrx_word' id='word_1_484' title='bbox 2041 3344 2104 3392; x_wconf 89' lang='lat' dir='ltr'><strong>ad</strong></span> <span class='ocrx_word' id='word_1_485' title='bbox 2127 3343 2348 3393; x_wconf 86' lang='lat' dir='ltr'><strong>Gentes:</strong></span> 
     </span>
     <span class='ocr_line' id='line_1_94' title="bbox 1282 3412 2349 3480; baseline -0.001 -16"><span class='ocrx_word' id='word_1_486' title='bbox 1282 3414 1375 3464; x_wconf 90' lang='lat' dir='ltr'><strong>sed</strong></span> <span class='ocrx_word' id='word_1_487' title='bbox 1404 3414 1585 3480; x_wconf 90' lang='lat' dir='ltr'><strong>potius</strong></span> <span class='ocrx_word' id='word_1_488' title='bbox 1613 3422 1665 3463; x_wconf 91' lang='lat' dir='ltr'><strong>et</strong></span> <span class='ocrx_word' id='word_1_489' title='bbox 1694 3412 1868 3478; x_wconf 87' lang='lat' dir='ltr'><strong>primo</strong></span> <span class='ocrx_word' id='word_1_490' title='bbox 1910 3414 1976 3463; x_wconf 91' lang='lat' dir='ltr'><strong>ad</strong></span> <span class='ocrx_word' id='word_1_491' title='bbox 2009 3414 2034 3463; x_wconf 91' lang='lat' dir='ltr'>J</span> <span class='ocrx_word' id='word_1_492' title='bbox 2044 3414 2239 3473; x_wconf 79' lang='lat' dir='ltr'><strong>udaeOS,</strong></span> <span class='ocrx_word' id='word_1_493' title='bbox 2280 3427 2349 3463; x_wconf 88' lang='lat' dir='ltr'><strong>ne</strong></span> 
     </span>
     <span class='ocr_line' id='line_1_95' title="bbox 1279 3482 2347 3535; baseline -0.001 -2"><span class='ocrx_word' id='word_1_494' title='bbox 1279 3483 1450 3534; x_wconf 86' lang='lat' dir='ltr'><strong>Judaei</strong></span> <span class='ocrx_word' id='word_1_495' title='bbox 1515 3484 1775 3535; x_wconf 90' lang='lat' dir='ltr'><strong>haberent</strong></span> <span class='ocrx_word' id='word_1_496' title='bbox 1838 3482 2232 3534; x_wconf 86' lang='lat' dir='ltr'><strong>excusationem</strong></span> <span class='ocrx_word' id='word_1_497' title='bbox 2295 3491 2347 3533; x_wconf 89' lang='lat' dir='ltr'><strong>et</strong></span> 
     </span>
     <span class='ocr_line' id='line_1_96' title="bbox 1280 3556 2345 3623; baseline -0.001 -17"><span class='ocrx_word' id='word_1_498' title='bbox 1280 3572 1494 3608; x_wconf 88' lang='lat' dir='ltr'><strong>causam</strong></span> <span class='ocrx_word' id='word_1_499' title='bbox 1545 3572 1654 3607; x_wconf 90' lang='lat' dir='ltr'><strong>non</strong></span> <span class='ocrx_word' id='word_1_500' title='bbox 1707 3557 2000 3623; x_wconf 90' lang='lat' dir='ltr'><strong>recipiendi</strong></span> <span class='ocrx_word' id='word_1_501' title='bbox 2051 3556 2345 3607; x_wconf 88' lang='lat' dir='ltr'><strong>Dominum</strong></span> 
     </span>
     <span class='ocr_line' id='line_1_97' title="bbox 1280 3625 2350 3696; baseline -0.003 -18"><span class='ocrx_word' id='word_1_502' title='bbox 1280 3637 1333 3678; x_wconf 90' lang='lat' dir='ltr'><strong>et</strong></span> <span class='ocrx_word' id='word_1_503' title='bbox 1358 3628 1734 3694; x_wconf 81' lang='lat' dir='ltr'><strong>Evangelium,</strong></span> <span class='ocrx_word' id='word_1_504' title='bbox 1760 3628 1889 3696; x_wconf 90' lang='lat' dir='ltr'><strong>quia</strong></span> <span class='ocrx_word' id='word_1_505' title='bbox 1917 3627 1981 3678; x_wconf 85' lang='lat' dir='ltr'><strong>ad</strong></span> <span class='ocrx_word' id='word_1_506' title='bbox 2010 3629 2207 3678; x_wconf 87' lang='lat' dir='ltr'><strong>Gentes</strong></span> <span class='ocrx_word' id='word_1_507' title='bbox 2233 3625 2350 3675; x_wconf 85' lang='lat' dir='ltr'><strong>mi-</strong></span> 
     </span>
     <span class='ocr_line' id='line_1_98' title="bbox 1279 3700 2346 3768; baseline -0.004 -16"><span class='ocrx_word' id='word_1_508' title='bbox 1279 3702 1351 3753; x_wconf 93' lang='lat' dir='ltr'><strong>sit</strong></span> <span class='ocrx_word' id='word_1_509' title='bbox 1374 3703 1679 3768; x_wconf 75' lang='lat' dir='ltr'><strong>ApostolOS‚</strong></span> <span class='ocrx_word' id='word_1_510' title='bbox 1711 3701 1947 3752; x_wconf 87' lang='lat' dir='ltr'><strong>dicentes</strong></span> <span class='ocrx_word' id='word_1_511' title='bbox 1984 3717 2058 3761; x_wconf 89' lang='lat' dir='ltr'><strong>se,</strong></span> <span class='ocrx_word' id='word_1_512' title='bbox 2089 3700 2183 3767; x_wconf 89' lang='lat' dir='ltr'><strong>qui</strong></span> <span class='ocrx_word' id='word_1_513' title='bbox 2214 3715 2346 3764; x_wconf 89' lang='lat' dir='ltr'><strong>pro-</strong></span> 
     </span>
     <span class='ocr_line' id='line_1_99' title="bbox 1276 3773 2343 3853; baseline -0.001 -29"><span class='ocrx_word' id='word_1_514' title='bbox 1276 3774 1381 3840; x_wconf 88' lang='lat' dir='ltr'><strong>prii</strong></span> <span class='ocrx_word' id='word_1_515' title='bbox 1411 3784 1579 3838; x_wconf 83' lang='lat' dir='ltr'><strong>erant,</strong></span> <span class='ocrx_word' id='word_1_516' title='bbox 1610 3790 1725 3825; x_wconf 87' lang='lat' dir='ltr'><strong>esse</strong></span> <span class='ocrx_word' id='word_1_517' title='bbox 1765 3775 2002 3840; x_wconf 75' lang='lat' dir='ltr'><strong>rejectos·</strong></span> <span class='ocrx_word' id='word_1_518' title='bbox 2035 3773 2188 3853; x_wconf 79' lang='lat' dir='ltr'><strong>Unde</strong></span> <span class='ocrx_word' id='word_1_519' title='bbox 2221 3782 2343 3838; x_wconf 90' lang='lat' dir='ltr'><strong>post</strong></span> 
     </span>
     <span class='ocr_line' id='line_1_100' title="bbox 1274 3855 2341 3896; baseline -0.001 -1"><span class='ocrx_word' id='word_1_520' title='bbox 1274 3855 1720 3896; x_wconf 81' lang='lat' dir='ltr'><strong>resurrectionem</strong></span> <span class='ocrx_word' id='word_1_521' title='bbox 1764 3859 2083 3896; x_wconf 88' lang='lat' dir='ltr'><strong>ascensurus</strong></span> <span class='ocrx_word' id='word_1_522' title='bbox 2128 3859 2183 3892; x_wconf 82' lang='lat' dir='ltr'><strong>in</strong></span> <span class='ocrx_word' id='word_1_523' title='bbox 2232 3858 2341 3894; x_wconf 86' lang='lat' dir='ltr'><strong>coe-</strong></span> 
     </span>
     <span class='ocr_line' id='line_1_101' title="bbox 1273 3914 2339 3983; baseline -0.003 -15"><span class='ocrx_word' id='word_1_524' title='bbox 1273 3917 1410 3983; x_wconf 88' lang='lat' dir='ltr'><strong>lum,</strong></span> <span class='ocrx_word' id='word_1_525' title='bbox 1441 3916 1581 3969; x_wconf 86' lang='lat' dir='ltr'><strong>dixit</strong></span> <span class='ocrx_word' id='word_1_526' title='bbox 1601 3915 1681 3968; x_wconf 87' lang='lat' dir='ltr'><strong>eis</strong></span> <span class='ocrx_word' id='word_1_527' title='bbox 1718 3932 1735 3968; x_wconf 78' lang='lat'>2</span> <span class='ocrx_word' id='word_1_528' title='bbox 1770 3915 1976 3968; x_wconf 80' lang='lat' dir='ltr'><strong>Euntes</strong></span> <span class='ocrx_word' id='word_1_529' title='bbox 2004 3915 2060 3966; x_wconf 84' lang='lat' dir='ltr'><strong>in</strong></span> <span class='ocrx_word' id='word_1_530' title='bbox 2087 3914 2339 3967; x_wconf 81' lang='lat' dir='ltr'><strong>mundum</strong></span> 
     </span>
    </p>
   </div>
  </div>
 </body>
</html>
