2757 4413
416 351 512 401 DE
542 351 954 403 MINISTERIO
988 352 1311 403 MARTHAE
1343 351 1437 402 ΕΤ
1469 350 1642 402 OTIO
1671 351 1916 403 MARIAE
1946 353 2164 404 MAGD.
2307 349 2407 402 555

198 466 314 520 dum
353 470 487 521 illud
516 487 530 520 :
569 470 741 520 Unam
772 470 906 536 petii
931 484 968 520 a
995 468 1238 531 Domino,

195 541 318 591 hanc
346 541 635 606 requiram,
676 551 771 592 etc.
800 541 899 591 Vel
928 555 1101 602 unum,
1131 539 1241 589 sci-

195 610 302 660 licet
346 612 461 677 ipse
501 611 664 670 DeuS,
711 611 805 677 qui
837 626 980 661 unus
1007 620 1089 659 est
1132 623 1241 674 prae

195 681 436 731 omnibus
479 683 822 747 quaerendus3
853 682 936 732 vel
984 695 1158 741 unum,
1188 679 1242 728 id

192 761 264 800 est
284 751 465 801 unitas
494 750 691 801 mentis
707 753 772 801 ad
792 753 983 810 Deum,
1004 749 1131 816 quia
1154 765 1246 815 per

189 820 338 870 vitam
379 822 846 887 contemplativam
877 837 1030 872 mens
1056 821 1245 871 adhae-

188 901 259 941 ret
282 892 417 952 De0,
460 892 556 957 qui
598 903 679 943 est
725 892 1043 958 simpliciter
1084 906 1242 950 unuS,

188 962 311 1012 sicut
355 978 385 1012 e
436 973 624 1012 contra
676 979 770 1029 per
808 963 974 1014 vitam
1019 962 1242 1012 activam

185 1031 504 1082 intendendo
552 1034 837 1093 creaturis,
893 1049 1014 1101 quae
1062 1033 1245 1082 multae

187 1114 315 1167 sunt,
351 1103 539 1154 anima
583 1104 842 1155 dividitur
869 1115 919 1155 et
956 1120 1049 1170 per
1076 1103 1246 1153 multa

187 1175 514 1227 distrahitur.
566 1178 630 1227 Et
681 1188 857 1228 tamen
910 1179 1078 1228 multa
1120 1185 1245 1227 sunt

186 1247 469 1297 necessaria
519 1248 860 1298 tendentibus
923 1249 987 1298 ad
1043 1263 1242 1306 unum,

188 1320 319 1384 quod
348 1319 611 1369 omnibus
639 1330 717 1369 est
746 1319 1153 1385 praeferendum.

242 1388 268 1439 3
300 1391 424 1450 Quo
447 1406 606 1440 sensu
634 1405 1062 1440 mrumommuu
1090 1406 1104 1439 ι
1136 1390 1245 1439 ΜΑ-

188 1476 269 1510 m
292 1476 533 1510 ormam
560 1477 767 1511 PAR-ren
794 1477 982 1511 ism-:ort
1001 1460 1020 1511 ἰ
1042 1489 1103 1498 -
1126 1459 1248 1510 Μα-

187 1532 266 1582 ria
286 1532 545 1598 optimam
567 1539 776 1596 partem
801 1531 981 1597 elegit,
1009 1545 1244 1581 securam

189 1604 350 1666 magis
395 1611 452 1652 et
484 1602 830 1667 digniorem.‘
855 1601 1020 1662 Quasi
1063 1600 1203 1650 dicat
1231 1615 1245 1648 ι

189 1673 300 1722 Non
329 1683 388 1722 tu
420 1674 639 1736 malam,
683 1673 774 1722 sed
818 1673 909 1723 illa
949 1672 1244 1722 meliorem.

188 1743 260 1793 Ne
283 1758 414 1809 ergo
443 1744 791 1808 conqueraris
831 1745 898 1792 de
937 1744 1051 1793 otio
1092 1757 1247 1791 soro-

187 1815 272 1875 ris,
321 1816 453 1882 quia
502 1817 678 1883 major
731 1822 814 1866 est
854 1817 946 1882 qui
973 1814 1243 1876 recumbit,

184 1901 340 1952 quam
370 1886 465 1951 qui
503 1887 792 1937 ministrat.
838 1887 942 1936 Sed
974 1884 1247 1952 quomodo

185 1957 373 2006 dicitur
393 1957 595 2021 optima
617 1972 773 2022 parS,
818 1972 940 2006 cum
976 1970 1094 2005 eam
1123 1966 1248 2005 tan-

185 2037 296 2077 tum
334 2026 408 2076 sit
453 2037 801 2077 consecutura
828 2027 884 2076 in
914 2026 1110 2092 patria?
1146 2026 1247 2076 Sed

188 2108 237 2148 et
267 2098 418 2148 illam
466 2098 824 2163 optimitatem
870 2096 1170 2148 dulcedinis
1197 2107 1249 2146 et

189 2168 535 2233 jucunditatis
578 2169 762 2234 patriae
808 2168 912 2234 jam
970 2166 1059 2218 hic
1110 2182 1248 2233 prae-

191 2240 436 2304 gustavit,
462 2255 571 2289 non
598 2240 735 2290 sicut
763 2241 820 2290 in
847 2241 1028 2291 futuro
1054 2254 1249 2305 appre-

193 2311 391 2360 hendit.
433 2311 551 2360 Non
601 2322 780 2362 tamen
843 2312 1250 2377 reprehenditur

194 2395 309 2445 pars
329 2382 574 2443 Marthae,
605 2383 732 2447 quia
760 2392 814 2432 et
840 2383 955 2448 ipsa
977 2392 1056 2432 est
1081 2383 1247 2444 bona;

195 2453 280 2504 sed
352 2454 600 2503 laudatur
670 2469 792 2519 pars
850 2454 1048 2515 Mariae,
1123 2454 1252 2519 quia

195 2526 406 2591 optima,
450 2526 601 2591 cujus
663 2542 876 2577 causam
934 2527 1210 2592 subjungit
1236 2543 1250 2576 ε

194 2600 312 2664 quia
338 2615 442 2650 non
469 2600 749 2665 auferetur
773 2602 842 2650 ab
869 2615 950 2664 ea,
982 2600 1084 2650 hoc
1103 2599 1249 2649 enirn

193 2670 341 2736 elegit
363 2672 510 2736 quod
539 2685 750 2736 semper
777 2670 1032 2722 manebit.
1052 2671 1124 2720 “In
1154 2670 1252 2720 hac

194 2738 295 2788 vita
338 2740 529 2805 incipit
573 2750 625 2789 et
654 2750 895 2805 augetur,
921 2740 978 2789 in
1009 2739 1113 2790 alia
1143 2739 1252 2790 vita

194 2810 397 2875 plenius
418 2810 723 2876 perficietur
738 2827 752 2874 ;
784 2812 913 2878 quia
940 2810 1086 2877 quod
1110 2825 1253 2860 nunc

195 2882 330 2932 videt
372 2898 477 2950 per
523 2884 790 2950 speculum
846 2885 900 2933 in
943 2883 1250 2949 aenigmate,

196 2957 314 3003 tunc
351 2953 555 3004 videbit
614 2955 759 3013 facie
805 2955 880 3005 ad
924 2954 1138 3014 faciem.
1187 2954 1253 3003 Et

193 3026 389 3077 amoris
419 3027 560 3093 ignis
585 3028 680 3094 qui
703 3028 791 3078 hic
809 3028 992 3079 ardere
1018 3028 1252 3085 inchoat,

194 3114 313 3149 cum
358 3100 538 3166 ipsum
572 3117 737 3167 quem
774 3111 916 3152 amat
959 3101 1170 3161 viderit,
1196 3100 1254 3150 in

195 3184 430 3220 amorem
472 3172 708 3238 amplius
740 3172 1052 3224 inardescet.
1085 3174 1254 3224 Cari-

196 3246 277 3291 tas
322 3256 589 3308 nunquam
626 3243 852 3307 excidit,
900 3244 1027 3309 quia
1063 3260 1171 3295 una
1204 3254 1256 3295 et

192 3323 242 3363 et
261 3315 446 3364 eadem
475 3315 662 3366 caritas
690 3317 779 3367 hic
807 3326 859 3367 et
886 3317 943 3367 in
972 3318 1142 3383 patria
1167 3333 1257 3368 re·-

192 3399 380 3438 manet.
412 3389 573 3455 Ignis
610 3396 693 3440 est
731 3390 784 3441 in
818 3390 970 3452 Sion,
1009 3397 1059 3441 et
1084 3390 1257 3441 cami-

190 3473 286 3509 nus
308 3459 361 3510 in
388 3460 709 3525 Jerusalem,
743 3461 816 3511 ita
843 3471 896 3511 et
922 3462 1256 3527 contempla-

187 3529 291 3581 tiva
321 3531 509 3581 eadem
537 3541 617 3583 est
645 3532 735 3581 hic
758 3542 815 3583 et
846 3533 903 3582 in
936 3534 1127 3600 patria;
1163 3534 1254 3583 sed

189 3603 591 3669 hicjucunditas
611 3606 808 3657 mentis
835 3617 915 3657 est
941 3607 1252 3673 semiplena,

191 3685 240 3727 et
266 3676 341 3727 ibi
370 3678 473 3728 erit
502 3677 752 3744 perfecta.
798 3679 919 3729 Non
963 3694 1091 3744 ergo
1124 3694 1256 3729 con—-

191 3751 493 3815 templativa
514 3750 798 3811 auferetur,
831 3768 971 3819 quae,
992 3752 1258 3803 subtracta

194 3823 463 3885 praesentis
503 3822 670 3873 seculi
722 3823 880 3886 lucta,
922 3821 1251 3889 perficietur3

195 3893 357 3944 activa
398 3910 522 3945 vero
570 3895 711 3945 sicut
735 3905 787 3945 et
814 3895 946 3947 fides
975 3895 1254 3946 evacuabi-

196 3973 281 4015 tur
302 3967 630 4034 quandoque
651 3974 705 4017 et
731 3966 1029 4029 auferetur,
1040 3965 1169 4034 quia
1196 3964 1253 4015 in

1346 478 1540 520 aeterna
1568 469 1736 536 patria
1771 484 1880 519 non
1918 477 2076 519 erunt
2102 482 2263 534 opera
2292 466 2411 532 pie-

1346 541 1471 591 tatis
1501 539 1809 600 necessaria,
1829 541 1885 590 in
1910 541 2109 605 quibus
2135 540 2249 604 ipsa
2272 553 2413 588 exer-

1347 621 1512 661 cetur.
1537 612 1703 661 Maria
1730 626 1874 677 ergo,
1901 626 1993 676 per
2013 609 2231 660 Domini
2261 624 2415 659 excu·

1348 683 1612 734 sationem
1641 693 1902 741 excusata,
1945 682 2136 732 deinde
2167 681 2413 745 ‚securius

1349 755 1509 816 sedit,
1554 765 1606 805 et
1643 754 1928 821 jucundius
1987 752 2208 820 quievit.
2259 752 2415 803 Unde

1348 827 1690 893 Augustinus
1717 844 1735 877 .-
1766 845 1793 872 α
1834 825 2097 877 Dominus
2126 841 2222 890 pro
2247 824 2416 874 Maria

1349 899 1625 964 respondit
1653 899 1900 961 Marthae3
1945 907 1997 948 et
2037 896 2150 962 ipse
2190 897 2306 959 ejus
2333 895 2414 944 fa-

1351 980 1466 1020 ctus
1493 980 1572 1020 est
1600 970 1902 1026 advocatus,
1936 967 2030 1035 qui
2060 967 2218 1033 judex
2245 965 2415 1016 fuerat

1350 1042 1734 1107 interpellatus.
1768 1042 1899 1101 Quae
1930 1039 2191 1090 sententia
2246 1038 2415 1087 inter-

1350 1111 1567 1178 pellanti
1635 1110 1939 1177 respondit,
1992 1120 2045 1160 et
2112 1116 2413 1172 susceptam

1349 1185 1604 1235 defendit.
1652 1185 1860 1234 Intenta
1888 1192 1998 1233 erat
2027 1181 2235 1231 Martha
2273 1195 2416 1246 quo-

1350 1257 1513 1306 modo
1564 1265 1798 1321 pasceret
1845 1254 2161 1311 Dominum,
2211 1252 2417 1301 intenta

1351 1326 1518 1376 Maria
1561 1324 1835 1392 quomodo
1876 1332 2181 1388 pasceretur
2228 1336 2258 1370 a
2306 1320 2417 1369 Do-

1350 1398 1519 1448 mino·
1552 1398 1600 1446 A
1622 1395 1829 1446 Martha
1850 1394 2154 1444 convivium
2184 1391 2419 1442 Domino

1353 1470 1654 1535 parabatur,
1699 1468 1754 1517 in
1810 1467 1959 1531 cujus
2005 1465 2251 1515 convivio
2309 1463 2417 1528 jam

1353 1540 1519 1590 Maria
1542 1538 1941 1604 jucundabatur.
1968 1537 2103 1586 Mira
2125 1535 2271 1585 enim
2304 1547 2420 1583 sua-

1349 1612 1513 1662 vitate
1561 1611 1859 1668 tenebatur,
1899 1623 2020 1674 quae
2070 1606 2307 1672 profecto
2340 1613 2420 1654 est

1353 1684 1524 1747 major
1556 1681 1752 1731 mentis
1780 1695 1941 1747 quam
1983 1677 2203 1729 ventris.
2232 1676 2419 1726 Excu-

1353 1766 1465 1805 sata
1506 1764 1603 1814 est,
1642 1753 1779 1804 sedit
1819 1751 2073 1802 securior.
2122 1751 2243 1800 Non
2293 1762 2420 1812 ergo

1353 1826 1622 1876 Dominus
1640 1840 1778 1890 opus
1803 1821 2163 1889 reprehendit,
2185 1820 2277 1870 sed
2306 1835 2422 1868 mu-

1354 1912 1459 1947 nus
1504 1895 1785 1946 distinxit:
1816 1909 1923 1944 una
1953 1903 2034 1943 est
2061 1891 2317 1950 theorica,
2365 1888 2419 1937 id

1354 1977 1436 2018 est
1483 1966 1864 2032 contemplatio
1916 1964 2034 2024 Dei,
2087 1963 2173 2013 cui
2227 1961 2420 2011 merito

1352 2040 1600 2101 universa
1649 2038 1909 2089 virtutum
1969 2035 2143 2086 studia
2197 2042 2422 2099 postpo-

1353 2110 1575 2162 nuntur.
1636 2129 1663 2157 v>
1719 2108 1874 2159 Unde
1930 2118 1982 2158 et
2032 2105 2350 2158 Ambrosius
2405 2120 2422 2153 .·

1355 2203 1384 2233 «
1416 2186 1553 2250 Agat
1579 2192 1631 2234 te
1658 2182 1797 2234 sicut
1827 2181 2048 2233 Mariam
2093 2176 2422 2229 desiderium

1353 2255 1657 2322 sapientiae;
1720 2254 1821 2303 hoc
1868 2253 2014 2303 enim
2060 2251 2261 2314 majus,
2320 2248 2424 2297 hoc

1355 2326 1638 2393 perfectius
1666 2340 1820 2390 opus,
1847 2325 1955 2374 Nec
1985 2320 2268 2371 ministerii
2296 2332 2424 2368 cura

1354 2412 1386 2447 a
1415 2396 1720 2461 cognitione
1760 2394 1907 2444 verbi
1932 2391 2163 2443 coelestis
2188 2399 2241 2439 te
2268 2403 2422 2439 aver-

1356 2476 1449 2518 tat.
1480 2467 1588 2516 Nec
1614 2480 1804 2531 arguas
1842 2480 1933 2514 eos
1967 2472 2019 2513 et
2045 2461 2249 2511 otiosos
2276 2458 2424 2524 judi-

1356 2552 1444 2588 ces
1472 2551 1611 2603 quos
1649 2536 1830 2585 videas
1873 2534 2084 2584 studere
2126 2528 2419 2596 sapientiae.

1360 2609 1466 2659 Nec
1514 2606 1721 2657 Martha
1768 2617 1944 2656 tamen
1983 2603 2039 2653 in
2082 2603 2226 2652 bono
2257 2598 2424 2650 mini-

1357 2679 1521 2730 sterio
1582 2676 2017 2744 reprehenditur;
2094 2673 2186 2723 sed
2237 2669 2421 2729 Maria,

1357 2752 1502 2818 quod
1533 2749 1812 2800 meliorem
1860 2758 2063 2814 partem
2101 2742 2206 2794 sibi
2245 2744 2424 2807 elege-

1356 2827 1447 2886 rit,
1494 2824 1800 2876 antefertur.
1847 2824 2002 2873 Jesus
2051 2819 2195 2870 enim
2238 2816 2427 2866 multis

1357 2898 1595 2948 abundat
1626 2905 1678 2946 et
1720 2895 1891 2945 multo
1931 2892 2171 2958 largitur,
2221 2898 2272 2939 et
2305 2888 2424 2938 ideo

1358 2967 1651 3034 sapientior
1682 2967 1827 3032 quod
1853 2963 2141 3031 principale
2180 2958 2423 3019 advertit,

1358 3038 1538 3104 elegit.
1578 3038 1822 3103 Denique
1867 3032 2110 3100 Apostoli
2158 3030 2425 3096 optimum

1361 3128 1473 3163 non
1496 3119 1815 3178 putaverunt
1837 3107 2198 3173 derelinquere
2217 3103 2428 3155 verbum

1360 3184 1465 3234 Dei
1509 3189 1562 3233 et
1604 3182 1914 3231 ministrare
1962 3177 2159 3228 mensis
2195 3194 2211 3227 .·
2253 3195 2281 3223 >³
2311 3174 2427 3223 haec

1358 3254 1694 3306 Ambrosius,
1748 3253 1931 3317 Itaque
1975 3247 2157 3302 Mariae
2189 3261 2325 3313 pam,
2372 3243 2426 3293 id

1360 3334 1442 3375 est
1470 3322 1940 3388 contemplationis
1980 3319 2174 3377 otium,
2205 3315 2428 3367 Marthae

1363 3394 1667 3444 ministerio
1690 3393 1906 3459 praelata
1925 3400 2021 3454 est,
2045 3389 2173 3455 quia
2192 3386 2431 3453 dignior,

1361 3466 1562 3517 scilicet
1588 3465 1917 3530 Angelorum
1946 3459 2335 3514 conversationi
2356 3455 2429 3506 vi·

1360 3536 1551 3596 cinior,
1602 3545 1654 3586 et
1702 3535 1832 3601 quia
1886 3532 2143 3592 securior,
2191 3540 2246 3580 et
2300 3526 2429 3594 quia

1360 3609 1613 3676 quietior,
1658 3618 1710 3658 et
1737 3607 1865 3674 quia
1888 3605 2188 3672 jucundior,
2215 3611 2267 3651 et
2301 3597 2432 3666 quia

1361 3679 1691 3742 diuturnior3
1725 3679 1853 3745 quia
1881 3693 1981 3728 non
2009 3676 2303 3741 auferetur.
2336 3671 2433 3720 Illa

1361 3769 1487 3804 vero
1565 3751 1928 3819 periculosior,
1978 3757 2192 3815 propter
2255 3745 2431 3795 lutum

1361 3835 1415 3876 et
1488 3827 1758 3892 pulverem
1836 3820 2063 3888 pedibus
2137 3817 2433 3867 activorum

1360 3896 1740 3952 adhaerentem,
1766 3903 1818 3943 et
1858 3888 2191 3948 laboriosior,
2219 3895 2436 3954 propter

1362 3963 1781 4016 sollicitudinem
1800 3971 1854 4013 et
1870 3959 2289 4026 occupationem,
2318 3970 2437 4022 pro-
