2757 4413
384 165 489 218 836
1235 157 1452 207 INDEX
1481 155 1795 205 CAPITUM

477 370 710 423 CAPUT
732 369 1056 419 LXXXVIII.
1079 396 1138 405 -—
1157 367 1241 417 De
1267 365 1647 416 traditionibus
1682 359 2113 424 Pharisaeorum,
2143 363 2303 413 etiam
2322 374 2505 417 contra

1262 455 1367 505 Dei
1396 454 1722 504 mandatum.

416 650 436 684 1
464 633 613 683 Vana
629 632 1018 682 Pharisaeorum
1040 632 1286 697 redargu·
1584 630 1864 680 5Peccata
1895 630 1951 678 in
1989 630 2146 679 corde
2187 646 2445 696 generan-

439 705 535 765 tio,
563 715 615 755 et
648 704 870 771 quinam
898 704 1009 754 sint
1048 704 1179 769 ipsis
1204 704 1282 754 si-
1612 712 1715 752 tur.
1816 716 1822 722 ·
1972 740 1976 748 .
2493 705 2586 773 789

442 775 639 825 miles?
1334 771 1437 838 786
1581 771 1613 821 6
1642 773 1721 822 De
1768 771 1923 820 malis
1971 771 2383 837 cogitationibus
2430 791 2443 824 :

413 865 444 899 2
480 850 745 900 Pet-versae
776 848 1166 898 Pharisaeorum
1187 857 1286 897 tra·
1387 871 1390 876 ·
1613 843 1849 908 ipsarum
1880 841 2048 908 origo,
2363 836 2374 854 ⁸
2492 866 2585 916 790

445 918 678 968 ditiones
703 918 829 983 Legi
851 918 1145 969 contrariae.
1335 915 1439 982 787
1585 930 1615 979 7
1665 913 1948 971 Quomodo
2032 914 2443 979 cogitationibus

419 991 446 1042 3
494 991 805 1056 Hypocrisis
889 991 1282 1041 Pharisaeorum
1614 984 1772 1033 malis
1809 984 2189 1035 resistendum.
2495 1008 2581 1058 79¹

447 1061 747 1111 damnatur.
1338 1056 1442 1123 788
1586 1054 1619 1104 8
1650 1056 1867 1105 Moralis
1888 1056 2170 1108 instructio
2199 1074 2264 1109 ex
2291 1059 2449 1112 incre-

417 1148 454 1197 4
478 1132 556 1182 De
574 1146 711 1182 caeco
730 1132 980 1183 ducatum
1005 1147 1142 1182 caeco
1162 1146 1290 1196 prae-
1617 1126 1831 1192 patione
1878 1127 2269 1179 Pharisaeorum
2317 1131 2443 1181 hau·

447 1212 634 1253 stante.
1339 1199 1443 1267 789
1617 1198 1819 1247 fienda·
2496 1220 2582 1271 792

631 1376 863 1427 CAPUT
906 1375 1194 1424 LXXXIX.
1217 1401 1281 1410 —
1309 1372 1394 1422 De
1426 1370 1649 1420 muliere
1670 1368 1986 1418 Chananaea
2010 1373 2062 1416 et
2088 1367 2205 1432 ejus
2215 1369 2362 1434 filia.

424 1564 441 1598 1
477 1547 696 1598 Accedit
751 1546 817 1596 ad
873 1546 1055 1596 Jesum
1096 1544 1292 1594 mulier
1577 1538 1619 1588 -6
1667 1537 1977 1597 Exauditur‚
2018 1538 2452 1603 sanationemque

448 1618 768 1676 Chananaea‚
801 1616 997 1666 animae
1031 1614 1292 1681 peccatri-
1445 1631 1450 1642 “
1615 1607 1738 1658 filiae
1784 1622 1876 1672 per
1920 1606 2080 1657 fidem
2137 1618 2188 1657 et
2226 1624 2451 1674 perseve-

449 1687 523 1737 cis
551 1685 738 1752 figura.
1342 1682 1443 1751 793
1619 1677 1848 1727 rantiam
1873 1688 2123 1727 meretur.
2494 1677 2587 1744 796

421 1775 451 1808 2
488 1759 649 1808 Fides
701 1769 753 1808 et
809 1757 1077 1808 confessio
1131 1757 1293 1821 hujus
1588 1767 1618 1816 7
1645 1750 1810 1799 Sidon
1830 1759 1882 1799 et
1901 1750 2100 1815 capella
2130 1750 2257 1815 eius.
2495 1765 2588 1815 797

452 1827 711 1877 mulieris,
844 1851 855 1862 2·
1345 1825 1445 1893 793
1587 1820 1620 1870 8
1656 1820 1955 1884 Allegorice
1990 1821 2186 1869 mulier
2241 1819 2450 1871 Chana-

425 1897 452 1947 3
479 1897 766 1947 Silentium
824 1896 1025 1946 Christi
1063 1897 1128 1946 ad
1162 1912 1294 1945 con·
1620 1906 1732 1939 naea
1771 1899 1850 1939 est
1879 1891 2112 1942 Ecclesia
2161 1892 2227 1940 de
2265 1890 2450 1941 Genti-

453 1966 703 2017 stantiam
785 1966 899 2031 ejus
967 1965 1294 2031 probandam
1617 1963 1738 2012 bus,
2499 1979 2587 2029 797

454 2036 1008 2102 perseverantiamque
1097 2036 1295 2085 docen-
1588 2048 1621 2099 9
1648 2031 1918 2081 Moraliter
1939 2031 2049 2082 filia
2071 2034 2186 2098 ejus
2206 2042 2286 2083 est
2303 2047 2453 2099 quae-

452 2107 594 2157 darn.
1341 2121 1449 2172 794
1619 2105 1751 2154 libet
1781 2106 2106 2155 conscientia
2127 2107 2345 2172 polluta.
2503 2120 2589 2170 797

424 2193 460 2244 4
487 2177 803 2228 Chananaeae
840 2176 1135 2228 humilitas.
1345 2193 1452 2245 794
1564 2190 1625 2225 10
1654 2174 1773 2225 Alia
1814 2175 2133 2241 significatio
2179 2175 2458 2241 allegorica

429 2247 456 2298 5
495 2248 681 2298 Petitio
738 2247 931 2312 triplex
982 2247 1296 2298 Chananaeae
1620 2249 1866 2298 mulieris
1903 2249 2238 2309 Chananaeae‚
2268 2261 2320 2299 et
2366 2263 2458 2298 ex-

452 2318 649 2384 triplici
709 2317 889 2384 gratiae
946 2318 1152 2368 effectui
1222 2334 1296 2368 re·
1619 2321 1850 2370 hortatio
1904 2322 1968 2371 ad
2019 2322 2193 2387 ipsam
2243 2322 2460 2372 imitan-

453 2389 734 2454 spondens,
1346 2388 1450 2456 796
1623 2392 1763 2441 dam·
2504 2392 2586 2458 793

702 2585 940 2636 CAPUT
969 2586 1078 2636 XC.
1104 2615 1162 2623 —
1182 2587 1267 2636 De
1283 2588 1449 2638 surdo
1479 2595 1531 2638 et
1558 2594 1699 2639 muto
1724 2604 1759 2637 α
1782 2588 2017 2638 doemone
2033 2603 2307 2654 possesso,

428 2749 446 2783 1
485 2734 708 2784 Sanatur
753 2735 946 2784 surdus
1004 2743 1059 2784 et
1109 2745 1294 2786 mutus
1624 2745 1721 2786 ter.
2505 2731 2585 2781 801

450 2820 481 2855 a
534 2806 780 2856 daemone
844 2822 1141 2872 possessuS‚
1200 2802 1297 2873 per
1592 2822 1628 2871 4
1668 2802 1902 2856 Sanandi
1961 2815 2288 2872 peccatorem
2342 2821 2461 2855 mo-

451 2891 614 2941 quem
642 2894 811 2942 genus
840 2879 1140 2929 humanum
1166 2877 1297 2944 figu-
1624 2877 1741 2927 dus.
1826 2892 1834 2900 ’
2341 2922 2344 2925 ,
2506 2874 2589 2923 802

453 2957 617 2998 ratur.
1343 2969 1447 3021 799
1575 2947 1622 2997 ·5
1651 2948 1994 3014 Praecipiendi
2017 2961 2084 2996 ne
2103 2946 2188 2996 cui
2229 2946 2462 2997 dicerent

422 3033 452 3067 2
485 3018 657 3081 Hujus
702 3020 925 3069 sanandi
969 3022 1162 3071 modus
1197 3037 1294 3072 ex-
1622 3037 1810 3072 causae.
2168 3069 2177 3081 ,
2504 3017 2590 3067 802

453 3089 696 3156 plicatus.
1342 3092 1447 3144 800
1591 3090 1623 3140 6
1653 3092 1883 3142 Vitanda
1909 3105 2044 3141 vana
2068 3090 2256 3157 gloria.
2501 3083 2587 3135 803

425 3159 452 3210 3
489 3162 694 3212 Surdus
749 3171 801 3211 et
853 3173 1038 3215 mutus
1085 3163 1294 3214 morali-

615 3336 847 3413 CAPUT
879 3339 1015 3390 XCI.
1050 3369 1108 3377 —
1134 3342 1218 3392 De
1245 3341 1535 3407 refectione
1573 3348 1804 3407 quatuor
1840 3344 2064 3395 millium
2100 3345 2385 3395 hominum.

427 3495 445 3529 1
482 3480 733 3532 Miracula
762 3483 932 3533 multa
973 3483 1137 3535 simul
1174 3503 1294 3553 ope·
1595 3489 1644 3539 3·
1687 3488 1985 3558 Responsio
2077 3488 2464 3558 discipulorum

436 3559 578 3630 rrata.
795 3566 806 3574 -
1343 3557 1450 3622 ‚804
1622 3562 1780 3628 plena
1807 3564 2139 3615 diffidentiae.
2504 3555 2588 3609 806

419 3634 448 3669 2
486 3621 753 3699 Miseratio
771 3624 991 3675 Domini
1013 3641 1172 3693 super
1188 3637 1294 3679 tur-
1591 3648 1628 3698 4
1655 3633 1901 3685 Christus
1920 3651 2079 3701 panes
2110 3645 2160 3685 et
2181 3634 2464 3700 pisciculos

452 3694 574 3745 bam
595 3711 718 3747 eum
739 3710 1071 3765 sequentem.
1339 3699 1445 3754 805
1626 3704 1995 3756 benedictione
2040 3721 2136 3756 sua
2198 3702 2461 3769 multipli-
