2757 4413
980 353 1089 405 ΕΤ
1106 349 1592 404 NUMERORUM.
2322 351 2425 407 825

215 498 249 531 2
281 478 483 531 Electio
513 495 660 529 Lxxn
687 477 1094 544 discipulorum,

245 550 535 618 qui-etiam
562 549 685 601 bini*
709 550 774 601 ad
796 548 1096 615 praedicatt-
1153 541 1167 559 ⁰

245 626 380 676 dum
410 624 716 676 mittuntur.
1146 619 1248 686 527

216 695 247 747 3
321 695 576 747 Reversio
664 694 1095 761 discipulorum,

245 781 386 833 quos
413 775 601 818 contra
626 764 935 833 superbiam
965 778 1094 832 prae-

246 838 445 889 munit.
1145 830 1247 883 528

212 926 253 975 4
306 909 544 962 Potestas
592 909 836 976 ejiciendi
887 908 1094 958 daemo-

247 998 382 1033 num
429 983 513 1034 e‘st
557 983 731 1049 gratia
769 980 937 1048 gratis
971 978 1092 1029 data

245 1062 299 1104 et
326 1053 553 1120 proinde
574 1052 830 1104 omnibus
851 1049 965 1102 dari
990 1064 1099 1115 pos-

244 1134 368 1175 test.
1141 1118 1244 1187 529

216 1193 249 1243 5
289 1194 369 1244 Ex
419 1194 525 1244 hoc
569 1194 685 1245 solo
731 1190 1091 1259 gaudendum¹

244 1268 392 1335 quod
420 1266 653 1330 nomina.
672 1266 868 1334 scripta
899 1263 1104 1317 sintin.

246 1338 416 1390 coelis,
1142 1330 1171 1384 5
1179 1330 1245 1383 3ο

213 1408 249 1459 6
286 1406 540 1460 Exsurtat
571 1406 823 1459 Christus
869 1413 924 1457 et
966 1419 1093 1472 gra-

1425 474 1541 526 tias*
1572 471 1688 539 agit
1729 471 1797 523 de
1840 470 2117 522 vocatione
2144 484 2272 537 par-

1421 545 1675 597 vulorum
1705 544 1771 594 ad
1794 542 2131 609 sapientiam.
2324 542 2427 595 530

1394 631 1430 681 7
1475 613 1594 664 Cur·
1636 613 1844 679 parvuli
1888 612 2128 673 credunt,
2183 627 2273 664 sa-

1422 686 1631 752 pientes
1658 701 1785 736 vero
1815 700 1926 735 non
1950 684 2208 735 credunt?
2320 685 2419 736 532
2519 732 2524 742 ,

1390 756 1424 809 8
1455 757 1694 808 Medium
1739 757 2040 808 vocationis
2072 772 2272 823 parvu-

1421 830 1599 879 lorum
1637 829 1755 894 ipse
1782 828 2032 879 Christus
2060 837 2157 878 est.
2320 828 2419 880 533

1390 914 1425 967 9
1449 898 1809 949 Familiariter
1835 908 1887 949 et
1913 913 2095 949 secure
2118 912 2268 948 acce-

1310 999 1317 1012 ·
1420 968 1659 1020 dendum
1683 979 1764 1020 est
1789 969 1860 1019 ad
1881 969 2084 1028 Jesum,
2116 968 2267 1033 cujus

1315 1057 1320 1070 ¹
1416 1040 1604 1107 iugum
1631 1055 1809 1091 suave.
2317 1038 2416 1091 533

1364 1126 1428 1162 10
1455 1111 1734 1162 Discendae
1785 1110 1853 1162 ab
1898 1110 2018 1177 ipso
2066 1109 2268 1161 mititas

1420 1190 1472 1232 et
1496 1181 1796 1232 humilitas·
2318 1180 2422 1246 534

1363 1270 1383 1306 1
1400 1270 1419 1307 1
1459 1254 1745 1306 Praemium
1773 1254 2130 1307 servientium
2153 1257 2265 1308 Do,-

1420 1327 1588 1390 min0,
1613 1328 1827 1395 requies
1851 1328 2065 1382 animae.
2320 1328 2421 1381 535

312 1629 554 1683 CAPUT
588 1627 739 1680 LIX.r
759 1656 823 1667 -
845 1625 946 1679 De¹
969 1623 1177 1677 homi—ne
1209 1619 1458 1675 sauciato
1490 1626 1544 1671 et
1584 1620 1863 1672 vulnerato
1903 1636 1940 1672 a
1988 1595 2304 1675 latronibus,

216 1847 233 1882 1
283 1828 725 1895 Quadrupliciter
767 1823 940 1875 videri
985 1836 1089 1888 po·-

237 1910 354 1962 test·
383 1900 651 1959 Christus,
688 1906 742 1947 et
771 1911 880 1962 quo
925 1907 1099 1944 sensu
1150 1916 1155 1924 ·

239 1971 430 2021 beatos
472 1968 604 2020 dicit
633 1968 756 2018 ilios
784 1965 879 2032 qui
907 1963 1092 2031 ipsum
1212 2033 1216 2038 ἱ

235 2042 506 2093 viderunt.
1141 2031 1243 2098 537

211 2127 240 2161 2
320 2108 688 2177 Legisperitus
799 2106 1104 2171 interrogat·

240 2181 522 2234 Christum
564 2181 637 2232 de.
671 2178 832 2230 modo
901 2175 1095 2245 acqui-

241 2253 394 2302 rendi
433 2251 599 2303 vitam
627 2260 898 2301 ae‘ternam.
982 2294 985 2303 ,
1139 2244 1242 2296 538

211 2325 239 2376 3
271 2327 602 2391 Praeceptum
639 2320 942 2373 dilectionis
965 2334 1092 2386 erga

237 2398 413 2447 Deum
437 2407 502 2453 et,
517 2394 844 2462 proximum.
1140 2389 1242 2441 538

208 2483 246 2532 4
271 2467 531 2517 Parabola
576 2462 895 2514 Samaritani
935 2480 949 2513 ε
993 2477 1089 2528 ge-

242 2555 347 2589 nus
379 2539 685 2589 humanum
714 2550 806 2602 per
831 2534 1089 2586 viatorem

241 2608 519 2674 figuratur.
1140 2600 1257 2670 539·
1309 2626 1314 2637 ·

218 2679 244 2728 5
276 2679 564 2740 Quomodo
609 2676 963 2742 despoliatum
988 2673 1092 2729 fuit

243 2760 296 2800 et
319 2750 672 2801 vulneratum.
689 2748 744 2798 in
769 2749 1011 2799 Adama-
1140 2745 1242 2811 540

217 2818 249 2869 6
288 2820 558 2887 Qujdpet
585 2816 1101 2869 sacerdotemetsse-

1414 1815 1588 1866 vitam?
1625 1824 2055 1882 pertranseuntes
2092 1819 2271 1885 signi-

1416 1885 1652 1939 ficetur?
2316 1889 2424 1955 541'

1387 1972 1432 2023 γ
1454 1956 1599 2018 Quid
1620 1971 1716 2023 per
1736 1958 2133 2011 Samaritanum
2150 1975 2270 2011 sue—

1416 2037 1719 2080 currentem
1737 2029 1758 2079 ?
2315 2031 2411 2096 541

1384 2099 1419 2151 8
1452 2100 1595 2159 Quid
1623 2116 1724 2166 per¹
1744 2103 2019 2153 stabulum
2043 2113 2096 2153 et
2126 2104 2265 2156 duos

1414 2174 1663 2225 denarios
1682 2174 1998 2241 productos?
2317 2174 2412 2241 541

1384 2263 1418 2315 9
1459 2245 1682 2312 Mystice
1715 2244 1977 2312 peccatori
2021 2245 2263 2312 applica-

1413 2327 1514 2368 tur
1528 2317 1648 2368 haec‘
1675 2317 1943 2383 parabola.
2315 2319 2415 2383 542

1360 2402 1421 2439 10
1452 2388 1588 2447 Quis
1611 2387 1892 2454 proximus
1917 2387 2146 2437 noster?
2312 2387 2411 2453 543

1357 2474 1413 2511 11
1459 2459 1683 2509 Dilectio
1702 2468 1928 2524 utraque
1946 2457 2003 2507 in
2030 2458 2253 2510 Christo

1414 2530 1630 2598 impleri
1672 2539 1863 2597 potest,
1906 2528 2000 2594 qui
2034 2530 2179 2582 Deus
2208 2542 2261 2583 et

1412 2604 1692 2672 proximus
1721 2613 1822 2656 est.
2313 2604 2413 2670 543

1360 2693 1421 2727 12
1456 2677 1833 2728 Misericordiae
1860 2684 1912 2728 et
1939 2674 2117 2725 oneris
2150 2691 2266 2726 mu-

1415 2757 1512 2800 tua
1535 2748 1787 2814 portatio.
2314 2748 2414 2814 543

1361 2818 1419 2870 13
1455 2819 1798 2872 Exhortatio·
1816 2819 1886 2869 ad
1910 2819 2203 2871 caritatem.
2312 2818 2417 2885 544

487 3048 724 3101 CAPUT
765 3047 885 3100 LX.
908 3046 1093 3099 -De
1110 3047 1431 3114 poenitentia
1463 3047 1672 3099 Mariae
1711 3045 2094 3113 Magdalenoe.

217 3266 235 3300 1
271 3250 382 3303 Cur
404 3269 539 3304 cum
553 3253 923 3318 peccatoribus·
941 3267 1101 3305 manr-

240 3321 517 3373 ducaverit
545 3323 827 3374 Christus?
1137 3322 1238 3388 545

214 3408 242 3441 2
279 3394 507 3445 Accedit.
537 3397 604 3446 ad
630 3396 939 3447 Dominum
966 3397 1090 3449 Ma,-
1122 3401 1126 3404 ’

240 3463 317 3515 ria
345 3466 674 3532 Magdalena,
711 3477 764 3518 et
799 3465 939 3532 quid
963 3481 1094 3532 erga

240 3534 423 3601 ipsum
445 3535 576 3602 agit.
1136 3535 1242 3603 546

214 3603 240 3655 3
266 3608 433 3659 Pedes
460 3607 685 3659 Domini
711 3610 937 3676 mystice
960 3625 1105 3676 pau--

237 3694 387 3746 peres
418 3679 740 3746 significant.
1138 3679 1240 3748 547

197 3763 248 3829 04
276 3750 519 3812 Quilibet
536 3752 800 3817 poenitens
818 3770 915 3821 per
931 3756 1085 3821 Mag-

242 3821 486 3873 dalenam
516 3822 788 3889 figuratur.
1137 3824 1240 3890 547

222 3890 246 3940 5
285 3894 474 3961 Iniqua
503 3895 760 3947 Pharisaei
792 3895 1086 3962 reprehen-

1378 3266 1718 3373 6⁵¹garaboia
1748 3322 1828 3373 de*
1858 3301 2074 3377 duobus
2108 3322 2265 3374 debi-
2311 3249 2415 3314 548

1410 3393 1639 3443 toribus.
2308 3390 2414 3460 549

1380 3480 1412 3531 7
1446 3463 1701 3514 Pharisaei
1743 3464 1979 3517 defectus
2016 3473 2123 3515 tres
2168 3479 2263 3530 per

1411 3534 1690 3600 triplicem.
1732 3537 1995 3588 actionem
2038 3536 2271 3602 Magdaz-

1409 3606 1543 3656 lenae
1590 3607 1942 3674 compensati.
2312 3605 2415 3674 549

1380 3675 1413 3727 8
1441 3678 1581 3728 Cum
1614 3679 1805 3731 omnia·
1823 3679 1880 3728 in
1904 3677 2117 3730 caritate
2143 3693 2267 3731 conr

1411 3763 1713 3815 sumentur,
1766 3751 2082 3817 justificatur
2137 3753 2263 3813 Ma·-

1410 3821 1491 3873 ria
1521 3824 1849 3890 Magdalena.
2310 3823 2412 3892 549

1380 3911 1414 3963 9
1443 3895 1668 3962 Mystice
1704 3897 1848 3948 Deus
1887 3907 1969 3948 est
1993 3897 2261 3948 fenerator
