2757 4413
379 297 473 348 DE
510 297 767 348 JUDAEIS
799 296 1066 348 SIGNUM
1098 296 1192 345 DE
1224 294 1435 346 COELO
1470 290 2015 354 QUAEREN'HBUS,
2047 291 2202 344 ETC.

195 413 375 473 ctione,
401 412 532 479 quia
558 412 790 479 diligunt
818 411 1119 474 immunda,
1165 410 1249 461 vel

195 487 543 554 persuasione,
559 485 687 553 quia
706 488 930 537 suadent
949 486 1248 544 immunda,

194 560 266 610 vel
306 558 719 619 inhabitatione,
771 558 898 624 quia
953 556 1251 607 inhabitant

194 630 337 680 corda
370 629 672 688 immunda,
707 629 909 679 exierit
934 628 1003 678 ab
1020 628 1245 688 homine,

197 699 389 749 scilicet
430 714 461 748 a
490 700 689 764 populo
718 698 955 760 Judaico,
988 697 1133 764 quia,
1164 713 1252 747 se-

196 771 424 820 cundum
453 771 814 832 Ambrosium,
845 770 902 819 in
929 769 1148 819 homine
1167 779 1253 818 to-

197 842 290 893 tius
313 842 527 893 Judaici
575 842 758 908 populi
789 841 1111 907 comparatio
1152 852 1251 901 est,

193 928 219 962 a
239 928 343 978 quo
370 913 584 962 vivente
607 913 782 963 adhuc
802 913 1032 977 sublege
1050 921 1253 961 naturae

192 984 502 1034 immundus
532 983 753 1049 spiritus
779 983 977 1034 exierat
1000 999 1097 1049 per
1127 998 1252 1033 sus-

190 1055 482 1119 ceptionem
530 1053 688 1119 Legis
719 1052 979 1113 Mosaicae,
1018 1052 1256 1103 ambulat

186 1141 273 1191 per
286 1128 407 1178 loca
420 1127 585 1177 arida
606 1133 657 1176 et
682 1127 955 1192 inaquosa,
975 1126 1028 1175 id
1052 1135 1129 1176 est
1143 1140 1255 1174 cor-

188 1195 247 1246 da
284 1196 592 1247 Gentilium
623 1196 771 1261 prius
803 1197 1028 1246 humore
1071 1194 1252 1260 gratiae

188 1276 235 1316 et
257 1262 435 1318 vir'ore
463 1267 608 1327 fidei,
630 1282 688 1317 ac
716 1265 1041 1332 pinguedine
1078 1265 1253 1331 Spiri-

188 1347 265 1388 tus
317 1338 504 1389 Sancti
556 1337 782 1388 carentia
812 1337 977 1387 ritum
1027 1336 1253 1386 idolola-

190 1408 292 1460 triae
315 1419 368 1461 et
393 1410 631 1461 maculas
654 1408 940 1459 criminum
955 1409 1032 1458 eis
1052 1407 1252 1457 immit-

191 1486 356 1546 tend03
374 1498 620 1550 quaerens
635 1483 688 1532 in
717 1482 795 1532 eis
821 1482 1070 1548 requiem,
1092 1480 1145 1530 id
1171 1491 1250 1531 est

191 1566 496 1621 perpetuam
526 1554 882 1616 mansionem,
899 1562 1148 1618 appetens
1170 1551 1246 1602 ibi

189 1625 406 1677 finaliter
430 1640 645 1676 manere
678 1639 770 1690 per
804 1622 1173 1674 infidelitatem
1196 1632 1247 1672 et

191 1697 609 1747 dominationem
631 1712 646 1759 ;
665 1703 716 1747 et
734 1711 834 1747 non
862 1695 1072 1757 invenit,
1098 1694 1244 1760 quia,

189 1767 499 1818 adveniente
541 1766 761 1817 Christo
808 1776 861 1816 et
909 1764 1245 1830 praedicanti-

189 1835 284 1886 bus
311 1835 606 1903 Apostolis,
647 1846 889 1900 suscepta
913 1834 1116 1885 Christi
1142 1833 1244 1884 fide

187 1906 308 1957 inde
347 1909 549 1973 ejectus
588 1906 704 1956 fuit.
743 1907 893 1956 Tunc
926 1905 1072 1969 dicit,
1104 1905 1244 1955 intra

189 1993 240 2028 se
267 1995 280 2028 ε
313 1979 580 2029 Revertar
614 1978 667 2027 in
696 1978 904 2027 domum
953 1990 1138 2039 meam,
1187 1976 1241 2025 id

189 2057 265 2098 est
309 2049 372 2099 ad
427 2049 688 2114 populum
750 2046 1050 2106 Judaicum,
1106 2046 1244 2096 unde

189 2121 350 2184 exivi,
390 2136 486 2171 eos
524 2120 859 2170 dimittendo.
904 2120 983 2170 Et
1035 2119 1244 2170 veniens

192 2192 386 2244 Invenit
412 2208 531 2243 eam
563 2198 832 2243 vacantem
866 2192 932 2242 ab
952 2192 1242 2242 observan-

192 2266 263 2318 tia
285 2267 464 2334 Legis,
494 2277 545 2317 et
569 2267 819 2333 operibus
858 2267 1118 2317 virtutum
1152 2282 1245 2331 per

193 2339 594 2405 negligentiam,
616 2354 674 2388 ac
695 2338 799 2388 fide
825 2349 876 2389 et
899 2338 1056 2388 bonis
1079 2337 1246 2403 operi-

192 2408 288 2459 bus
317 2424 560 2469 vacuam,
582 2418 632 2460 et
654 2408 949 2466 Christum,
977 2408 1242 2473 hospitem

193 2496 293 2530 non
322 2481 632 2540 habentem,
663 2486 714 2530 et
730 2479 909 2544 scopis
938 2479 1244 2528 mundatam

191 2550 254 2600 ab
276 2551 533 2616 operibus
556 2550 809 2600 vitiorum
826 2547 1243 2615 superficialiter,

191 2631 238 2671 et
260 2621 555 2671 secundum
578 2621 959 2686 apparentiam,
989 2615 1116 2685 quia
1145 2634 1245 2684 po-

192 2693 344 2757 pulus
380 2691 633 2742 Judaicus
684 2692 911 2741 habebat
957 2692 1245 2756 quamdam

192 2765 503 2814 exteriorem
543 2763 883 2825 munditiam,
923 2763 1060 2813 sicut
1098 2762 1245 2812 enim

192 2849 342 2901 scopa
361 2851 473 2884 non
504 2824 644 2886 tllit
672 2845 880 2885 tenaces
917 2834 1116 2892 sordeS,
1154 2834 1245 2884 sed

193 2905 567 2971 superficiales,
614 2905 685 2957 ita
733 2905 836 2971 ipsi
875 2905 1020 2971 quod
1051 2904 1246 2955 deforis

193 2988 266 3028 est
322 2978 617 3044 scopabant
670 2988 725 3028 et
785 2978 1141 3036 mundabant,
1188 2992 1246 3027 ac

193 3048 509 3098 munditiam
563 3049 877 3099 exteriorem
918 3048 1243 3114 quaerebant,

191 3119 274 3168 sed
305 3118 459 3169 intus
498 3119 698 3168 sordidi
729 3119 1038 3180 manebant;
1075 3124 1125 3167 et
1150 3133 1245 3169 or·-

193 3196 371 3239 natam
413 3189 648 3239 exterius
691 3205 785 3255 per
835 3188 1161 3255 hypocrisim
1194 3199 1247 3239 et

193 3260 312 3311 boni
363 3254 768 3313 simulationem
830 3272 1042 3328 propter
1091 3262 1247 3328 Legis

193 3333 574 3396 apparentiam,
603 3343 655 3383 et
693 3333 1038 3383 traditionum
1063 3333 1248 3382 Phari-

194 3415 422 3452 saeorum
445 3403 854 3455 observantiam.
883 3405 1079 3470 Tangit
1123 3419 1248 3469 ergo

197 3471 294 3522 tria
324 3488 445 3538 quae
483 3474 612 3523 dant
635 3475 809 3524 locum
834 3475 1064 3535 diabolO,
1097 3474 1249 3524 scili-

196 3553 300 3594 cet:
316 3543 663 3609 otiositatem,
681 3546 975 3597 sanctitatis
1001 3561 1251 3611 praesum-

199 3615 455 3679 ptionem,
493 3626 545 3666 et
577 3617 790 3669 virtutis
831 3618 1246 3669 simulationem.

197 3684 453 3736 Similiter
478 3687 638 3738 hodie
659 3689 960 3740 timendum
979 3701 1058 3740 est
1085 3689 1252 3739 Eccle-

200 3756 306 3819 siae,
338 3774 403 3807 ne
433 3759 565 3808 olim
594 3763 846 3827 expulsus
884 3763 951 3811 ab
974 3777 1035 3812 ea
1062 3762 1253 3811 diabo-

199 3827 282 3879 lus
310 3844 431 3879 eam
468 3829 699 3881 inveniat
740 3838 1012 3883 vacantem
1056 3832 1122 3882 ab
1150 3832 1252 3881 ob-

202 3902 464 3954 servantia
482 3905 853 3955 mandatorum
868 3904 962 3955 Dei
972 3920 988 3969 3
1009 3910 1061 3955 et
1079 3904 1256 3970 scopis

2311 289 2414 341 683

1357 409 1665 461 mundatam
1730 409 2030 459 secundum
2100 406 2420 458 exteriorem

1356 480 1752 546 apparentiam;
1803 487 1854 531 et
1892 486 2155 541 ornatam,
2202 494 2293 545 per
2324 494 2419 530 ex·-

1357 555 1611 606 teriorem
1669 554 1874 604 cultum
1930 565 1981 604 et
2027 553 2420 603 observantiam

1358 627 1719 677 humanarum
1800 625 2178 676 traditionum.
2259 624 2416 675 Multi

1357 699 1506 749 enim
1575 699 1738 749 hodie
1802 699 1921 764 plus
1993 697 2276 748 attendunt
2349 697 2417 746 ad

1357 772 1562 822 cultum
1601 770 1832 821 ecclesiae
1864 770 2212 835 corporalem,
2251 784 2416 835 quam

1357 842 1709 908 spiritualem,
1749 842 1878 907 quia
1922 841 2146 908 parietes
2186 840 2417 892 ecclesiae

1357 926 1410 965 et
1476 913 1660 964 altaria
1709 924 1984 974 ornantur,
2040 924 2092 964 et
2142 913 2206 963 de
2251 928 2417 963 orna-

1356 985 1502 1034 tione
1551 994 1602 1034 et
1669 984 1983 1049 purgatione
2042 982 2416 1033 ministrorum

1359 1070 1551 1120 parum
1630 1064 1860 1105 curatur.
1910 1055 2011 1104 Sed
2064 1068 2092 1103 e
2149 1052 2417 1103 contrario

1360 1125 1417 1175 in
1480 1124 1718 1175 Ecclesia
1774 1123 1877 1174 fuit
1942 1123 2248 1190 primitiva3
2306 1138 2418 1173 ma·-

1354 1196 1437 1260 jor
1464 1196 1608 1245 enim
1634 1194 1716 1245 vis
1747 1194 1903 1245 fiebat
1941 1195 1994 1244 in
2031 1204 2223 1245 ornatu
2251 1193 2419 1259 spiri-

1355 1270 1485 1321 tuali
1535 1281 1586 1321 et
1627 1269 1886 1321 interiori.
1930 1271 1996 1320 Et
2021 1269 2141 1320 ideo
2181 1270 2418 1320 multum

1353 1340 1515 1391 distat
1544 1357 1687 1391 nunc
1716 1340 1946 1391 Ecclesia
1970 1341 2023 1389 in
2052 1340 2153 1389 hoc
2175 1350 2417 1404 tempore

1355 1415 1516 1475 ma10,
1560 1430 1590 1464 a
1636 1424 1774 1465 statu
1817 1428 1917 1463 suo
1953 1412 2200 1478 pristin0.
2263 1412 2417 1462 Unde

1352 1483 1426 1534 ait
1470 1485 1842 1553 Hieronymus
1897 1501 1913 1534 :
1966 1502 1995 1529 ιι
2042 1481 2242 1533 Christi
2307 1482 2417 1531 Ec-

1351 1555 1507 1605 clesia
1558 1555 1706 1620 prius
1764 1564 1903 1614 nata,
1951 1563 2002 1604 et
2054 1563 2175 1618 post
2219 1553 2416 1616 adulta,

1351 1627 1812 1693 persecutionibus
1885 1626 2076 1687 crevit,
2146 1624 2418 1689 martyriis

1349 1709 1600 1748 coronata
1627 1709 1722 1748 est.
1755 1698 1819 1748 Et
1846 1707 2129 1763 postquam
2157 1697 2222 1747 ad
2251 1695 2418 1745 Chri-

1348 1772 1552 1822 stianos
1616 1771 1882 1837 principes
1929 1770 2100 1831 venit,
2175 1768 2415 1835 potentia

1346 1842 1569 1908 quidem
1623 1851 1674 1892 et
1719 1841 1923 1891 divitiis
1969 1842 2155 1905 major,
2188 1840 2279 1891 sed
2317 1838 2421 1888 vir-

1348 1914 1553 1964 tutibus
1595 1913 1774 1964 minor
1838 1922 1915 1963 est
1979 1912 2129 1963 facta.
2176 1931 2217 1976 n·
2265 1911 2416 1961 Tunc

1337 1978 1407 2034 *ut
1442 1980 1651 2034 firmius
1693 1982 1961 2049 possideat
1990 1984 2206 2034 Judaeos
2268 1981 2416 2032 vadit

1349 2069 1442 2120 per
1491 2065 1767 2113 conatum,
1824 2060 1876 2103 et
1937 2055 2166 2103 assumit
2218 2057 2417 2117 septem

1345 2127 1488 2177 alios
1524 2125 1764 2192 spiritu3‚
1795 2140 1889 2190 per
1926 2140 2065 2191 quos
2094 2123 2414 2174 universitas

1347 2198 1658 2248 daemonum
1688 2205 1739 2247 et
1773 2196 2030 2246 vitiorum
2070 2195 2269 2262 quibus
2295 2204 2416 2244 ten-

1347 2281 1422 2322 tat
1448 2270 1782 2335 intelligitur,
1809 2271 1936 2335 quia
1965 2269 2285 2320 universitas
2309 2268 2412 2317 hoc

1348 2357 1573 2393 numero
1600 2356 1738 2407 saepe
1766 2342 2106 2407 designatur3
2145 2340 2259 2388 haec
2288 2347 2417 2388 sunt

1348 2424 1551 2479 septem
1597 2422 1776 2477 gentes
1812 2422 2109 2479 pugnantes
2151 2419 2332 2460 contra
2360 2408 2417 2459 fi-

1347 2486 1450 2536 lios
1502 2485 1676 2535 Israel.
1725 2484 1827 2534 Iste
1871 2494 2051 2533 autem
2082 2480 2416 2546 septenarius

1348 2567 1551 2623 septem
1582 2555 1737 2606 donis
1771 2554 2001 2621 Spiritus
2027 2553 2205 2605 Sancti
2229 2552 2414 2617 expel-

1347 2629 1493 2679 litur.
1552 2628 1622 2677 Et
1666 2627 1830 2690 addit,
1892 2626 2166 2691 nequiores
2211 2637 2284 2685 se,
2331 2622 2414 2671 vel

1350 2709 1564 2764 propter
1612 2713 1919 2756 numerum,
1945 2697 2027 2746 vel
2073 2704 2287 2760 propter
2318 2708 2415 2742 co-

1350 2779 1556 2829 natum,
1602 2769 1683 2818 vel
1725 2777 1939 2832 propter
1968 2765 2216 2815 effectum
2249 2777 2415 2829 quem

1350 2839 1645 2899 inducunt;
1705 2835 1832 2902 quia
1880 2851 1970 2885 eos
2015 2834 2079 2885 ad
2136 2848 2274 2899 quos
2327 2846 2416 2882 re-

1349 2910 1516 2959 deunt
1567 2907 1872 2973 nequioreS,
1923 2921 2084 2972 quam
2142 2914 2279 2963 ante,
2332 2901 2417 2952 fa-

1349 2979 1513 3029 ciunt.
1573 2978 1650 3028 Et
1701 2978 1994 3039 intranteS‚
2043 2991 2137 3026 seu
2190 2970 2417 3040 ingressi

1347 3049 1592 3100 habitant
1618 3047 1707 3110 ibi,
1739 3056 1790 3097 et
1814 3047 1890 3097 sic
1927 3046 2110 3096 omnia
2137 3044 2417 3095 cumulan-

1348 3129 1436 3170 tur
1466 3120 1520 3168 in
1568 3118 1646 3168 eis
1678 3117 1822 3167 vitia.
1864 3118 1989 3167 Haec
2020 3126 2100 3167 est
2149 3115 2292 3165 enim
2328 3113 2418 3162 in·-

1348 3190 1514 3240 tentio
1556 3190 1882 3247 daemonum,
1911 3199 1971 3238 ut
2001 3203 2110 3237 non
2149 3191 2418 3236 transeant

1348 3262 1414 3311 ad
1470 3262 1659 3310 horam
1713 3259 1797 3309 vel
1850 3268 2063 3325 tempus
2112 3256 2413 3316 modicum;

1352 3335 1444 3385 sed
1487 3344 1547 3384 ut
1593 3333 1950 3384 immorentur
1998 3347 2169 3398 usque
2197 3331 2261 3380 ad
2293 3328 2414 3378 obi-

1352 3416 1487 3456 tum.
1535 3405 1612 3455 Et
1647 3404 1794 3471 fiunt
1840 3404 2129 3455 novissima
2168 3399 2413 3462 hominis,

1352 3475 1553 3525 scilicet
1636 3474 1819 3541 populi
1898 3472 2138 3531 Judaici,
2223 3470 2442 3536 pejora·

1347 3547 1641 3613 prior-ihm,
1690 3546 1818 3614 quia
1860 3545 2027 3597 Judaei
2069 3553 2189 3594 ante
2218 3544 2415 3606 Legem

1353 3620 1529 3668 datam
1557 3618 1775 3670 fuerunt
1806 3617 2032 3685 peccatis
2061 3614 2270 3672 irretiti,
2302 3623 2353 3662 et
2385 3627 2417 3662 a

1354 3691 1570 3741 diabolo
1608 3690 1865 3757 possessi3
1911 3688 2023 3740 sed'
2050 3696 2170 3752 post
2216 3685 2416 3734 adven-
2496 3743 2506 3758 ι

1356 3772 1473 3812 tum
1497 3761 1699 3813 Christi
1726 3761 1783 3811 in
1809 3770 2017 3826 peccato
2054 3772 2152 3807 suo
2186 3755 2419 3807 obstina-

1356 3834 1398 3885 ti
1449 3845 1576 3885 sunt
1624 3835 1827 3900 pejores
1866 3832 2007 3892 facti,
2050 3830 2177 3896 quia
2228 3844 2417 3879 eorum

1358 3914 1569 3971 peccata
1593 3914 1806 3970 propter
1829 3902 2264 3968 ingratitudinem
2290 3910 2419 3952 sunt
