2757 4413
301 304 405 358 686

300 422 599 488 pularibus3
661 424 834 473 solent
884 421 1032 471 enim
1082 420 1361 486 populares

297 492 597 543 devotiores
630 508 745 542 esse
777 492 1085 556 majoribus,
1119 489 1362 555 prorupit

302 566 359 615 in
400 567 613 615 laudem
668 565 869 628 Christi
925 575 1111 615 contra
1146 563 1359 628 vitupe-

283 636 440 687 ‘rium
485 638 814 687 Judaeorum.
860 637 924 686 Et
964 635 1159 686 dicitur
1196 633 1362 684 fuisse

298 718 475 758 sancta
516 708 759 758 Marcella
797 707 988 756 ancilla
1028 707 1191 757 beatae
1216 707 1361 755 Mar-

296 781 402 830 thae
430 819 443 840 ,
514 795 633 846 quae
706 796 813 830 non
887 779 1061 845 potuit
1131 778 1362 844 amplius

299 850 662 916 blasphemias
679 851 705 900 J
711 851 987 900 udaeorum
1011 859 1193 899 contra
1211 847 1364 899 Chri-

297 931 442 971 stum
519 921 785 971 sustinere
808 959 821 981 ,
889 930 940 971 et
997 930 1181 970 contra
1244 920 1361 970 bla-

298 994 552 1058 sphemos
591 1008 779 1042 vocem
818 992 1009 1043 extulit
1062 991 1117 1040 in
1149 991 1360 1041 laudem

298 1063 501 1113 Christi
521 1073 573 1112 et
600 1063 783 1113 Matris
807 1078 945 1127 sua-,3
979 1063 1363 1113 commendans

297 1132 409 1196 ejus
467 1142 801 1198 conceptum,
831 1143 882 1183 et
924 1143 1135 1198 partum
1169 1146 1361 1196 corpo-

297 1204 482 1264 ralem,
506 1214 558 1254 et
585 1205 764 1255 dicens
794 1221 806 1255 :
836 1206 1040 1255 Beatus
1080 1214 1157 1254 est
1185 1209 1363 1253 venter

296 1277 387 1343 qui
438 1283 487 1327 te
533 1278 747 1328 beatum
784 1279 1043 1344 portavit,
1074 1293 1167 1342 per
1199 1292 1360 1342 quem

299 1365 486 1400 omnes
532 1349 924 1413 beatificamur;
958 1356 1011 1400 et
1043 1351 1197 1400 beata
1237 1358 1365 1398 sunt

299 1421 461 1471 ubera
491 1436 611 1486 quae
647 1422 872 1472 suxisti.
910 1423 1131 1471 Matrem
1156 1419 1364 1469 beatifi-

301 1501 385 1541 cat
408 1501 461 1540 et
492 1492 671 1542 laudat
690 1508 753 1542 ex
776 1491 933 1552 Filio,
963 1501 1015 1542 et
1045 1507 1153 1540 non
1183 1505 1212 1541 e
1234 1506 1365 1540 con-

299 1578 486 1626 verso3
549 1564 675 1629 quia
733 1564 900 1629 gratia
945 1575 995 1614 et
1030 1563 1199 1629 gloria
1237 1579 1364 1628 pro-

301 1633 451 1683 venit
522 1634 886 1701 principaliter
936 1634 1003 1683 ab
1070 1632 1205 1698 ipso,
1261 1631 1364 1682 Ubi

299 1715 514 1769 apparet
567 1720 755 1770 magna
800 1703 1132 1762 confidentia,
1177 1712 1229 1752 et
1280 1717 1367 1761 au-

297 1775 463 1831 dacia,
493 1787 544 1826 et
573 1775 704 1825 fides
733 1785 784 1825 et
816 1774 1028 1825 devotio
1057 1773 1213 1823 istius
1254 1789 1368 1823 mu·

299 1845 448 1896 lieris
504 1848 559 1896 in
616 1846 828 1895 duobus
886 1863 899 1896 :
956 1845 1150 1911 primo,
1203 1845 1258 1894 in
1302 1860 1366 1895 eo

304 1915 450 1980 quod
481 1931 589 1964 non
621 1915 839 1964 silenter
868 1924 919 1964 et
939 1914 995 1963 in
1026 1929 1150 1964 aure
1175 1915 1364 1979 loque-

299 1984 473 2042 batur,
500 1985 591 2034 sod
616 1985 883 2035 extollens
905 1999 1081 2035 vocem
1111 1984 1167 2034 in
1197 1987 1364 2035 altum

301 2070 410 2105 non
441 2054 638 2115 timuit,
689 2055 945 2106 suavitate
985 2056 1130 2106 enim
1171 2056 1364 2105 verbo-

300 2141 420 2175 rum
461 2125 665 2176 Christi
698 2142 917 2176 accensa
943 2125 1072 2189 fuit3
1112 2127 1362 2186 secund0,

301 2195 359 2247 in
421 2212 484 2246 eo
530 2197 675 2263 quod
735 2197 935 2248 Scribis
979 2210 1029 2249 et
1077 2197 1365 2248 Pharisaeis

299 2267 597 2318 Dominum
625 2269 956 2319 tentantibus
987 2268 1152 2319 simul
1183 2279 1235 2319 et
1261 2269 1366 2318 bla-

301 2339 730 2405 sphemantibus,
773 2341 886 2406 ipsa
933 2356 1127 2407 magna
1172 2340 1365 2391 fiducia

297 2410 394 2460 Dei
418 2411 618 2461 Filium
644 2411 942 2472 confitetur,
971 2422 1029 2462 ut
1057 2422 1109 2462 et
1128 2427 1363 2477 praesen-

300 2481 438 2531 tium
505 2483 815 2533 Judaeorum
878 2482 1202 2532 calumniam
1226 2521 1240 2543 ,
1311 2492 1364 2533 et

296 2553 601 2606 futurorum
661 2555 1037 2605 haereticorum
1086 2554 1362 2620 perfidiam

298 2625 607 2676 confundat.
667 2627 800 2676 Nam
844 2625 981 2675 sicut
1022 2635 1149 2674 tunc
1192 2622 1361 2674 Judaei

298 2696 751 2761 blasphemantes,
781 2706 832 2746 et
867 2711 993 2746 eum
1042 2696 1098 2745 in
1145 2695 1364 2745 Beelze-

299 2769 409 2818 bub
438 2769 624 2833 ejicere
666 2768 932 2819 daemonia
976 2768 1231 2828 dicenteS,
1263 2784 1362 2818 ne-

297 2838 488 2902 gabant
534 2854 656 2889 eum
713 2854 828 2889 esse
869 2838 964 2889 Dei
1023 2837 1254 2901 Filium;
1291 2838 1363 2887 ita

298 2921 479 2976 postea
534 2912 752 2977 quidam
808 2911 1045 2962 haeretici
1091 2913 1364 2977 negabunt

296 2998 421 3033 eum
447 2999 560 3033 esse
583 2999 767 3033 verum
799 2984 1094 3046 hominem,
1130 2985 1362 3034 dicentes

298 3068 424 3103 eum
470 3069 579 3102 non
628 3068 807 3103 veram
849 3068 1056 3103 carnem
1094 3070 1157 3104 ex
1196 3054 1362 3105 Maria

299 3124 523 3190 Virgine
579 3124 931 3190 assumpsisse
953 3163 967 3186 ,
1023 3125 1115 3176 sed
1170 3139 1361 3190 corpus

295 3197 583 3247 aethereum
656 3196 912 3247 attulisse.
997 3198 1121 3248 Haec
1182 3207 1358 3247 autem

298 3268 494 3319 mulier
545 3278 802 3333 utrosque
850 3268 1101 3333 confutat,
1142 3268 1279 3335 quia‘
1310 3281 1361 3320 et

297 3355 486 3389 verum
505 3339 601 3389 Dei
626 3338 826 3388 Filium
854 3340 990 3389 Patri
1016 3341 1363 3390 consubstan-

293 3410 477 3462 tialem
499 3412 752 3461 adversus
779 3412 1208 3484 blasphemantes
1230 3428 1360 3462 con·-

292 3482 490 3546 fitetur,
521 3499 643 3533 cum
690 3475 913 3534 Matrem
944 3499 1007 3533 ex
1046 3483 1184 3533 Filio
1236 3495 1361 3534 tan·-

294 3570 458 3621 quam
508 3554 792 3621 principiO,
832 3554 1040 3605 ratione
1067 3554 1361 3606 divinitatis

296 3624 584 3689 beatificat3
623 3635 676 3676 et
700 3641 886 3676 verum
919 3641 1028 3675 non
1058 3625 1360 3690 phantasti-

295 3712 421 3747 cum
463 3698 701 3749 hominis
758 3698 957 3750 Filium
1013 3698 1168 3748 Matri
1231 3713 1361 3749 con-

296 3771 701 3822 substantialem
741 3782 981 3833 testatur,
1028 3788 1148 3822 cum
1178 3781 1361 3821 ventre

295 3851 562 3904 portatum
589 3881 602 3903 ,
666 3843 1030 3909 uberibusque
1112 3843 1360 3892 lactatum

293 3908 576 3974 significat.
626 3912 985 3976 Spiritualiter
1032 3923 1212 3964 autem
1262 3911 1362 3963 ista

887 304 1125 355 PRIMAE
1160 260 1407 354 PARTIS
1440 301 1674 353 CAPUT
1709 301 1915 352 LXXV.

1471 418 1665 468 mulier
1713 428 1946 470 sanctam
1996 418 2287 469 Ecclesiam
2334 417 2517 484 signat,

1469 506 1589 556 quae
1625 491 1764 542 inter
1808 492 1991 541 turbas
2017 492 2344 551 Judaeorum‚
2369 505 2514 556 paga·

1470 577 1681 622 norum,
1708 571 1758 612 et
1797 562 2169 613 haereticorum
2200 562 2407 612 credula
2426 575 2514 610 vo-

1469 648 1526 684 ce
1594 634 1889 685 Dominum
1975 634 2154 685 Jesum
2254 633 2516 684 Christum

1470 704 1778 768 confitetur;
1799 706 1951 770 cujus
1983 720 2161 756 revera
2195 720 2325 754 voce
2352 713 2518 754 venter

1470 775 1649 825 Mariae
1691 776 1932 842 Virginis
1981 776 2166 826 beatus
2196 775 2516 841 praedicatur,

1469 848 1564 915 qui
1628 850 1794 900 totius
1876 849 2065 899 mundi
2118 850 2519 913 Redemptorern

1471 931 1679 987 portare
1702 922 1916 982 meruit,
1948 922 2084 972 sicut
2108 921 2225 986 ipsa
2248 921 2315 969 de
2337 936 2390 970 se
2412 919 2478 969 ait
2503 935 2516 968 ε

1469 991 1570 1042 Ex
1589 993 1688 1043 hoc
1716 994 1919 1043 beatam
1943 1007 2023 1042 me
2041 992 2218 1042 dicent
2244 1004 2418 1042 omnes
2439 1003 2520 1055 ge-

1470 1066 1784 1117 nerationes.
1842 1065 1945 1116 Ubi
1990 1065 2140 1115 Beda
2195 1082 2213 1116 .-
2265 1082 2292 1109 «
2328 1063 2396 1113 Et
2434 1077 2520 1112 nos

1470 1136 1635 1202 igitur
1662 1138 1979 1187 extollamus
2020 1152 2207 1186 vocem
2260 1152 2381 1185 cum
2429 1134 2522 1183 Ec-

1469 1208 1628 1257 clesia
1669 1208 1944 1269 catholica,
1995 1209 2144 1274 cujus
2187 1207 2301 1257 haec
2347 1205 2524 1256 mulier

1469 1287 1657 1344 typum
1708 1278 1898 1344 gessit3
1944 1279 2262 1330 extollamus
2304 1287 2354 1327 et
2394 1291 2525 1326 men·

1473 1359 1579 1398 tem
1618 1350 1683 1398 de
1729 1350 1907 1399 medio
1945 1350 2245 1409 turbarum,
2281 1348 2525 1398 dicamus-

1473 1436 1577 1486 que
1600 1421 1860 1472 Salvatori
1889 1438 1902 1471 ε
1935 1422 2140 1472 Beatus
2169 1427 2350 1473 venter
2373 1418 2458 1484 qui
2483 1424 2526 1467 te

1467 1492 1736 1557 portavit;
1783 1499 1835 1542 et
1886 1493 2047 1543 ubera
2095 1506 2215 1559 quae
2256 1490 2520 1542 suxisti.»

1472 1564 1608 1613 Vere
1649 1563 1794 1614 enim
1831 1563 1981 1614 beata
2016 1579 2228 1628 parens,
2260 1577 2379 1628 quae
2401 1560 2524 1611 sicut

1473 1634 1696 1700 quidam
1724 1634 1837 1685 ait.

1612 1815 1625 1828 .
1713 1815 1726 1828 .
1764 1815 1778 1828 .
1811 1777 2004 1828 Enixa
2023 1790 2295 1843 puerpera
2314 1777 2519 1841 Regem,

1474 1848 1583 1912 Qui
1606 1848 1791 1899 coelum
1814 1855 2114 1914 terramque
2138 1848 2289 1914 regit
2315 1862 2410 1911 per
2446 1860 2521 1895 se-

2213 1920 2367 1984 [cula,
2389 1918 2523 1985 cujus

1472 1995 1683 2045 Nomen
1709 1993 1779 2043 ab
1800 1999 2016 2056 oetern0,
2047 1991 2393 2058 complectens
2419 2004 2521 2040 om-

2231 2063 2341 2126 [nia
2367 2073 2519 2128 gyro,

1474 2134 1760 2199 Imperium
1788 2134 1902 2184 sine
1915 2133 2034 2199 fine
2057 2138 2262 2193 manen
2283 2145 2397 2197 quae
2423 2144 2523 2179 ven·

2237 2206 2337 2268 [tre
2361 2204 2518 2263 beata,

1474 2279 1691 2331 Gaudia
1719 2269 1911 2330 mati-is
1954 2279 2166 2342 habenS,
2205 2293 2322 2329 cum
2344 2274 2522 2340 virgi-

2097 2351 2305 2414 [nitatis
2326 2351 2520 2409 honore,

1473 2425 1608 2475 Nec
1611 2424 1848 2491 primam
1893 2422 2119 2474 similem
2148 2423 2270 2472 visa
2311 2428 2403 2484 est,
2440 2430 2522 2468 nec

1996 2493 2207 2556 [habere
2227 2497 2519 2558 sequentem.

1533 2647 1562 2682 2
1603 2632 1910 2681 Baiana-uno
1939 2646 2136 2691 nonunt,
2177 2648 2269 2689 Qm
2306 2640 2521 2681 numum·

1469 2718 1677 2752 vanauu
1700 2702 1799 2751 Dm
1818 2717 1884 2751 Ε-ι·
1911 2717 2245 2752 cusromum·
2275 2716 2447 2751 ιιιυι).
2468 2723 2520 2733 -

1468 2775 1542 2823 At
1564 2774 1717 2823 Jesus
1751 2772 2115 2823 confirmando
2139 2774 2366 2823 verbum
2410 2782 2520 2818 rnu-

1469 2843 1615 2894 lieris
1649 2854 1699 2895 et
1726 2844 2152 2894 commendando
2173 2844 2383 2894 laudem
2417 2839 2520 2888 Ma·

1470 2917 1585 2975 tris,
1606 2933 1665 2967 ac
1683 2917 1843 2967 fidem
1858 2926 1909 2967 et
1927 2917 2277 2967 constantiam
2302 2913 2519 2990 ejusdem

1471 2987 1732 3046 mulieris,
1761 2987 2099 3053 aliorumque
2129 2987 2413 3042 similium,
2443 2980 2522 3031 di-

1467 3058 1587 3108 xit:
1611 3057 1874 3119 Quinimo,
1901 3058 2040 3108 beati
2063 3058 2153 3123 qui
2173 3058 2395 3107 audiunt
2422 3066 2521 3102 ver-

1472 3129 1589 3179 bum
1602 3129 1706 3178 Dei
1728 3127 2089 3178 etcustodiunt
2106 3128 2256 3177 illud.
2275 3127 2371 3176 Per
2389 3121 2520 3189 quod

1469 3198 1700 3263 signavit
1730 3198 1933 3248 beatam
1964 3198 2250 3263 Virginem
2274 3212 2331 3246 se
2356 3205 2523 3244 conce-

1469 3270 1610 3336 pisse
1660 3269 1886 3330 felicius,
1933 3286 2027 3336 per
2066 3269 2226 3319 fidem
2268 3279 2320 3318 et
2371 3267 2520 3315 devo·

1468 3342 1668 3391 tionem
1713 3342 2078 3407 spiritualiter,
2128 3357 2291 3408 quam
2339 3350 2519 3402 corpo-

1468 3412 1666 3463 raliter.
1719 3412 1795 3461 Ac
1830 3412 1875 3462 si
1923 3412 2065 3462 dicat
2120 3429 2132 3462 ε
2189 3412 2343 3461 Juxta
2383 3419 2518 3457 tuam

1469 3482 1788 3532 sententiam
1839 3481 2203 3547 principaliter
2251 3481 2395 3530 beata
2446 3482 2518 3525 est

1470 3552 1559 3602 illa
1601 3553 1752 3617 cujus
1787 3562 1970 3602 venter
2004 3567 2091 3602 me
2139 3550 2389 3618 portavit;
2431 3545 2515 3597 sed

1471 3639 1577 3672 non
1602 3625 1779 3673 solum
1811 3621 1925 3688 ipsa
1946 3623 2094 3672 beata
2118 3634 2215 3682 est,
2236 3621 2345 3670 imo
2369 3617 2515 3667 etiam

1471 3712 1659 3746 omnes
1684 3705 1811 3747 sunt
1837 3696 2004 3747 beati
1993 3712 2044 3745 m
2059 3694 2303 3762 praesenti
2330 3692 2384 3743 in
2411 3702 2513 3755 spe,

1470 3778 1523 3818 et
1560 3768 1768 3818 tandem
1815 3765 1873 3816 in
1906 3766 2132 3817 futuro
2120 3784 2176 3817 in
2203 3777 2272 3824 r'e,
2306 3763 2395 3829 qui
2418 3774 2513 3810 au-

1471 3841 1621 3891 diunt
1648 3841 1858 3892 verbum
1888 3840 2008 3903 Dei,
2040 3840 2196 3890 corde
2238 3837 2510 3889 credentes,

1472 3919 1523 3963 et
1574 3912 1877 3965 custodiunt
1924 3912 2074 3975 illud,
2133 3925 2289 3977 opere
2348 3904 2510 3956 adim-
