2757 4413
251 317 343 369 DE
367 315 825 369 REVERSIONE
853 314 1098 368 APOST.
1130 312 1225 366 AC
1250 312 1583 367 MISSIONE
1602 259 1793 367 inm
1819 314 2160 367 DISCIPUL.
2251 314 2354 367 535

133 451 237 487 non
278 435 343 486 ad
414 435 807 502 Prophetarum
868 434 1036 486 libros
1091 447 1187 484 vos

132 513 303 576 mitto;
351 511 450 561 sed
502 507 770 577 meipsum
802 510 954 561 vobis
998 524 1186 560 exem-

131 585 272 651 plum
297 621 313 644 ‚
385 599 478 634 me
559 582 787 633 formam
862 580 1187 632 humilitatis

126 658 366 708 exhibeo·
432 657 624 708 Nescio
684 672 791 722 quo
833 665 989 723 pacto
1024 654 1187 706 fami-

127 727 303 777 liarius
344 742 564 793 semper
617 725 909 777 humilitati
954 724 1184 792 propin-

124 812 277 864 quare
311 798 454 848 solet
507 796 776 847 divinitas.
820 797 1069 863 Denique
1093 795 1185 846 illa

127 883 179 918 se
225 868 428 928 induit,
481 877 546 918 ut
599 876 873 933 appareret
937 865 1184 917 homini-

126 939 249 1003 bus;
320 939 718 999 substantiam,
785 938 1014 989 formam
1034 976 1050 998 ,
1080 938 1183 988 ha-

125 1011 285 1062 bitum
352 1010 583 1077 gestavit
652 1009 948 1070 humilem,
1010 1008 1182 1075 ipsius

125 1081 270 1131 nobis
306 1080 695 1131 commendans
740 1079 953 1131 virtutis
1004 1078 1182 1130 excel'-

121 1153 349 1215 lentiam,
405 1169 573 1219 quam
619 1152 833 1218 speciali
884 1151 969 1203 sui
1009 1151 1183 1202 voluit

120 1223 376 1275 honorare
401 1223 704 1291 praesentia.
725 1243 753 1271 n
786 1222 939 1274 Unde
967 1230 1020 1273 et
1051 1221 1182 1272 Gre-

120 1295 299 1360 gorius
335 1311 355 1346 .·
387 1312 417 1340 ι(
441 1294 527 1344 Ad
555 1294 659 1344 hoc
713 1308 943 1360 namque
992 1291 1184 1358 Unige-

121 1364 252 1414 nitus
306 1364 409 1414 Dei
441 1363 621 1414 Filius
662 1363 888 1414 formam
945 1360 1182 1412 infirmi-

121 1434 230 1484 tatis
256 1444 463 1485 nostrae
514 1433 776 1500 suscepit;
811 1434 877 1484 ad
905 1433 1009 1484 hoc
1035 1432 1181 1482 invi-

121 1504 280 1555 sibilis
315 1543 331 1568 ,
394 1520 510 1554 non
558 1506 735 1555 solum
780 1502 1045 1564 visibilis,
1087 1502 1181 1552 sed

119 1575 265 1625 etiam
308 1576 603 1641 despectus
653 1575 923 1641 apparuit3
971 1574 1038 1625 ad
1079 1573 1183 1624 hoc

121 1644 561 1696 contumeliarum
613 1644 845 1696 ludibria
869 1683 884 1708 ,
939 1654 992 1695 et
1052 1642 1183 1694 irri-

120 1714 320 1767 sionum
348 1716 568 1782 probra,
594 1715 905 1782 passionum
935 1724 1180 1766 tormen-

119 1792 166 1835 ta
188 1787 453 1851 toleravit,
497 1797 558 1837 ut
596 1787 890 1853 superbum
930 1802 1041 1837 non
1067 1801 1183 1837 esse

122 1856 390 1910 hominem
455 1859 671 1909 doceret
742 1858 904 1910 Deus.
974 1859 1183 1919 Quanta

120 1941 230 1993 ergo
260 1929 600 1995 humilitatis
635 1929 809 1980 virtus
838 1937 937 1989 est,
968 1938 1183 1995 propter

121 2012 268 2062 quam
312 2001 491 2050 solam
537 1999 791 2050 veraciter
836 1999 1179 2060 edocendam,

122 2068 164 2119 is
184 2069 275 2135 qui
303 2070 429 2120 sine
451 2069 809 2121 aestimatione
823 2084 1053 2136 magnus
1081 2077 1181 2129 est,

121 2153 278 2206 usque
306 2141 376 2190 ad
407 2140 716 2208 passionem
748 2140 916 2190 factus
944 2149 1024 2191 est
1054 2154 1181 2206 par-

123 2227 229 2263 vus.
255 2213 395 2264 Ecce
423 2213 630 2281 quippe
666 2213 918 2264 novimus
963 2229 1088 2265 eum
1115 2213 1182 2264 de

122 2295 224 2332 suae
246 2283 593 2334 celsitudinis
616 2283 870 2345 culmine,
904 2292 962 2335 ut
984 2284 1181 2334 huma-

122 2371 187 2405 no
241 2356 423 2421 generi
467 2356 698 2422 gloriam
744 2356 922 2418 daret,
968 2357 1034 2408 ad
1073 2356 1183 2407 ima

120 2425 469 2477 descendisse.
523 2427 665 2486 Quia
715 2426 861 2477 enim
915 2426 1180 2493 originem

120 2495 429 2560 perditionis
479 2506 677 2548 nostrae
712 2512 770 2548 se
820 2497 1049 2563 praebuit
1082 2513 1180 2548 su-

119 2565 292 2629 perbia
347 2565 591 2627 diaboli,
647 2566 1067 2618 instrumentum
1106 2583 1184 2618 re-

80 2701 83 2706 ·
117 2637 436 2702 demptionis
471 2648 669 2688 nostrae
712 2638 925 2689 inventa
962 2647 1042 2690 est
1070 2639 1181 2690 hu-

117 2706 307 2758 militas
336 2708 457 2758 Dei.
489 2708 631 2768 Quia
658 2708 825 2774 igitur
853 2710 1180 2776 Redemptor

116 2788 287 2829 noster
338 2780 499 2830 corda
549 2779 685 2845 regit
749 2781 1043 2832 humilium
1064 2819 1080 2842 ‚
1127 2791 1179 2832 et

118 2849 396 2901 Leviathan
437 2866 530 2902 rex
559 2852 758 2903 dicitur
785 2853 1174 2919 superborum;

116 2932 282 2985 aperte
308 2922 685 2988 cognoscimus
724 2923 852 2989 quia
886 2924 1178 2976 evidentis-

116 2992 310 3042 simum
346 2994 701 3058 reproborum
735 2993 954 3060 signum
983 3010 1178 3061 super-

116 3061 199 3112 bia
218 3073 316 3123 est,
361 3078 424 3113 ac
454 3073 662 3125 contra,
684 3064 975 3114 electorum
1004 3065 1179 3115 humi·

114 3131 246 3183 litas.
316 3134 455 3184 Cum
515 3149 644 3200 ergo
719 3150 883 3200 quam
943 3135 1178 3202 quisque

114 3201 298 3254 habeat
351 3205 695 3271 cognoscitur
719 3243 736 3266 ‚
781 3206 885 3256 sub
931 3222 1042 3273 quo
1087 3222 1177 3257 re·-

115 3287 173 3338 ge
208 3274 403 3325 militet
448 3275 748 3339 invenitur3
803 3276 1177 3344 unusquisque

115 3344 251 3395 enim
282 3346 439 3412 quasi
470 3348 765 3413 quemdam
797 3348 1017 3399 titulum
1041 3364 1174 3416 por-

115 3425 181 3465 tat
224 3417 423 3482 operis,
448 3433 560 3483 quo
595 3416 750 3469 facile
798 3420 1045 3469 ostendat
1071 3420 1175 3470 sub

116 3500 254 3551 cujus
319 3488 520 3539 serviat
556 3498 815 3554 potestate
849 3490 1110 3541 rectoris:
1147 3510 1170 3535 ι·

116 3555 215 3608 haec
269 3558 594 3625 Gregorius.
653 3560 720 3610 Et
764 3560 993 3611 breviter
1046 3560 1178 3612 dicit

119 3628 467 3682 Cassiodorus
491 3648 509 3681 .-
537 3648 567 3677 «
597 3632 766 3682 Tanta
792 3630 895 3683 fuit
913 3632 972 3682 in
1000 3642 1177 3684 sancta

120 3699 473 3754 lucan-natione
514 3703 817 3767 humilitas,
856 3715 1059 3771 quanta
1097 3714 1176 3756 est

121 3769 166 3821 in
232 3773 529 3828 ,divinitate
613 3775 1177 3841 incomprehensibilis

122 3846 363 3910 majestas.
403 3866 432 3895 ιο
462 3847 621 3913 Elige
674 3862 801 3913 ergo
858 3847 1031 3913 magis
1073 3848 1176 3899 sub

125 3913 250 3981 Rege
330 3916 452 3969 coeli
523 3932 692 3984 quam
766 3918 870 3969 sub
937 3918 1178 3986 principe

1292 433 1484 484 mundi
1532 429 1794 491 militare,
1834 438 1887 481 et
1922 428 2093 496 magis
2133 428 2235 480 sub
2258 429 2357 480 Dei

1290 522 1455 572 quam
1479 506 1582 557 sub
1605 502 1843 556 hominis
1862 513 2119 569 potestate
2137 502 2354 554 servire.

1290 575 1361 627 Et
1385 576 1450 627 ad
1487 575 1592 627 hoc
1619 574 1920 626 faciendum
1949 584 2074 623 nota
2103 573 2193 624 hic
2222 572 2357 625 utile

1288 647 1614 712 exemplum.
1647 644 1786 695 Cum
1816 645 1961 696 enim
1986 644 2206 710 quidam
2244 643 2358 694 mi·

1289 718 1366 770 les
1419 716 1643 768 domino
1689 732 1819 777 suo,
1884 716 2090 767 scilicet
2140 715 2357 766 cuidam

1288 787 1587 839 Marchioni
1612 788 1895 838 militando
1940 787 2035 836 diu
2076 786 2142 836 ad
2169 786 2356 836 volun·

1288 868 1450 910 tatem
1491 858 1821 919 deservisset,
1844 858 2059 909 tandem
2100 857 2167 908 ad
2196 855 2357 907 infir-

1288 929 1529 980 mitatem
1585 929 1654 979 de
1706 944 1813 995 qua
1861 938 1913 979 et
1967 937 2217 983 mortuus
2276 937 2357 980 est

1288 999 1547 1066 pervenit.
1577 1000 1755 1059 Quem
1795 1008 1847 1050 et
1874 999 1989 1064 ipse
2021 998 2263 1049 Marchio
2298 999 2356 1049 in

1289 1070 1600 1121 infirmitate
1648 1070 1832 1122 eadem
1883 1070 2139 1132 visitans,
2194 1069 2355 1121 exhi-

1288 1141 1408 1192 buit
1433 1156 1491 1192 se
1523 1150 1766 1207 paratum
1802 1141 1868 1192 ad
1899 1142 2086 1192 omnia
2117 1156 2238 1208 quae
2256 1156 2356 1208 pro

1287 1228 1351 1263 eo
1377 1212 1550 1264 facere
1589 1221 1788 1279 posset,
1825 1213 2026 1277 dicens,
2071 1215 2217 1279 quod
2256 1227 2355 1264 nec

1287 1295 1507 1351 argento
1536 1301 1634 1352 pro
1672 1285 1844 1350 ipsius
1884 1286 2194 1337 necessitate
2226 1301 2357 1353 par-

1286 1365 1443 1406 ceret.
1478 1355 1579 1407 Cui
1625 1355 1781 1406 miles
1821 1356 2019 1421 gratias
2053 1370 2233 1422 agens,
2264 1355 2356 1406 di-

1286 1429 1383 1492 xit,
1411 1430 1558 1496 quod
1599 1446 1723 1481 eum
1766 1430 1946 1494 juvare
1990 1445 2099 1479 non
2150 1440 2353 1495 posset,

1286 1500 1418 1566 quia
1479 1500 1594 1566 ipse
1661 1499 1959 1550 secundum
2023 1499 2356 1550 medicorum

1285 1571 1544 1636 judicium
1600 1571 1895 1621 moriturus
1946 1580 2100 1621 esset.
2150 1570 2358 1622 Deinde

1288 1640 1431 1691 idem
1454 1641 1611 1691 miles
1632 1641 1892 1692 advocans
1912 1640 2076 1690 simul
2105 1640 2163 1689 in
2183 1656 2356 1691 unum

1288 1712 1516 1774 nobiles,
1540 1722 1595 1764 et
1632 1713 1768 1763 alios
1798 1712 1893 1779 qui
1922 1712 2059 1763 circa
2082 1711 2355 1763 Marchi0-

1287 1802 1412 1837 nem
1462 1796 1630 1847 erant,
1659 1787 1942 1837 admonuit
1985 1802 2094 1847 eos,
2126 1786 2315 1838 dicens
2336 1803 2353 1837 t

1286 1858 1601 1918 Carissimi,
1657 1858 1785 1924 quia
1825 1857 2018 1908 videtis
2068 1858 2215 1924 quod
2249 1860 2355 1909 do-

1286 1928 1471 1979 minus
1515 1944 1667 1979 meus
1722 1928 1980 1987 Marchi0‚
2023 1928 2108 1979 cui
2149 1927 2245 1979 diu
2285 1928 2353 1980 ad

1284 2010 1479 2050 nutum
1508 1998 1724 2064 servivi,
1766 2000 1874 2065 jam
1903 2014 1991 2049 me
2030 1999 2087 2049 in
2117 1998 2356 2050 necessi-

1285 2079 1391 2121 tate
1433 2071 1670 2137 positum
1740 2072 1920 2137 juvare
1984 2086 2095 2120 non
2162 2078 2355 2137 potest,

1284 2141 1533 2208 quamvis
1580 2141 1742 2192 etiam
1770 2142 1928 2192 vellet
1938 2157 1960 2203 ,-
1985 2150 2036 2190 et
2062 2141 2139 2191 sic
2160 2156 2355 2208 corpus

1285 2224 1337 2263 et
1360 2223 1591 2279 tempus,
1621 2228 1681 2263 ac
1708 2213 1989 2264 servitium
2014 2228 2196 2262 meum
2227 2228 2355 2279 per-

1285 2283 1400 2333 didi
1444 2298 1595 2344 vane,
1629 2284 1778 2348 quod
1822 2298 1910 2333 me
1942 2284 2180 2349 poenitet,
2223 2299 2356 2349 rogo

1283 2372 1382 2407 vos
1433 2366 1486 2406 et
1542 2355 1825 2416 admone0,
1874 2366 1934 2405 ut
1967 2356 2058 2406 tali
2117 2355 2355 2405 Domino

1286 2426 1544 2479 studeatis
1571 2426 1791 2486 servire,
1830 2427 1927 2492 qui
1974 2426 2129 2477 vobis
2159 2427 2215 2476 in
2253 2441 2356 2476 ne-

1286 2498 1622 2549 cessitatibus
1651 2496 1909 2547 omnibus
1945 2497 2141 2563 poterit
2172 2497 2356 2548 subve-

1289 2570 1423 2621 nire.

1357 2655 1376 2690 1
1396 2655 1414 2689 1
1468 2640 1728 2690 Pam-'utun
1797 2653 2151 2689 stamen-riui:
2190 2638 2355 2689 Dom-

1285 2724 1373 2770 no,
1409 2724 1631 2768 ammes
1674 2724 1868 2760 amma.
1893 2736 1953 2752 ‚—
1975 2708 2178 2759 Deinde
2220 2709 2355 2760 sub-

1284 2779 1463 2845 jungit
1493 2779 1758 2830 Dominus
1796 2779 2095 2846 praemium,
2121 2779 2304 2830 dicens
2335 2796 2351 2830 ε

1284 2850 1355 2900 Et
1384 2850 1430 2900 si
1454 2850 1640 2915 jugum
1680 2848 1988 2914 acceperitis
2014 2859 2067 2899 et
2095 2849 2354 2901 didiceri-

1283 2923 1354 2973 tis
1418 2921 1748 2986 obediendo,
1791 2922 2065 2973 invenietis
2121 2923 2355 2989 requiem

1282 2994 1562 3044 animabus
1602 2994 1815 3056 vestris,
1871 2994 2076 3045 scilicet
2108 2994 2166 3045 in
2208 3010 2354 3061 prae·

1282 3064 1419 3114 senti
1438 3072 1491 3113 et
1518 3062 1701 3114 futuro
1717 3080 1733 3129 ;
1762 3079 1882 3129 quae
1903 3065 2115 3129 requies
2144 3065 2236 3116 hic
2263 3065 2352 3114 in-

1281 3137 1504 3186 choatur
1524 3174 1538 3196 ,
1582 3138 1674 3186 sed
1714 3136 1772 3186 in
1811 3137 1981 3203 patria
2030 3137 2353 3203 perficietur.

1282 3206 1437 3259 Unde
1460 3206 1880 3273 Chrysostomus
1905 3225 1922 3259 :
1950 3227 1976 3253 «
1993 3208 2114 3258 Non
2135 3208 2358 3268 dixit,et

1281 3279 1556 3331 invenietis
1609 3280 1859 3345 requiem,
1923 3290 1974 3331 et
2031 3280 2220 3344 tacuit;
2260 3280 2355 3331 sed

1279 3353 1501 3413 addidit,
1530 3353 1811 3404 animabus
1839 3354 2037 3405 vestris
2047 3370 2068 3416 ,-
2096 3353 2354 3420 quoniam

1280 3424 1523 3475 mandata
1552 3423 1756 3474 Christi
1782 3424 1839 3474 in
1879 3425 1981 3475 hoc
2018 3424 2199 3475 seculo
2230 3425 2356 3475 ani-

1280 3511 1491 3548 marum
1536 3496 1748 3562 requies
1801 3506 1956 3557 sunt,
1994 3513 2104 3547 non
2160 3512 2355 3562 corpo-

1280 3584 1421 3619 rum.
1487 3567 1762 3628 Quoniam
1811 3576 1863 3617 et
1918 3567 1963 3618 si
2013 3569 2258 3617 laborant
2301 3574 2354 3616 et

1280 3637 1560 3688 tristantur
1601 3637 1658 3687 in
1701 3652 1942 3703 corpore,
2011 3636 2355 3701 requiescunt

1281 3718 1332 3758 et
1361 3707 1590 3773 gaudent
1619 3707 1677 3757 in
1701 3708 1891 3773 spiritu
1916 3716 1968 3756 et
1999 3707 2052 3756 in
2086 3720 2197 3770 spe.
2228 3703 2353 3755 Ideo

1279 3777 1410 3827 alibi
1434 3777 1565 3827 dicit
1591 3794 1606 3828 ι
1630 3778 1770 3828 Hoec
1792 3783 1969 3827 autem
1999 3777 2207 3825 locutus
2233 3788 2352 3826 sum

1283 3849 1449 3912 vobis,
1483 3855 1540 3899 ut
1576 3850 1630 3900 in
1672 3864 1755 3899 me
1781 3864 1971 3916 pacem
1999 3846 2257 3910 habeatis,
2291 3846 2350 3898 in

1285 3919 1391 3970 hoc
1420 3919 1625 3970 mundo
1655 3929 1835 3970 autem
1859 3915 2249 3968 tribulationes,
2285 3918 2351 3969 Et
