2757 4413
587 300 680 350 DE
715 300 952 351 SURDO
987 298 1080 350 ET
1111 300 1323 350 MUTO
1352 300 1407 350 A
1432 297 1765 350 DAEMONE
1789 299 2151 352 POSSESSO.

254 409 471 472 coelum,
503 417 565 458 ut
611 408 739 457 inde
790 408 999 458 cunctis
1040 406 1323 457 'infirman-

250 481 400 532 tibus
431 479 718 541 medelam,
750 494 818 529 ‘ac
839 494 999 528 omne
1026 478 1323 528 remedium

254 552 610 618 quaerendum
649 565 764 600 esse
815 551 1136 611 ostenderet,
1176 561 1227 600 et
1260 550 1323 599 in

250 627 451 677 coelum
478 626 793 675 thesaurum
821 625 999 675 cordis
1028 625 1198 675 nostri
1229 624 1327 675 eri-

250 714 397 765 gere,
428 708 479 748 et
522 699 593 747 ad
626 700 803 749 Deum
829 698 1190 750 intentionem
1220 714 1326 748 uo-

251 781 424 821 stram
468 786 679 835 semper
725 770 956 836 dirigere
998 770 1237 833 doceret.
1265 797 1326 807 —

254 841 567 906 Septimum
612 849 690 890 est
726 840 990 906 gemitus,
1043 856 1153 890 non
1200 838 1329 905 quia

256 911 365 977 ipsi
395 926 535 976 opus
560 920 700 960 esset
730 925 851 960 cum
878 911 1088 976 gemitu
1120 910 1327 975 aliquid

254 991 441 1047 petere
469 996 499 1030 a
538 981 707 1041 Patre,
737 980 831 1046 qui
873 990 1063 1030 cuncta
1099 980 1329 1046 petenti-

261 1053 365 1101 bus
388 1052 480 1101 dat
530 1067 653 1101 cum
699 1051 880 1115 Patreg
912 1052 1010 1101 sed
1029 1062 1090 1101 ut
1114 1065 1329 1117 gemere

259 1138 365 1173 nos
398 1123 634 1183 doceret„
662 1132 716 1173 et
747 1122 997 1189 gemendi
1018 1122 1328 1187 exemplum

261 1194 426 1245 nobis
470 1195 638 1255 daret,
679 1211 802 1245 cum
856 1212 953 1260 pro
994 1195 1194 1246 nostris
1234 1208 1329 1243 seu

244 1266 495 1317 -aliorum
516 1266 822 1317 excessibus
850 1277 902 1317 et
922 1267 1214 1327 erroribus,
1247 1265 1329 1315 vel

254 1336 528 1388 desiderio
579 1337 762 1402 patriae
808 1338 1055 1398 coelestis,
1086 1351 1331 1403 supernae

255 1406 474 1474 pietatis
522 1407 767 1472 praesidia
811 1408 1136 1459 invocamus,
1172 1410 1331 1473 Inge-

257 1478 404 1528 muit
429 1476 610 1537 etiam,
650 1488 888 1529 nostram
917 1495 1131 1530 causam
1156 1478 1333 1528 susci-

261 1548 421 1615 piens
444 1548 503 1597 in
535 1548 733 1613 seips0,
761 1564 823 1599 ac
851 1559 1053 1600 naturae
1078 1550 1333 1599 misertus

260 1623 549 1684 humana-,3
602 1632 655 1673 et
721 1638 1034 1688 compassus
1100 1621 1333 1673 miseriae

258 1704 533 1745 tantarum
557 1694 955 1758 infirmitatum,
987 1695 1044 1745 in
1072 1710 1213 1761 quas
1238 1710 1336 1760 ge-

260 1781 369 1815 nus
388 1764 695 1815 humanum
737 1765 928 1816 incidit
962 1776 1181 1831 propter
1222 1781 1337 1831 pec-

260 1846 464 1886 catum.
486 1864 546 1873 —
567 1836 831 1886 Octavum
865 1846 947 1887 est
995 1837 1201 1887 Christi
1224 1836 1336 1886 im-

264 1909 500 1976 perium,
534 1924 660 1958 cum
690 1909 764 1959 ait
788 1927 805 1959 .·
824 1910 1158 1975 Ephphetha,
1188 1909 1338 1975 quod

260 1988 346 2029 αα
375 1979 684 2038 Hebraeum,
707 1988 759 2029 et
785 1979 929 2029 idem
958 1980 1103 2046 quod
1129 1980 1338 2046 adape-

265 2048 396 2112 rire,
437 2048 816 2114 imperativum
850 2050 1051 2115 passivi
1090 2050 1257 2111 verbi,
1284 2049 1339 2099 id

267 2130 350 2171 εει
390 2120 465 2169 sis
506 2129 722 2186 apertus
741 2137 756 2184 ;
787 2122 931 2187 quod
959 2120 1090 2171 ,licet
1126 2122 1340 2187 proprie

264 2192 546 2258 loquendo
588 2194 654 2243 ad
683 2194 823 2244 solas
864 2210 1021 2246 aures
1066 2194 1339 2256 referatur,

266 2276 447 2316 tamen
473 2281 569 2331 per
607 2268 832 2317 verbum
879 2268 1022 2318 istud
1071 2268 1342 2319 Dominus

270 2335 553 2395 intellexit,
599 2337 745 2402 quod
795 2346 1022 2404 utraque
1055 2338 1342 2388 infirmitas

268 2418 562 2468 curaretur,
601 2410 748 2475 quod
785 2418 927 2476 patet
955 2427 1050 2477 per
1094 2410 1341 2462 effectum

266 2482 643 2532 subsecutum.
663 2482 786 2543 Ubi,
800 2485 1094 2534 secundum
1115 2477 1338 2545 Bedam,

268 2564 519 2618 utraque,
568 2563 763 2605 natura
793 2555 957 2605 unius
1004 2566 1058 2607 et
1104 2555 1341 2620 ejusdem

267 2626 477 2678 Christi
564 2636 644 2676 est
718 2628 1000 2679 manifeste
1071 2628 1341 2679 distincta.

268 2695 586 2762 Sus-piciens
622 2696 772 2746 enim
828 2699 881 2748 in
929 2699 1137 2762 coelum,
1186 2699 1342 2764 quasi

266 2768 438 2818 homo
481 2769 655 2819 Deum
703 2780 1031 2835 precaturus,
1064 2770 1341 2837 ingemuit,

264 2839 365 2889 sed
404 2854 534 2888 mox
574 2854 684 2889 uno
736 2856 1003 2902 sermone,
1056 2841 1211 2906 quasi
1242 2858 1345 2907 po-

264 2921 393 2962 tens
412 2910 601 2960 divina
631 2913 904 2978 majestate
931 2913 1154 2963 curavit.
1172 2915 1347 2963 Aures

268 2982 513 3048 denique
542 2982 746 3033 infirmi
762 2985 836 3034 ad
865 2984 1195 3034 audiendum
1216 3000 1348 3050 ape-

268 3055 519 3115 riuntur,
560 3065 612 3106 et
658 3057 846 3123 lingua
904 3059 971 3109 ad
1014 3058 1350 3123 loquendum

262 3127 535 3191 ,solvitur3
573 3129 706 3178 dum
735 3131 933 3181 surdus
954 3130 1049 3198 qui
1072 3131 1353 3197 proeceptis

272 3199 486 3251 divinis
512 3216 670 3250 aures
688 3203 866 3253 cordis
898 3219 1012 3254 non
1030 3204 1353 3260 commodat,

276 3281 330 3321 et
357 3281 545 3321 mutus
567 3272 663 3337 qui
688 3272 867 3325 clausa
891 3275 946 3324 in
969 3274 1171 3325 divinis
1189 3274 1358 3325 laudi·

270 3342 386 3392 bus
412 3357 511 3393 ora
541 3353 703 3404 tenet,
737 3361 833 3410 per
878 3346 1111 3412 gratiam
1157 3347 1255 3397 Dei
1283 3347 1358 3412 ju-

232 3456 235 3463 .
268 3412 537 3477 stificatus
575 3425 869 3482 utrumque
908 3427 1176 3483 ope-ratur.
1211 3419 1357 3469 Vin-

267 3485 464 3534 mlum
536 3501 759 3552 quoque
828 3489 1026 3555 linguae
1084 3489 1317 3539 solvitur
1339 3528 1353 3549 ,

222 3604 225 3607 ,
269 3556 497 3620 quando
545 3557 610 3606 ad
646 3558 969 3620 orationem,
1005 3561 1077 3610 ad
1120 3558 1355 3624 proximi

271 3626 712 3689 aedificationem.
738 3632 805 3681 nd
832 3632 1355 3697 peccaticonfessio-

272 3715 430 3760 nem,
455 3711 517 3753 -et
556 3703 623 3752 ad
644 3703 748 3754 Dei
782 3705 996 3757 laudem
1019 3705 1214 3772 ,lingua
1246 3706 1355 3757 uti-

275 3785 425 3822 mur.
866 3802 871 3807 ·

342 3841 378 3892 3
405 3845 619 3898 Summis
649 3865 916 3903 mum-ns
943 3866 1261 3904 nonnam.
1289 3879 1351 3889 -

278 3912 430 3967 Hinc
473 3917 640 3984 igitur
678 3922 958 3988 docemur,
988 3934 1056 3976 ut
1081 3924 1353 3991 quosiibet

2387 301 2489 354 801

1426 415 1725 471 peccatores
1756 408 1999 474 quotidie
2022 426 2117 475 per
2156 412 2497 477 praedicatio—

1428 492 1554 526 nem
1585 489 1823 528 nostram
1849 480 1962 529 Deo
1990 481 2248 533 adducere
2276 486 2496 537 studea-

1425 562 1571 607 mus,
1596 558 1647 597 et
1674 564 1772 613 pro
1805 549 1923 599 ‚illis
1957 550 2157 616 jugiter
2190 569 2493 608 exoremus.

1429 618 1741 682 Deprecatio
1793 620 1941 669 enim
1987 622 2369 675 adducentium
2419 627 2497 678 s'i-

1432 690 1647 756 gnificat
1709 694 1962 745 Ecclesiae
2042 696 2495 753 intercessionem.

1432 762 1587 812 Unde
1632 764 1785 813 Beda
1814 783 1837 815 „-
1873 784 1904 812 «
1949 768 2154 818 Surdus
2205 780 2261 820 et
2311 783 2499 824 mutus

1431 842 1529 894 est,
1560 835 1656 899 qui
1697 852 1798 886 uec
1840 852 1995 888 aures
2037 839 2198 891 habet
2242 844 2499 896 audiendi

1430 906 1590 956 verba
1612 906 1710 956 Dei
1737 923 1839 958 nec
1866 925 1928 959 os
1954 911 2123 975 aperit
2142 928 2237 977 pro
2263 916 2499 981 loquen-

1430 976 1528 1039 do;
1563 978 1746 1043 quales
1779 995 2006 1031 necesse
2054 993 2151 1043 est,
2195 995 2255 1035 ut
2300 987 2356 1036 hi
2401 988 2501 1055 qui

1431 1046 1580 1111 loqui
1619 1048 1726 1112 jam
1758 1058 1810 1098 et
1842 1051 2029 1101 audire
2064 1052 2247 1106 divina
2287 1058 2505 1125 eloquia

1430 1119 1760 1181 didicerunt,
1806 1123 2043 1174 Domino
2089 1128 2382 1181 salvandos
2418 1132 2503 1182 of-

1425 1188 1622 1240 ferant.
1649 1210 1677 1239 »
1699 1192 1857 1242 Unde
1881 1202 1933 1242 et
1961 1195 2270 1261 Gregorius
2300 1218 2317 1251 .-
2345 1219 2375 1247 ι(
2398 1203 2504 1253 Sed

1433 1261 1518 1312 cui
1571 1278 1732 1314 aures
1794 1266 1969 1315 cordis
2016 1269 2083 1317 ad
2139 1271 2502 1328 obediendum

1434 1343 1628 1398 apertae
1657 1334 1879 1400 fuerint,
1910 1352 1973 1386 ex
2010 1339 2362 1407 subsequenti
2388 1361 2507 1410 pro·

1434 1403 1526 1454 cul
1569 1405 1742 1455 dubio
1784 1410 1945 1457 etiam
1982 1408 2187 1474 linguae
2232 1413 2346 1477 ejus
2379 1416 2507 1467 vin-—

1431 1476 1619 1526 culum
1662 1478 1912 1538 solvitur,
1953 1490 2014 1529 ut
2052 1481 2193 1532 bona
2231 1500 2354 1550 quae
2387 1486 2506 1553 ipse

1434 1545 1635 1607 fecerit,
1684 1548 1845 1599 etiam
1883 1549 2125 1602 facienda
2164 1554 2286 1605 aliis
2309 1558 2507 1622 loqua-

1435 1627 1541 1667 tur.
1571 1636 1600 1665 >›
1634 1619 1793 1669 Unde
1827 1630 1879 1670 et
1920 1622 2055 1671 bene
2103 1626 2355 1677 subditur
2383 1645 2395 1676 :
2427 1629 2507 1679 Et

1429 1689 1751 1754 loquebatur
1771 1698 1934 1741 recte.
1966 1694 2058 1744 Ille
2076 1695 2221 1745 enim
2261 1705 2404 1749 recte
2432 1702 2508 1751 lo-

1436 1758 1626 1825 quitur
1687 1762 1984 1813 Dominum
2039 1765 2396 1834 confitend0‚‚
2423 1772 2509 1821 vel

1439 1830 1561 1880 aliis
1615 1832 1949 1896 praedicando
1975 1873 1990 1896 ,
2035 1836 2130 1901 qui
2168 1838 2324 1903 prius
2374 1842 2510 1892 obe-

1439 1902 1641 1953 diendo
1683 1903 1881 1966 fecerit,
1925 1922 2045 1973 quae
2106 1909 2380 1976 loquendo
2425 1914 2512 1964 ad-

1442 1985 1626 2026 monet
1646 1992 1763 2027 esse
1790 1977 2049 2030 facienda.
2083 1981 2325 2041 Quilibet
2345 1986 2511 2037 etiam

1437 2058 1710 2111 peccator,
1737 2052 1918 2114 quoad
1943 2052 2135 2114 Deum,
2162 2057 2356 2108 surdus
2397 2069 2510 2123 est3

1443 2119 1538 2184 qui
1592 2121 1808 2170 obturat
1852 2138 2009 2172 aures
2056 2140 2181 2176 suas
2221 2144 2290 2177 ne
2329 2129 2516 2181 audiat

1444 2190 1617 2241 Deum
1673 2191 1779 2242 sibi
1836 2194 2149 2260 loquentem
2176 2236 2193 2258 ,
2245 2199 2358 2250 sive
2419 2217 2514 2266 per

1441 2264 1919 2328 praedicationem„
1966 2267 2079 2318 sive
2130 2286 2224 2334 per
2267 2273 2513 2338 Scriptu-

1441 2350 1577 2394 ram,
1600 2335 1712 2386 sive
1737 2352 1833 2401 per
1851 2338 2170 2391 instinctum
2199 2341 2477 2394 internum
2499 2362 2513 2394 :

1445 2406 1533 2456 his
1557 2407 1708 2457 enim
1736 2409 1912 2460 tribus
1946 2411 2124 2461 modis
2161 2413 2305 2464 Deus
2331 2415 2514 2481 loqui-

1437 2487 1532 2527 tur
1580 2479 1755 2541 nobis,
1804 2491 1857 2530 et
1897 2483 2045 2532 surdi
2098 2494 2228 2535 sunt
2262 2486 2356 2551 qui
2390 2501 2514 2536 eum

1445 2567 1556 2600 non
1581 2552 1834 2603 audiunt.
1876 2555 2011 2606 Sunt
2040 2556 2202 2606 etiam
2228 2559 2386 2619 muti,
2418 2560 2513 2625 qui

1445 2622 1557 2672 Deo
1605 2638 1698 2687 per
1733 2625 1904 2675 multa
1944 2626 2199 2678 beneficia
2231 2643 2327 2678 eos
2358 2630 2422 2678 ad
2460 2645 2517 2680 se

1444 2692 1675 2756 vocanti,
1709 2709 1819 2743 non
1851 2697 2179 2761 respondent
2200 2714 2293 2763 per
2309 2698 2517 2764 gratia-

1448 2777 1571 2812 rum
1623 2763 1885 2814 actionem
1911 2775 1963 2815 et
1997 2767 2236 2817 debitam
2265 2769 2518 2835 recogni-

1448 2832 1674 2884 tionem.
1712 2835 2075 2894 Quantum-ad
2106 2848 2402 2904 utrumque
2424 2841 2519 2891 de·-

1448 2907 1652 2958 fectum
1698 2911 2047 2975 conqueritur
2091 2913 2362 2964 Dominus
2428 2930 2523 2981 per

1449 2977 1663 3040 Isaiam,
1684 2979 1869 3030 dicens
1889 2982 2155 3033 :Locutus
2166 2999 2302 3049 sum,
2320 2985 2521 3051 inquit,

1446 3057 1505 3102 et
1542 3066 1644 3102 non
1703 3054 2017 3117 audiet-unu
2068 3058 2285 3120 vocavi,
2319 3065 2370 3108 et
2421 3073 2521 3109 non

1456 3128 1578 3172 erat
1613 3123 1708 3188 qui
1731 3127 2099 3189 responderet.
2123 3129 2332 3178 Surdus
2359 3129 2525 3194 igitur

1458 3202 1539 3243 est
1558 3193 1879 3244 inobediens
1907 3205 1959 3246 et
1979 3207 2194 3260 mutus,
2223 3199 2406 3249 laudes
2440 3199 2526 3249 de·

1460 3264 1599 3314 bitas
1641 3265 1739 3315 Dei
1779 3266 2056 3333 omitoenS,
2112 3279 2163 3319 et
2203 3259 2308 3319 ,iiec
2349 3284 2523 3331 aures,

1455 3349 1561 3384 ,nec
1605 3350 1667 3384 os
1712 3335 1778 3386 ad
1825 3337 1925 3387 Dei
1970 3339 2135 3389 verba
2181 3338 2444 3390 audienda
2475 3349 2528 3389 et

1460 3406 1859 3469 pronuntianda
1896 3409 2176 3474 .aper.ien5.;
2245 3411 2337 3459 sed
2384 3418 2527 3461 tactu

1458 3475 1663 3526 Christi
1710 3488 2006 3546 utrumque
2042 3479 2250 3529 toliitur
2293 3479 2530 3545 impedi-

1453 3560 1726 3612 mentum,
1779 3553 1915 3618 quia
1956 3569 2082 3602 cum
2129 3552 2386 3603 Christus
2430 3567 2530 3604 sua

1445 3623 1625 3689 ,gratia
1655 3627 1828 3692 tangit
1856 3642 1948 3677 cor
1969 3625 2231 3688 hominis,
2260 3626 2321 3677 fit
2353 3625 2533 3677 humi-

1455 3698 1579 3748 liter
1589 3696 1877 3757 obediens,
1911 3707 1966 3747 et
1990 3698 2179 3747 devote
2204 3698 2380 3748 Deum
2401 3699 2529 3749 lau-

1446 3770 1619 3832 dam&
1651 3768 1776 3818 talis
1794 3783 1931 3819 vero
1968 3766 2252 3817 adducitur
2278 3778 2332 3818 et
2365 3783 2530 3820 sana-

1453 3857 1546 3899 tur
1575 3848 1644 3901 ,in
1680 3846 1979 3912 provincia,
2034 3845 2129 3896 ubi
2173 3856 2306 3897 sunt
2343 3849 2527 3900 decem

1453 3923 1639 3985 urbes,
1670 3922 1998 3986 Decalogum
2016 3919 2404 3986 significantes.
