2757 4413
305 311 410 376 514

296 427 351 479 id
407 436 487 476 est
545 432 665 474 ante
712 417 1079 471 ostensionem
1109 426 1257 467 tuam
1300 415 1364 465 ad

296 498 586 548 mundum.
656 493 743 542 Sic
803 489 1043 541 officium
1107 486 1369 554 praedica-

296 578 477 618 torum
507 575 587 615 est
642 575 935 629 praeparare
977 559 1137 609 corda
1168 556 1370 607 audito-

297 654 420 689 rum
460 646 582 686 ante
611 635 899 684 adventum
936 629 1156 680 Domini
1186 628 1251 678 ad
1281 628 1370 693 ju-

297 708 498 759 dicium
544 707 627 756 vel
672 704 728 754 in
765 711 1020 752 mentem.
1070 699 1260 750 Dictus
1291 707 1372 747 est

298 790 478 831 autem
497 779 523 828 J
528 791 727 828 oannes
740 773 979 839 Angelus
994 780 1210 837 propter
1228 769 1335 818 duo
1356 784 1371 818 ε

299 851 507 918 primo,
561 855 778 912 propter
826 842 987 893 officii
1035 841 1371 906 dignitatem,

300 923 429 989 quia
457 918 696 970 nuntius.
728 913 985 965 Officium
1015 912 1161 962 enim
1190 913 1374 975 Ange-

300 993 476 1043 lorum
511 1000 590 1040 est
629 1001 814 1037 arcana
855 984 1100 1042 revelare,
1134 982 1210 1032 sic
1247 980 1374 1031 offi-

299 1067 445 1118 cium
460 1065 484 1114 J
491 1061 683 1113 oannis
700 1072 887 1109 arcana
904 1056 1204 1123 praedicere.
1219 1055 1374 1113 Nam,

301 1138 441 1189 sicut
491 1135 732 1200 Angelus
775 1130 991 1181 Gabriel
1042 1127 1373 1179 nativitatem

303 1205 591 1259 Salvatoris
637 1201 818 1268 paucis
869 1197 1210 1250 annuntiavit
1249 1212 1377 1262 per-

303 1278 472 1336 soniS‚
498 1275 699 1326 scilicet
711 1270 924 1338 Virgini
952 1281 1004 1321 et
1026 1267 1245 1333 Joseph,
1277 1283 1375 1333 pa·-

304 1347 569 1399 storibus·
592 1355 643 1395 et
676 1341 877 1408 Magis;
921 1341 994 1390 ita
1020 1340 1252 1390 Joannes
1280 1352 1376 1403 pa-

305 1418 413 1468 lam
472 1417 627 1465 illum
679 1413 778 1463 toti
827 1412 1032 1479 mundo
1088 1406 1374 1459 nuntiavit.

306 1487 459 1538 Unde
521 1485 672 1536 Beda
715 1502 732 1534 ,-
773 1501 802 1529 α
852 1481 1091 1546 Angelus
1160 1487 1378 1527 vocatur

303 1558 560 1615 JoanneS,
608 1569 719 1604 non
757 1562 959 1603 naturae
988 1549 1254 1608 societate,
1285 1547 1375 1597 sed

306 1627 472 1678 officii
507 1624 782 1690 dignitate.
814 1622 936 1682 Quo
971 1620 1209 1682 nomine,
1240 1628 1377 1668 recte

305 1698 558 1766 appellari
586 1697 761 1762 potuit
789 1695 955 1745 homo
997 1693 1106 1752 ille,
1142 1693 1236 1758 qui
1255 1691 1381 1756 fuit

307 1769 505 1819 missus
544 1781 580 1816 a
629 1767 744 1816 Deo
766 1770 823 1814 ut
870 1763 1225 1814 testimonium
1252 1776 1376 1828 per-

307 1839 508 1890 hiberet
545 1837 609 1887 de
650 1836 861 1896 lumine,
892 1843 945 1884 et
975 1831 1277 1884 venientem
1319 1832 1377 1883 in

310 1923 468 1960 carne
505 1905 802 1956 Dominum
844 1904 1047 1954 mundo
1086 1902 1377 1954 nuntiaret.

309 1979 383 2029 Et
415 1976 711 2027 sacerdotes
751 1973 944 2040 Angeli
975 1982 1375 2038 nuncupantur;

312 2052 459 2102 unde
485 2050 775 2114 Apostolus
802 2046 1053 2112 prohibet
1081 2062 1149 2096 ne
1178 2046 1380 2096 mulie-

314 2137 401 2173 res
450 2121 655 2170 detecto
710 2118 879 2184 capite
930 2126 1108 2177 orent,
1165 2126 1382 2183 propter

311 2194 548 2260 Angelos
574 2191 693 2253 Dei,
724 2190 777 2241 id
799 2200 878 2242 est
905 2190 1217 2241 sacerdotes.
1245 2209 1272 2237 n
1296 2190 1378 2252 Et,

313 2263 615 2316 secundum
636 2261 982 2327 Gregorium,
1005 2260 1383 2327 unusquisque

313 2337 506 2397 fidelis,
533 2336 578 2385 si
608 2350 638 2384 a
662 2334 918 2400 pravitate
947 2334 1257 2400 proximum
1291 2348 1383 2383 re-

311 2418 466 2460 vocat
510 2416 562 2458 et
605 2407 670 2456 ad
718 2407 921 2457 bonum
967 2405 1295 2465 exhortatur,
1337 2405 1382 2455 si

316 2489 578 2530 aeternum
635 2494 862 2544 regnum
920 2476 1004 2527 vel
1058 2476 1385 2542 supplicium

315 2549 511 2600 erranti
556 2548 866 2607 denuntiat,
920 2546 1155 2613 profecto
1205 2548 1388 2612 Ange-

314 2622 419 2685 lus,
452 2621 506 2670 id
545 2631 625 2670 est
656 2620 880 2669 nuntius
912 2618 1154 2678 Domini,
1185 2628 1282 2669 est.
1326 2648 1389 2657 —

315 2691 559 2741 Secundo
586 2690 760 2739 dictus
792 2700 872 2739 est
904 2689 1141 2754 Angelus
1177 2699 1393 2755 propter

313 2760 436 2811 vitae
463 2759 712 2828 angelicae
742 2758 1024 2825 puritatem
1047 2774 1210 2824 quam
1240 2760 1394 2810 duxit

318 2830 376 2880 in
429 2830 759 2893 solitudine,
808 2829 862 2879 id
907 2839 987 2879 est
1027 2828 1390 2896 virginitatem

318 2900 374 2950 in
406 2899 874 2965 contemplatione.
909 2899 1067 2950 Unde
1097 2899 1172 2949 ait
1214 2900 1395 2967 Chry-

318 2978 586 3022 sostomus
612 2988 629 3021 .·
653 2988 679 3017 «
702 2972 891 3021 Beatus
916 2972 1165 3033 Joannes,
1189 2972 1283 3038 qui
1307 2983 1394 3022 ta-

319 3042 427 3094 lem
447 3042 645 3093 meruit
663 3042 860 3093 habere
882 3042 1231 3094 laudatorem.
1249 3044 1393 3094 Audi

321 3131 467 3167 nunc
509 3124 561 3164 et
596 3114 831 3180 intellige
858 3115 1174 3180 dignitatem
1193 3133 1209 3181 3
1242 3127 1391 3183 put0,

320 3186 367 3237 si
413 3201 522 3235 non
553 3194 691 3235 esset
731 3185 964 3236 audaciae
1005 3186 1210 3248 dicere,
1246 3190 1393 3255 quod

321 3258 609 3325 gloriosior
650 3268 731 3308 est
764 3259 1018 3322 loannes,
1054 3259 1183 3325 quia
1226 3260 1394 3310 homo

320 3328 426 3379 fuit
455 3340 507 3379 et
536 3337 753 3395 propter
781 3328 1034 3378 meritum
1054 3330 1267 3381 virtutis
1288 3332 1397 3380 An·

321 3400 473 3466 gelus
513 3410 594 3450 est
622 3409 862 3460 vocatus,
893 3415 1054 3466 quam
1097 3400 1142 3451 si
1172 3401 1395 3453 nomine

320 3472 563 3538 Angelus
599 3481 651 3523 et
695 3482 883 3522 natura
915 3471 1124 3523 fuisset.
1152 3474 1394 3539 Angelus

322 3546 468 3596 enim
496 3545 599 3596 hoc
628 3546 807 3611 ipsum
836 3545 982 3611 quod
1009 3546 1246 3611 Angelus
1279 3557 1359 3598 est
1376 3586 1392 3608 ‚

323 3632 432 3666 non
472 3625 683 3666 tantum
726 3625 806 3666 est
833 3615 1049 3667 virtutis
1090 3616 1391 3681 praemium,

323 3696 586 3753 quantum
611 3696 809 3736 naturae
838 3685 1149 3752 proprietas.
1178 3688 1283 3738 Iste
1307 3703 1396 3737 au-

324 3766 433 3808 tem
477 3756 741 3808 mirabilis
785 3766 891 3817 est,
944 3756 1039 3823 qui
1086 3756 1145 3807 in
1208 3759 1402 3809 natura

326 3827 566 3879 humana
591 3826 884 3895 angelicam
924 3836 1288 3893 transgressus
1315 3839 1395 3880 est

326 3898 688 3963 sanctitatem,
733 3908 785 3950 et
840 3897 944 3950 hoc
1004 3897 1243 3950 obtinuit
1300 3914 1395 3964 per

926 285 1167 351 PRI'MAE
1203 295 1454 348 PART1s
1488 293 1722 346 CAPUT
1753 292 1887 344 [Νι.

1477 411 1701 478 gratiam
1730 409 1848 470 Dei,
1869 408 2014 475 quod
2040 423 2151 458 non
2180 405 2370 456 habuit
2391 402 2563 457 natu-

1475 501 1532 536 ra
1556 503 1570 535 :
1601 504 1629 533 n
1655 485 1769 535 haec
1798 483 2236 551 ChrysostomuS.

1544 571 1606 605 10
1667 556 1821 605 Nemo
1874 569 2034 603 mma
2092 564 2321 601 Hoxmss
2380 562 2561 599 aaron

1478 629 1842 678 PRAEcunsonn
1865 627 2082 676 Dorum.
2109 651 2174 662 -—
2196 623 2262 673 Et
2302 632 2361 673 ut
2393 638 2563 672 sum-

1479 717 1623 752 mam
1646 701 1909 752 virtutum
1933 696 2416 750 commendationis
2436 697 2565 760 ejus

1479 773 1745 823 Dominus
1815 771 2043 821 breviter
2102 767 2527 833 comprehendat
2545 804 2564 824 ,

1479 843 1662 894 subdit
1683 859 1695 892 :
1718 845 1884 893 Amen
1908 842 2029 892 dico
2049 839 2212 902 vobis,
2238 839 2375 889 inter
2394 844 2567 888 natos

1480 915 1775 976 mulierum,
1799 928 1900 963 non
1919 911 2168 962 surrexit
2198 909 2372 976 maj0r
2390 909 2567 959 Joan-

1481 999 1545 1036 ne
1573 985 1845 1050 Baptista.
1883 982 2170 1047 Signanter
2208 979 2342 1029 dicit
2376 984 2561 1038 πατοε,

1481 1073 1593 1107 non
1637 1066 1817 1115 natas,
1847 1070 1914 1105 ne
1957 1055 2126 1103 Beatae
2155 1051 2366 1117 Virgini
2394 1045 2566 1100 mat‘ri

1482 1127 1684 1179 Christi
1738 1126 1973 1194 praeferri
2010 1126 2092 1175 vel
2131 1123 2329 1190 aequari
2375 1120 2567 1188 quoad

1481 1199 1811 1249 sanctitatem
1836 1196 2182 1262 intelligatur,
2198 1209 2321 1260 quoe
2345 1195 2570 1259 praelatn

1481 1278 1563 1320 est
1607 1268 1860 1319 omnibus
1902 1266 2129 1325 SanctiS‚
2160 1276 2212 1315 et
2240 1275 2360 1330 post
2391 1264 2568 1314 Chri-

1483 1353 1627 1392 stum
1674 1341 1909 1391 sanctior
1945 1338 2049 1389 fuit
2094 1337 2379 1388 universis.
2418 1335 2573 1387 Dicit

1482 1424 1660 1464 autem
1701 1413 2009 1473 mulierum,
2047 1427 2156 1462 non
2193 1409 2463 1475 VirginiS,
2491 1425 2573 1460 ne

1482 1484 1703 1534 Christo
1764 1481 2057 1548 comparari
2113 1481 2354 1530 videatur
2382 1519 2395 1539 ,
2432 1480 2575 1546 quia

1483 1556 1681 1607 mulier
1729 1555 1806 1607 ibi
1856 1571 1962 1605 non
1993 1554 2170 1605 solum
2204 1568 2426 1613 sexum,
2467 1554 2571 1603 sed

1482 1627 1644 1677 etiam
1682 1625 2082 1692 corruptionem
2129 1622 2424 1689 significat3
2471 1639 2573 1674 se·-

1482 1698 1719 1747 cundum
1756 1712 1918 1762 quem
1954 1694 2178 1745 modum
2210 1695 2361 1744 beata
2388 1693 2573 1759 Virgo

1484 1769 1680 1820 mulier
1712 1785 1821 1819 non
1863 1767 1998 1832 fuit3
2029 1778 2081 1818 et
2129 1766 2174 1816 si
2223 1766 2413 1816 mulier
2454 1766 2571 1816 ali-
2631 1830 2636 1831 ⁷

1484 1841 1701 1907 quando
1748 1840 1806 1889 in
1862 1838 2152 1904 Evangelio
2195 1846 2568 1901 nuncupatur,

1485 1911 1561 1961 ibi
1597 1909 1789 1960 mulier·
1817 1925 1913 1975 pro
1943 1908 2142 1958 femina
2170 1916 2221 1958 et
2252 1923 2379 1957 sexu
2408 1905 2571 1971 poni-

1484 1990 1589 2031 tur.
1617 1980 1726 2029 Nec
1751 1978 1940 2029 ceteris
1969 1977 2251 2044 Prophetis
2271 1987 2322 2027 et
2344 1976 2576 2027 Patriar-

1485 2052 1600 2102 chis
1614 2049 1926 2116 cunctisque
1944 2048 2263 2099 hominibus
2284 2046 2576 2113 praefertur

1487 2123 1576 2173 hic
1600 2122 1850 2182 Joannes,
1879 2121 1972 2171 sed
2002 2130 2261 2188 aequatur,
2278 2121 2362 2171 vel
2379 2120 2575 2171 nunus

1487 2194 1534 2245 ei
1560 2191 1915 2259 anteponitur.
1940 2192 2061 2242 Non
2086 2190 2233 2242 enim
2259 2189 2439 2241 statim
2472 2203 2573 2239 se-

1488 2264 1690 2331 quitur,
1724 2262 1770 2313 si
1794 2262 1883 2313 alii
1912 2277 1977 2312 eo
2001 2262 2253 2312 meliores
2280 2276 2389 2309 non
2418 2269 2573 2310 sunt.

1489 2336 1580 2385 ille
1600 2335 1769 2399 major
1787 2334 1908 2384 aliis
1937 2333 2025 2383 sit.
2059 2332 2212 2383 Unde
2241 2346 2351 2380 non
2382 2338 2573 2395 negat,
2633 2361 2638 2362 ν

1491 2408 1627 2474 quin
1667 2407 1889 2470 aequalis
1918 2405 2023 2455 sibi
2069 2403 2356 2470 aliquando
2383 2417 2576 2452 surre-

1491 2480 1603 2541 xit;
1637 2489 1822 2529 utrum
1847 2492 1974 2527 vero
2004 2485 2188 2541 postea
2230 2474 2466 2524 sanctior
2503 2489 2576 2524 eo

1493 2551 1689 2617 aliquis
1714 2550 1893 2611 fuerit,
1924 2551 2007 2600 vel
2035 2549 2209 2598 adhuc
2237 2546 2451 2597 futurus
2476 2546 2577 2611 sit,

1494 2622 1854 2672 indiscussum
1868 2619 2208 2685 relinquitur.
2221 2617 2375 2668 Unde
2393 2618 2578 2684 Chrs-

1495 2701 1762 2745 sostomus
1785 2710 1803 2743 .·
1831 2713 1856 2739 ι
1888 2691 2159 2757 Scriptura
2197 2689 2416 2756 quidem
2460 2705 2579 2740 nori

1496 2766 1629 2816 dicit
1653 2766 1913 2816 Joannem
1941 2764 2193 2828 majorem
2236 2777 2350 2813 esse
2380 2760 2579 2812 ceteris

1498 2838 1722 2898 Sanctis,
1742 2839 1833 2888 sed
1858 2848 2059 2888 ceteros
2078 2837 2300 2885 Sanctos
2320 2849 2427 2883 non
2451 2848 2580 2885 esse

1499 2908 1726 2972 majores
1774 2908 1992 2958 Joanne.
2034 2903 2350 2970 Coaequavit
2419 2903 2579 2953 enim

1499 2994 1624 3028 eum
1642 2978 1850 3038 ceteris,
1873 2993 1982 3028 non
2002 2974 2312 3043 praeposuit.
2335 2994 2361 3022 ν)
2378 2975 2449 3024 Et
2469 2973 2583 3024 ite-

1498 3067 1622 3102 rum
1650 3068 1667 3102 :
1697 3069 1725 3098 α
1750 3051 1907 3111 Quod
1936 3060 2111 3100 autem
2142 3048 2272 3098 dicit
2300 3047 2401 3098 tale
2448 3056 2532 3097 est
2558 3065 2579 3099 z

1500 3122 1623 3171 Non
1666 3120 1872 3187 peperit
1907 3119 2101 3170 mulier
2145 3119 2248 3169 isto
2291 3119 2580 3183 majorem,

1499 3204 1552 3245 et
1589 3193 1790 3244 sufficit
1818 3193 2036 3260 quidem
2079 3193 2195 3242 haec
2233 3190 2584 3242 annuntiatio

1500 3264 1724 3315 Christi.
1757 3264 1813 3314 Si
1847 3272 2023 3314 autem
2061 3263 2145 3313 vis
2184 3277 2215 3312 a
2253 3262 2413 3311 rebus
2441 3260 2584 3325 ipsis

1499 3334 1723 3395 discere,
1769 3334 1860 3384 hic
1900 3334 2139 3399 excogita
2182 3333 2296 3397 ejus
2338 3332 2585 3381 immen-

1500 3422 1615 3456 sam
1654 3405 2109 3457 conversationem
2141 3415 2194 3455 et
2217 3402 2416 3454 mentis
2443 3402 2584 3452 alti-

1500 3477 1762 3528 tudinem.
1812 3476 1972 3526 Velut
2024 3475 2168 3525 enirn
2216 3474 2310 3540 qui
2358 3471 2585 3524 coelitus

1499 3546 1853 3598 descendisset
1888 3547 2111 3612 degebat
2156 3544 2214 3596 in
2253 3555 2420 3603 terra,
2464 3541 2586 3595 fere

1501 3620 1703 3670 nullam
1752 3634 1939 3685 gerens
1979 3633 2161 3669 curam
2212 3618 2279 3667 de
2323 3631 2583 3682 corpore,

1501 3689 1929 3741 intellectualiter
1957 3699 2163 3740 erectus
2192 3688 2248 3737 in
2278 3687 2493 3746 coelum,
2524 3696 2585 3738 et

1501 3759 1603 3809 soli
1629 3760 1743 3810 Deo
1765 3760 2097 3825 conjunctus,
2126 3756 2193 3808 de
2217 3756 2369 3806 nullo
2401 3771 2580 3806 mun-

1500 3831 1765 3882 danorum
1809 3831 2104 3892 sollicitus;
2156 3828 2294 3880 sicut
2329 3827 2477 3879 enim
2520 3827 2584 3879 in

1501 3901 1637 3953 coelo
1676 3901 1750 3955 ita
1804 3901 2239 3963 conversabatur,
2275 3908 2328 3951 et
2369 3906 2583 3950 naturoe
