<?xml version="1.0" encoding="UTF-8"?>
<!DOCTYPE html PUBLIC "-//W3C//DTD XHTML 1.0 Transitional//EN"
    "http://www.w3.org/TR/xhtml1/DTD/xhtml1-transitional.dtd">
<html xmlns="http://www.w3.org/1999/xhtml" xml:lang="en" lang="en">
 <head>
  <title>
</title>
<meta http-equiv="Content-Type" content="text/html;charset=utf-8" />
  <meta name='ocr-system' content='tesseract 3.04.00' />
  <meta name='ocr-capabilities' content='ocr_page ocr_carea ocr_par ocr_line ocrx_word'/>
</head>
<body>
  <div class='ocr_page' id='page_1' title='image "./vitajesuchristi01sachgoog_0025.png"; bbox 0 0 2757 4413; ppageno 0'>
   <div class='ocr_carea' id='block_1_1' title="bbox 459 237 2196 294">
    <p class='ocr_par' dir='ltr' id='par_1_1' title="bbox 459 237 2196 294">
     <span class='ocr_line' id='line_1_1' title="bbox 459 237 2196 294; baseline 0.003 -5"><span class='ocrx_word' id='word_1_1' title='bbox 459 239 556 289; x_wconf 82' lang='lat' dir='ltr'><strong>DE</strong></span> <span class='ocrx_word' id='word_1_2' title='bbox 585 238 911 289; x_wconf 81' lang='lat' dir='ltr'>MISSIONE</span> <span class='ocrx_word' id='word_1_3' title='bbox 944 237 1476 290; x_wconf 77' lang='lat' dir='ltr'>APOSTOLORUM</span> <span class='ocrx_word' id='word_1_4' title='bbox 1513 240 1606 289; x_wconf 84' lang='lat' dir='ltr'><strong>AD</strong></span> <span class='ocrx_word' id='word_1_5' title='bbox 1648 241 2196 294; x_wconf 75' lang='lat' dir='ltr'><strong>PRAEDICANDUM.</strong></span> 
     </span>
    </p>
   </div>
   <div class='ocr_carea' id='block_1_2' title="bbox 183 356 1278 3346">
    <p class='ocr_par' dir='ltr' id='par_1_2' title="bbox 203 356 1276 567">
     <span class='ocr_line' id='line_1_2' title="bbox 206 356 1276 423; baseline -0.005 -12"><span class='ocrx_word' id='word_1_6' title='bbox 206 367 357 417; x_wconf 83' lang='lat' dir='ltr'><strong>runt,</strong></span> <span class='ocrx_word' id='word_1_7' title='bbox 391 356 689 407; x_wconf 86' lang='lat' dir='ltr'><strong>reverentia</strong></span> <span class='ocrx_word' id='word_1_8' title='bbox 717 356 839 407; x_wconf 89' lang='lat' dir='ltr'><strong>fidei</strong></span> <span class='ocrx_word' id='word_1_9' title='bbox 884 357 1088 423; x_wconf 90' lang='lat' dir='ltr'><strong>ubique</strong></span> <span class='ocrx_word' id='word_1_10' title='bbox 1116 357 1276 423; x_wconf 90' lang='lat' dir='ltr'><strong>plan-</strong></span> 
     </span>
     <span class='ocr_line' id='line_1_3' title="bbox 205 429 1273 497; baseline -0.001 -16"><span class='ocrx_word' id='word_1_11' title='bbox 205 440 327 482; x_wconf 87' lang='lat' dir='ltr'><strong>tata.</strong></span> <span class='ocrx_word' id='word_1_12' title='bbox 371 431 428 480; x_wconf 89' lang='lat' dir='ltr'><strong>Si</strong></span> <span class='ocrx_word' id='word_1_13' title='bbox 455 440 641 480; x_wconf 89' lang='lat' dir='ltr'><strong>autem</strong></span> <span class='ocrx_word' id='word_1_14' title='bbox 671 439 722 480; x_wconf 87' lang='lat' dir='ltr'><strong>et</strong></span> <span class='ocrx_word' id='word_1_15' title='bbox 746 440 927 497; x_wconf 88' lang='lat' dir='ltr'><strong>postea</strong></span> <span class='ocrx_word' id='word_1_16' title='bbox 952 429 1088 481; x_wconf 90' lang='lat' dir='ltr'><strong>facta</strong></span> <span class='ocrx_word' id='word_1_17' title='bbox 1115 439 1273 489; x_wconf 89' lang='lat' dir='ltr'><strong>sunt,</strong></span> 
     </span>
     <span class='ocr_line' id='line_1_4' title="bbox 203 500 902 567; baseline -0.006 -15"><span class='ocrx_word' id='word_1_18' title='bbox 203 517 364 567; x_wconf 86' lang='lat' dir='ltr'><strong>pauca</strong></span> <span class='ocrx_word' id='word_1_19' title='bbox 391 511 443 551; x_wconf 91' lang='lat' dir='ltr'><strong>et</strong></span> <span class='ocrx_word' id='word_1_20' title='bbox 468 516 588 550; x_wconf 88' lang='lat' dir='ltr'><strong>rara</strong></span> <span class='ocrx_word' id='word_1_21' title='bbox 612 500 845 551; x_wconf 87' lang='lat' dir='ltr'><strong>fuerunt.</strong></span> <span class='ocrx_word' id='word_1_22' title='bbox 874 520 902 549; x_wconf 71' lang='lat' dir='ltr'><strong>n</strong></span> 
     </span>
    </p>

    <p class='ocr_par' dir='ltr' id='par_1_3' title="bbox 183 574 1278 3276">
     <span class='ocr_line' id='line_1_5' title="bbox 272 574 1276 640; baseline -0.002 -16"><span class='ocrx_word' id='word_1_23' title='bbox 272 590 301 640; x_wconf 92' lang='lat'>7</span> <span class='ocrx_word' id='word_1_24' title='bbox 330 574 539 624; x_wconf 68' lang='lat' dir='ltr'><strong>GRAns</strong></span> <span class='ocrx_word' id='word_1_25' title='bbox 571 588 710 622; x_wconf 73' lang='lat' dir='ltr'><strong>mat-2</strong></span> <span class='ocrx_word' id='word_1_26' title='bbox 747 589 952 622; x_wconf 58' lang='lat' dir='ltr'><strong>utatur</strong></span> <span class='ocrx_word' id='word_1_27' title='bbox 978 587 1119 630; x_wconf 81' lang='lat' dir='ltr'><strong>Quot&gt;</strong></span> <span class='ocrx_word' id='word_1_28' title='bbox 1142 588 1276 622; x_wconf 74' lang='lat' dir='ltr'>GRA-</span> 
     </span>
     <span class='ocr_line' id='line_1_6' title="bbox 199 643 1277 695; baseline -0.002 0"><span class='ocrx_word' id='word_1_29' title='bbox 199 661 288 695; x_wconf 89' lang='lat' dir='ltr'><strong>·r1s</strong></span> <span class='ocrx_word' id='word_1_30' title='bbox 306 643 671 694; x_wconf 52' lang='lat' dir='ltr'><strong>Amanum.</strong></span> <span class='ocrx_word' id='word_1_31' title='bbox 688 672 748 681; x_wconf 93' lang='lat'>—</span> <span class='ocrx_word' id='word_1_32' title='bbox 774 644 974 695; x_wconf 85' lang='lat' dir='ltr'>Deinde</span> <span class='ocrx_word' id='word_1_33' title='bbox 992 646 1277 695; x_wconf 88' lang='lat' dir='ltr'><strong>excludens</strong></span> 
     </span>
     <span class='ocr_line' id='line_1_7' title="bbox 197 715 1275 782; baseline -0.002 -14"><span class='ocrx_word' id='word_1_34' title='bbox 197 717 272 769; x_wconf 80' lang='lat' dir='ltr'><strong>ab</strong></span> <span class='ocrx_word' id='word_1_35' title='bbox 288 716 364 767; x_wconf 88' lang='lat' dir='ltr'><strong>eis</strong></span> <span class='ocrx_word' id='word_1_36' title='bbox 388 715 762 781; x_wconf 84' lang='lat' dir='ltr'><strong>cupiditatem,</strong></span> <span class='ocrx_word' id='word_1_37' title='bbox 783 717 1096 782; x_wconf 87' lang='lat' dir='ltr'><strong>subjungit:</strong></span> <span class='ocrx_word' id='word_1_38' title='bbox 1124 717 1275 775; x_wconf 83' lang='lat' dir='ltr'><strong>Gra-</strong></span> 
     </span>
     <span class='ocr_line' id='line_1_8' title="bbox 197 788 1274 856; baseline 0.001 -16"><span class='ocrx_word' id='word_1_39' title='bbox 197 791 291 853; x_wconf 82' lang='lat' dir='ltr'><strong>tis,</strong></span> <span class='ocrx_word' id='word_1_40' title='bbox 318 800 370 839; x_wconf 89' lang='lat' dir='ltr'><strong>et</strong></span> <span class='ocrx_word' id='word_1_41' title='bbox 397 790 522 840; x_wconf 89' lang='lat' dir='ltr'><strong>sine</strong></span> <span class='ocrx_word' id='word_1_42' title='bbox 562 788 752 855; x_wconf 88' lang='lat' dir='ltr'><strong>preti0,</strong></span> <span class='ocrx_word' id='word_1_43' title='bbox 783 790 1085 856; x_wconf 78' lang='lat' dir='ltr'><em>accepistis,</em></span> <span class='ocrx_word' id='word_1_44' title='bbox 1120 800 1274 856; x_wconf 87' lang='lat' dir='ltr'><strong>pote-</strong></span> 
     </span>
     <span class='ocr_line' id='line_1_9' title="bbox 197 860 1273 927; baseline 0 -16"><span class='ocrx_word' id='word_1_45' title='bbox 197 870 391 912; x_wconf 88' lang='lat' dir='ltr'><strong>statem</strong></span> <span class='ocrx_word' id='word_1_46' title='bbox 456 861 717 911; x_wconf 86' lang='lat' dir='ltr'><strong>miracula</strong></span> <span class='ocrx_word' id='word_1_47' title='bbox 758 860 1003 920; x_wconf 90' lang='lat' dir='ltr'><strong>faciendi,</strong></span> <span class='ocrx_word' id='word_1_48' title='bbox 1053 860 1273 927; x_wconf 84' lang='lat' dir='ltr'>gratiam</span> 
     </span>
     <span class='ocr_line' id='line_1_10' title="bbox 197 930 1275 997; baseline 0.001 -17"><span class='ocrx_word' id='word_1_49' title='bbox 197 930 552 997; x_wconf 87' lang='lat' dir='ltr'><strong>praedicandi,</strong></span> <span class='ocrx_word' id='word_1_50' title='bbox 595 940 645 980; x_wconf 94' lang='lat' dir='ltr'><strong>et</strong></span> <span class='ocrx_word' id='word_1_51' title='bbox 692 930 1053 981; x_wconf 86' lang='lat' dir='ltr'><strong>ministerium</strong></span> <span class='ocrx_word' id='word_1_52' title='bbox 1100 946 1275 981; x_wconf 88' lang='lat' dir='ltr'><strong>sacra-</strong></span> 
     </span>
     <span class='ocr_line' id='line_1_11' title="bbox 197 1001 1274 1066; baseline 0 -14"><span class='ocrx_word' id='word_1_53' title='bbox 197 1012 383 1052; x_wconf 87' lang='lat' dir='ltr'><strong>menta</strong></span> <span class='ocrx_word' id='word_1_54' title='bbox 422 1001 793 1066; x_wconf 86' lang='lat' dir='ltr'><strong>dispensandi,</strong></span> <span class='ocrx_word' id='word_1_55' title='bbox 837 1011 889 1051; x_wconf 93' lang='lat' dir='ltr'><strong>et</strong></span> <span class='ocrx_word' id='word_1_56' title='bbox 925 1002 1066 1053; x_wconf 82' lang='lat' dir='ltr'><strong>dona</strong></span> <span class='ocrx_word' id='word_1_57' title='bbox 1105 1001 1207 1052; x_wconf 86' lang='lat' dir='ltr'><strong>alia</strong></span> <span class='ocrx_word' id='word_1_58' title='bbox 1243 1017 1274 1052; x_wconf 88' lang='lat' dir='ltr'><strong>a</strong></span> 
     </span>
     <span class='ocr_line' id='line_1_12' title="bbox 195 1073 1274 1140; baseline -0.001 -15"><span class='ocrx_word' id='word_1_59' title='bbox 195 1074 310 1125; x_wconf 88' lang='lat' dir='ltr'><strong>Deo</strong></span> <span class='ocrx_word' id='word_1_60' title='bbox 362 1073 524 1124; x_wconf 82' lang='lat' dir='ltr'><strong>vobis</strong></span> <span class='ocrx_word' id='word_1_61' title='bbox 563 1075 768 1134; x_wconf 87' lang='lat' dir='ltr'><strong>collata,</strong></span> <span class='ocrx_word' id='word_1_62' title='bbox 811 1074 1009 1140; x_wconf 60' lang='lat' dir='ltr'><strong>gram,</strong></span> <span class='ocrx_word' id='word_1_63' title='bbox 1063 1084 1113 1124; x_wconf 91' lang='lat' dir='ltr'><strong>et</strong></span> <span class='ocrx_word' id='word_1_64' title='bbox 1157 1074 1274 1127; x_wconf 86' lang='lat' dir='ltr'><strong>sine</strong></span> 
     </span>
     <span class='ocr_line' id='line_1_13' title="bbox 196 1146 1273 1214; baseline -0.001 -17"><span class='ocrx_word' id='word_1_65' title='bbox 196 1147 393 1214; x_wconf 90' lang='lat' dir='ltr'><strong>preti0,</strong></span> <span class='ocrx_word' id='word_1_66' title='bbox 430 1147 563 1198; x_wconf 86' lang='lat' dir='ltr'><strong>date</strong></span> <span class='ocrx_word' id='word_1_67' title='bbox 594 1146 714 1196; x_wconf 88' lang='lat' dir='ltr'><strong>aliis</strong></span> <span class='ocrx_word' id='word_1_68' title='bbox 751 1146 936 1197; x_wconf 91' lang='lat' dir='ltr'><strong>eodem</strong></span> <span class='ocrx_word' id='word_1_69' title='bbox 967 1147 1131 1197; x_wconf 92' lang='lat' dir='ltr'><strong>modo</strong></span> <span class='ocrx_word' id='word_1_70' title='bbox 1163 1162 1273 1213; x_wconf 90' lang='lat' dir='ltr'><strong>quo</strong></span> 
     </span>
     <span class='ocr_line' id='line_1_14' title="bbox 195 1216 1271 1284; baseline 0 -16"><span class='ocrx_word' id='word_1_71' title='bbox 195 1218 487 1284; x_wconf 83' lang='lat' dir='ltr'><strong>accepistis</strong></span> <span class='ocrx_word' id='word_1_72' title='bbox 501 1256 515 1281; x_wconf 90' lang='lat'><strong>,</strong></span> <span class='ocrx_word' id='word_1_73' title='bbox 562 1233 629 1267; x_wconf 91' lang='lat' dir='ltr'><strong>ne</strong></span> <span class='ocrx_word' id='word_1_74' title='bbox 670 1216 881 1267; x_wconf 87' lang='lat' dir='ltr'><strong>desinat</strong></span> <span class='ocrx_word' id='word_1_75' title='bbox 922 1232 1037 1267; x_wconf 88' lang='lat' dir='ltr'><strong>esse</strong></span> <span class='ocrx_word' id='word_1_76' title='bbox 1074 1217 1271 1283; x_wconf 86' lang='lat' dir='ltr'><strong>gratia,</strong></span> 
     </span>
     <span class='ocr_line' id='line_1_15' title="bbox 194 1288 1275 1350; baseline -0.001 -10"><span class='ocrx_word' id='word_1_77' title='bbox 194 1291 291 1340; x_wconf 89' lang='lat' dir='ltr'><strong>sed</strong></span> <span class='ocrx_word' id='word_1_78' title='bbox 348 1306 558 1340; x_wconf 86' lang='lat' dir='ltr'>merces</span> <span class='ocrx_word' id='word_1_79' title='bbox 608 1288 879 1350; x_wconf 88' lang='lat' dir='ltr'><strong>videatur,</strong></span> <span class='ocrx_word' id='word_1_80' title='bbox 931 1304 999 1339; x_wconf 91' lang='lat' dir='ltr'><strong>ne</strong></span> <span class='ocrx_word' id='word_1_81' title='bbox 1058 1289 1275 1339; x_wconf 82' lang='lat' dir='ltr'>vilescat</span> 
     </span>
     <span class='ocr_line' id='line_1_16' title="bbox 192 1358 1274 1424; baseline -0.002 -14"><span class='ocrx_word' id='word_1_82' title='bbox 192 1359 603 1419; x_wconf 87' lang='lat' dir='ltr'><strong>inaestimabile,</strong></span> <span class='ocrx_word' id='word_1_83' title='bbox 640 1359 772 1408; x_wconf 89' lang='lat' dir='ltr'><strong>dum</strong></span> <span class='ocrx_word' id='word_1_84' title='bbox 802 1358 1081 1424; x_wconf 85' lang='lat' dir='ltr'><strong>pretiabile</strong></span> <span class='ocrx_word' id='word_1_85' title='bbox 1109 1374 1274 1424; x_wconf 90' lang='lat' dir='ltr'><strong>repu-</strong></span> 
     </span>
     <span class='ocr_line' id='line_1_17' title="bbox 190 1428 1276 1490; baseline 0 -10"><span class='ocrx_word' id='word_1_86' title='bbox 190 1439 361 1481; x_wconf 83' lang='lat' dir='ltr'><strong>tatur.</strong></span> <span class='ocrx_word' id='word_1_87' title='bbox 384 1428 553 1490; x_wconf 86' lang='lat' dir='ltr'><strong>Quasi</strong></span> <span class='ocrx_word' id='word_1_88' title='bbox 579 1428 736 1488; x_wconf 86' lang='lat' dir='ltr'><strong>dicat,</strong></span> <span class='ocrx_word' id='word_1_89' title='bbox 766 1429 1060 1479; x_wconf 84' lang='lat' dir='ltr'><strong>secundum</strong></span> <span class='ocrx_word' id='word_1_90' title='bbox 1082 1430 1276 1480; x_wconf 85' lang='lat' dir='ltr'><strong>Hiero·</strong></span> 
     </span>
     <span class='ocr_line' id='line_1_18' title="bbox 190 1500 1275 1570; baseline 0 -19"><span class='ocrx_word' id='word_1_91' title='bbox 190 1517 424 1570; x_wconf 76' lang='lat' dir='ltr'><strong>nymum</strong></span> <span class='ocrx_word' id='word_1_92' title='bbox 444 1518 464 1551; x_wconf 90' lang='lat'><strong>.·</strong></span> <span class='ocrx_word' id='word_1_93' title='bbox 503 1501 616 1566; x_wconf 88' lang='lat' dir='ltr'><strong>Ego</strong></span> <span class='ocrx_word' id='word_1_94' title='bbox 645 1500 894 1566; x_wconf 77' lang='lat' dir='ltr'><strong>Magister</strong></span> <span class='ocrx_word' id='word_1_95' title='bbox 930 1510 983 1551; x_wconf 88' lang='lat' dir='ltr'><strong>et</strong></span> <span class='ocrx_word' id='word_1_96' title='bbox 1006 1501 1275 1552; x_wconf 85' lang='lat' dir='ltr'><strong>Dominus</strong></span> 
     </span>
     <span class='ocr_line' id='line_1_19' title="bbox 188 1572 1274 1640; baseline 0 -16"><span class='ocrx_word' id='word_1_97' title='bbox 188 1575 405 1639; x_wconf 81' lang='lat' dir='ltr'><strong>absque</strong></span> <span class='ocrx_word' id='word_1_98' title='bbox 447 1572 618 1640; x_wconf 88' lang='lat' dir='ltr'><strong>pretio</strong></span> <span class='ocrx_word' id='word_1_99' title='bbox 661 1573 776 1623; x_wconf 85' lang='lat' dir='ltr'><strong>haec</strong></span> <span class='ocrx_word' id='word_1_100' title='bbox 815 1572 1007 1633; x_wconf 88' lang='lat' dir='ltr'><strong>tribui,</strong></span> <span class='ocrx_word' id='word_1_101' title='bbox 1049 1589 1176 1639; x_wconf 88' lang='lat' dir='ltr'><strong>ergo</strong></span> <span class='ocrx_word' id='word_1_102' title='bbox 1224 1587 1274 1624; x_wconf 87' lang='lat' dir='ltr'><strong>et</strong></span> 
     </span>
     <span class='ocr_line' id='line_1_20' title="bbox 185 1644 1276 1710; baseline -0.003 -14"><span class='ocrx_word' id='word_1_103' title='bbox 185 1661 288 1696; x_wconf 75' lang='lat' dir='ltr'><strong>vos</strong></span> <span class='ocrx_word' id='word_1_104' title='bbox 319 1644 441 1694; x_wconf 89' lang='lat' dir='ltr'><strong>sine</strong></span> <span class='ocrx_word' id='word_1_105' title='bbox 473 1644 645 1709; x_wconf 91' lang='lat' dir='ltr'><strong>pretio</strong></span> <span class='ocrx_word' id='word_1_106' title='bbox 677 1644 815 1694; x_wconf 89' lang='lat' dir='ltr'><strong>date.</strong></span> <span class='ocrx_word' id='word_1_107' title='bbox 858 1645 1014 1695; x_wconf 90' lang='lat' dir='ltr'>Unde</span> <span class='ocrx_word' id='word_1_108' title='bbox 1033 1656 1085 1695; x_wconf 87' lang='lat' dir='ltr'><strong>et</strong></span> <span class='ocrx_word' id='word_1_109' title='bbox 1100 1645 1276 1710; x_wconf 71' lang='lat' dir='ltr'><strong>Chry·</strong></span> 
     </span>
     <span class='ocr_line' id='line_1_21' title="bbox 186 1715 1274 1769; baseline -0.002 0"><span class='ocrx_word' id='word_1_110' title='bbox 186 1724 470 1769; x_wconf 77' lang='lat' dir='ltr'><strong>sostomus</strong></span> <span class='ocrx_word' id='word_1_111' title='bbox 498 1733 515 1766; x_wconf 89' lang='lat'><strong>.·</strong></span> <span class='ocrx_word' id='word_1_112' title='bbox 538 1734 565 1762; x_wconf 76' lang='grc' dir='ltr'>α</span> <span class='ocrx_word' id='word_1_113' title='bbox 586 1716 663 1766; x_wconf 91' lang='lat' dir='ltr'><strong>Ne</strong></span> <span class='ocrx_word' id='word_1_114' title='bbox 691 1715 933 1766; x_wconf 85' lang='lat' dir='ltr'><strong>videatur</strong></span> <span class='ocrx_word' id='word_1_115' title='bbox 956 1731 1143 1766; x_wconf 90' lang='lat' dir='ltr'><strong>eorum</strong></span> <span class='ocrx_word' id='word_1_116' title='bbox 1176 1716 1274 1767; x_wconf 90' lang='lat' dir='ltr'><strong>be-</strong></span> 
     </span>
     <span class='ocr_line' id='line_1_22' title="bbox 186 1786 1275 1852; baseline -0.002 -14"><span class='ocrx_word' id='word_1_117' title='bbox 186 1786 479 1846; x_wconf 83' lang='lat' dir='ltr'><strong>neficium,</strong></span> <span class='ocrx_word' id='word_1_118' title='bbox 535 1787 842 1852; x_wconf 86' lang='lat' dir='ltr'><strong>superbiam</strong></span> <span class='ocrx_word' id='word_1_119' title='bbox 885 1803 1073 1838; x_wconf 87' lang='lat' dir='ltr'><strong>eorum</strong></span> <span class='ocrx_word' id='word_1_120' title='bbox 1120 1803 1275 1838; x_wconf 87' lang='lat' dir='ltr'><strong>com-</strong></span> 
     </span>
     <span class='ocr_line' id='line_1_23' title="bbox 187 1856 1275 1925; baseline 0 -17"><span class='ocrx_word' id='word_1_121' title='bbox 187 1857 412 1925; x_wconf 88' lang='lat' dir='ltr'><strong>primit,</strong></span> <span class='ocrx_word' id='word_1_122' title='bbox 433 1856 616 1907; x_wconf 89' lang='lat' dir='ltr'><strong>dicens</strong></span> <span class='ocrx_word' id='word_1_123' title='bbox 641 1874 654 1907; x_wconf 73' lang='grc' dir='ltr'>ι</span> <span class='ocrx_word' id='word_1_124' title='bbox 684 1858 873 1908; x_wconf 80' lang='lat' dir='ltr'><strong>Gratis</strong></span> <span class='ocrx_word' id='word_1_125' title='bbox 901 1857 1200 1924; x_wconf 78' lang='lat' dir='ltr'><strong>accepistiS,</strong></span> <span class='ocrx_word' id='word_1_126' title='bbox 1224 1868 1275 1908; x_wconf 88' lang='lat' dir='ltr'><strong>et</strong></span> 
     </span>
     <span class='ocr_line' id='line_1_24' title="bbox 183 1927 1273 1993; baseline -0.001 -14"><span class='ocrx_word' id='word_1_127' title='bbox 183 1929 260 1979; x_wconf 83' lang='lat' dir='ltr'><strong>ab</strong></span> <span class='ocrx_word' id='word_1_128' title='bbox 303 1943 495 1977; x_wconf 89' lang='lat' dir='ltr'><strong>amore</strong></span> <span class='ocrx_word' id='word_1_129' title='bbox 526 1927 874 1993; x_wconf 85' lang='lat' dir='ltr'><strong>pecuniarum</strong></span> <span class='ocrx_word' id='word_1_130' title='bbox 915 1943 1006 1978; x_wconf 93' lang='lat' dir='ltr'><strong>eos</strong></span> <span class='ocrx_word' id='word_1_131' title='bbox 1039 1930 1273 1978; x_wconf 89' lang='lat' dir='ltr'><strong>mundos</strong></span> 
     </span>
     <span class='ocr_line' id='line_1_25' title="bbox 189 1999 1275 2067; baseline 0.001 -17"><span class='ocrx_word' id='word_1_132' title='bbox 189 2000 683 2067; x_wconf 81' lang='lat' dir='ltr'><strong>praeparat‚dicens</strong></span> <span class='ocrx_word' id='word_1_133' title='bbox 716 2018 729 2050; x_wconf 71' lang='grc' dir='ltr'>ι</span> <span class='ocrx_word' id='word_1_134' title='bbox 761 1999 952 2051; x_wconf 80' lang='lat' dir='ltr'><strong>Gratis</strong></span> <span class='ocrx_word' id='word_1_135' title='bbox 979 2001 1122 2051; x_wconf 82' lang='lat' dir='ltr'><strong>date.</strong></span> <span class='ocrx_word' id='word_1_136' title='bbox 1144 2021 1170 2048; x_wconf 67' lang='grc' dir='ltr'><strong>η</strong></span> <span class='ocrx_word' id='word_1_137' title='bbox 1208 2001 1275 2051; x_wconf 88' lang='lat' dir='ltr'><strong>Et</strong></span> 
     </span>
     <span class='ocr_line' id='line_1_26' title="bbox 188 2070 1274 2130; baseline -0.001 -8"><span class='ocrx_word' id='word_1_138' title='bbox 188 2072 403 2122; x_wconf 85' lang='lat' dir='ltr'><strong>iterum</strong></span> <span class='ocrx_word' id='word_1_139' title='bbox 445 2088 459 2120; x_wconf 73' lang='grc' dir='ltr'>ε</span> <span class='ocrx_word' id='word_1_140' title='bbox 496 2089 522 2118; x_wconf 77' lang='grc' dir='ltr'><strong>κ</strong></span> <span class='ocrx_word' id='word_1_141' title='bbox 564 2070 729 2130; x_wconf 88' lang='lat' dir='ltr'><strong>Quasi</strong></span> <span class='ocrx_word' id='word_1_142' title='bbox 767 2070 911 2121; x_wconf 86' lang='lat' dir='ltr'><strong>dicat</strong></span> <span class='ocrx_word' id='word_1_143' title='bbox 942 2087 956 2120; x_wconf 70' lang='grc' dir='ltr'><em>τ</em></span> <span class='ocrx_word' id='word_1_144' title='bbox 1000 2070 1150 2121; x_wconf 89' lang='lat' dir='ltr'><strong>Nihil</strong></span> <span class='ocrx_word' id='word_1_145' title='bbox 1178 2087 1274 2121; x_wconf 84' lang='lat' dir='ltr'><strong>vos</strong></span> 
     </span>
     <span class='ocr_line' id='line_1_27' title="bbox 188 2140 1270 2209; baseline 0.001 -17"><span class='ocrx_word' id='word_1_146' title='bbox 188 2143 259 2194; x_wconf 88' lang='lat' dir='ltr'><strong>de</strong></span> <span class='ocrx_word' id='word_1_147' title='bbox 301 2151 487 2191; x_wconf 84' lang='lat' dir='ltr'><strong>vestro</strong></span> <span class='ocrx_word' id='word_1_148' title='bbox 527 2140 798 2208; x_wconf 87' lang='lat' dir='ltr'><strong>largimini</strong></span> <span class='ocrx_word' id='word_1_149' title='bbox 832 2142 1270 2209; x_wconf 80' lang='lat' dir='ltr'><strong>suscipientibus,</strong></span> 
     </span>
     <span class='ocr_line' id='line_1_28' title="bbox 190 2213 1271 2281; baseline -0.001 -16"><span class='ocrx_word' id='word_1_150' title='bbox 190 2229 386 2281; x_wconf 87' lang='lat' dir='ltr'><strong>neque</strong></span> <span class='ocrx_word' id='word_1_151' title='bbox 414 2213 556 2263; x_wconf 89' lang='lat' dir='ltr'><strong>enim</strong></span> <span class='ocrx_word' id='word_1_152' title='bbox 584 2214 823 2264; x_wconf 89' lang='lat' dir='ltr'><strong>mercede</strong></span> <span class='ocrx_word' id='word_1_153' title='bbox 843 2214 945 2264; x_wconf 86' lang='lat' dir='ltr'><strong>hoc</strong></span> <span class='ocrx_word' id='word_1_154' title='bbox 976 2213 1271 2281; x_wconf 87' lang='lat' dir='ltr'><strong>accepistis,</strong></span> 
     </span>
     <span class='ocr_line' id='line_1_29' title="bbox 190 2284 1270 2351; baseline -0.001 -15"><span class='ocrx_word' id='word_1_155' title='bbox 190 2299 383 2350; x_wconf 88' lang='lat' dir='ltr'><strong>neque</strong></span> <span class='ocrx_word' id='word_1_156' title='bbox 410 2284 743 2347; x_wconf 90' lang='lat' dir='ltr'><strong>laborantes;</strong></span> <span class='ocrx_word' id='word_1_157' title='bbox 795 2300 912 2335; x_wconf 90' lang='lat' dir='ltr'><strong>mea</strong></span> <span class='ocrx_word' id='word_1_158' title='bbox 953 2295 1033 2335; x_wconf 90' lang='lat' dir='ltr'><strong>est</strong></span> <span class='ocrx_word' id='word_1_159' title='bbox 1072 2284 1270 2351; x_wconf 82' lang='lat' dir='ltr'><strong>gratia,</strong></span> 
     </span>
     <span class='ocr_line' id='line_1_30' title="bbox 184 2356 1274 2425; baseline 0.003 -20"><span class='ocrx_word' id='word_1_160' title='bbox 184 2356 387 2424; x_wconf 78' lang='lat' dir='ltr'><strong>gratis</strong></span> <span class='ocrx_word' id='word_1_161' title='bbox 425 2356 569 2406; x_wconf 88' lang='lat' dir='ltr'><strong>enim</strong></span> <span class='ocrx_word' id='word_1_162' title='bbox 620 2358 932 2423; x_wconf 45' lang='lat' dir='ltr'><strong>accepisti&amp;</strong></span> <span class='ocrx_word' id='word_1_163' title='bbox 983 2358 1055 2408; x_wconf 89' lang='lat' dir='ltr'><strong>ita</strong></span> <span class='ocrx_word' id='word_1_164' title='bbox 1108 2358 1274 2425; x_wconf 89' lang='lat' dir='ltr'><strong>igitur</strong></span> 
     </span>
     <span class='ocr_line' id='line_1_31' title="bbox 184 2427 1274 2494; baseline 0 -15"><span class='ocrx_word' id='word_1_165' title='bbox 184 2428 319 2486; x_wconf 84' lang='lat' dir='ltr'><strong>aliis</strong></span> <span class='ocrx_word' id='word_1_166' title='bbox 363 2427 504 2489; x_wconf 84' lang='lat' dir='ltr'><strong>date,</strong></span> <span class='ocrx_word' id='word_1_167' title='bbox 540 2442 714 2494; x_wconf 89' lang='lat' dir='ltr'><strong>neque</strong></span> <span class='ocrx_word' id='word_1_168' title='bbox 757 2428 904 2477; x_wconf 90' lang='lat' dir='ltr'><strong>enim</strong></span> <span class='ocrx_word' id='word_1_169' title='bbox 954 2439 1035 2479; x_wconf 91' lang='lat' dir='ltr'><strong>est</strong></span> <span class='ocrx_word' id='word_1_170' title='bbox 1080 2428 1274 2479; x_wconf 88' lang='lat' dir='ltr'><strong>condi—</strong></span> 
     </span>
     <span class='ocr_line' id='line_1_32' title="bbox 184 2498 1272 2566; baseline -0.001 -17"><span class='ocrx_word' id='word_1_171' title='bbox 184 2514 374 2566; x_wconf 82' lang='lat' dir='ltr'><strong>gnum</strong></span> <span class='ocrx_word' id='word_1_172' title='bbox 418 2498 650 2563; x_wconf 87' lang='lat' dir='ltr'><strong>pretium</strong></span> <span class='ocrx_word' id='word_1_173' title='bbox 691 2514 877 2551; x_wconf 88' lang='lat' dir='ltr'><strong>eorum</strong></span> <span class='ocrx_word' id='word_1_174' title='bbox 920 2500 1162 2551; x_wconf 84' lang='lat' dir='ltr'><strong>invenire</strong></span> <span class='ocrx_word' id='word_1_175' title='bbox 1194 2518 1214 2551; x_wconf 66' lang='lat' dir='ltr'><em>z</em></span> <span class='ocrx_word' id='word_1_176' title='bbox 1245 2520 1272 2548; x_wconf 72' lang='lat' dir='ltr'><strong>n</strong></span> 
     </span>
     <span class='ocr_line' id='line_1_33' title="bbox 186 2572 1276 2638; baseline 0 -15"><span class='ocrx_word' id='word_1_177' title='bbox 186 2574 316 2623; x_wconf 82' lang='lat' dir='ltr'><strong>haec</strong></span> <span class='ocrx_word' id='word_1_178' title='bbox 375 2572 809 2638; x_wconf 75' lang='lat' dir='ltr'><strong>CltrysostomuS.</strong></span> <span class='ocrx_word' id='word_1_179' title='bbox 874 2574 999 2624; x_wconf 86' lang='lat' dir='ltr'><strong>Haec</strong></span> <span class='ocrx_word' id='word_1_180' title='bbox 1053 2573 1276 2624; x_wconf 85' lang='lat' dir='ltr'><strong>audiant</strong></span> 
     </span>
     <span class='ocr_line' id='line_1_34' title="bbox 187 2643 1274 2711; baseline -0.002 -15"><span class='ocrx_word' id='word_1_181' title='bbox 187 2643 508 2702; x_wconf 85' lang='lat' dir='ltr'><strong>simoniaci,</strong></span> <span class='ocrx_word' id='word_1_182' title='bbox 536 2643 650 2694; x_wconf 81' lang='lat' dir='ltr'><strong>haec</strong></span> <span class='ocrx_word' id='word_1_183' title='bbox 680 2645 901 2696; x_wconf 86' lang='lat' dir='ltr'><strong>audiant</strong></span> <span class='ocrx_word' id='word_1_184' title='bbox 922 2646 1000 2695; x_wconf 88' lang='lat' dir='ltr'><strong>illi</strong></span> <span class='ocrx_word' id='word_1_185' title='bbox 1032 2646 1125 2711; x_wconf 92' lang='lat' dir='ltr'><strong>qui</strong></span> <span class='ocrx_word' id='word_1_186' title='bbox 1157 2645 1274 2711; x_wconf 90' lang='lat' dir='ltr'><strong>spi-</strong></span> 
     </span>
     <span class='ocr_line' id='line_1_35' title="bbox 189 2714 1275 2767; baseline 0 -2"><span class='ocrx_word' id='word_1_187' title='bbox 189 2714 380 2766; x_wconf 89' lang='lat' dir='ltr'><strong>ritalia</strong></span> <span class='ocrx_word' id='word_1_188' title='bbox 415 2714 645 2765; x_wconf 87' lang='lat' dir='ltr'><strong>vendere</strong></span> <span class='ocrx_word' id='word_1_189' title='bbox 678 2715 759 2764; x_wconf 88' lang='lat' dir='ltr'><strong>vel</strong></span> <span class='ocrx_word' id='word_1_190' title='bbox 791 2731 969 2766; x_wconf 90' lang='lat' dir='ltr'><strong>emere</strong></span> <span class='ocrx_word' id='word_1_191' title='bbox 1008 2732 1118 2767; x_wconf 93' lang='lat' dir='ltr'><strong>non</strong></span> <span class='ocrx_word' id='word_1_192' title='bbox 1159 2715 1275 2766; x_wconf 88' lang='lat' dir='ltr'><strong>for-</strong></span> 
     </span>
     <span class='ocr_line' id='line_1_36' title="bbox 190 2784 1276 2850; baseline -0.001 -14"><span class='ocrx_word' id='word_1_193' title='bbox 190 2786 431 2836; x_wconf 91' lang='lat' dir='ltr'><strong>midant.</strong></span> <span class='ocrx_word' id='word_1_194' title='bbox 523 2785 624 2834; x_wconf 88' lang='lat' dir='ltr'><strong>Pro</strong></span> <span class='ocrx_word' id='word_1_195' title='bbox 708 2784 1043 2850; x_wconf 87' lang='lat' dir='ltr'><strong>spiritalibus</strong></span> <span class='ocrx_word' id='word_1_196' title='bbox 1127 2786 1276 2838; x_wconf 90' lang='lat' dir='ltr'><strong>enim</strong></span> 
     </span>
     <span class='ocr_line' id='line_1_37' title="bbox 188 2856 1277 2921; baseline -0.002 -13"><span class='ocrx_word' id='word_1_197' title='bbox 188 2857 432 2915; x_wconf 86' lang='lat' dir='ltr'><strong>actibus,</strong></span> <span class='ocrx_word' id='word_1_198' title='bbox 467 2864 527 2905; x_wconf 90' lang='lat' dir='ltr'><strong>ut</strong></span> <span class='ocrx_word' id='word_1_199' title='bbox 562 2872 658 2921; x_wconf 91' lang='lat' dir='ltr'><strong>pro</strong></span> <span class='ocrx_word' id='word_1_200' title='bbox 686 2856 1156 2909; x_wconf 83' lang='lat' dir='ltr'><strong>administratione</strong></span> <span class='ocrx_word' id='word_1_201' title='bbox 1187 2872 1277 2907; x_wconf 83' lang='lat' dir='ltr'><strong>sa-</strong></span> 
     </span>
     <span class='ocr_line' id='line_1_38' title="bbox 187 2926 1278 2992; baseline 0.003 -15"><span class='ocrx_word' id='word_1_202' title='bbox 187 2935 620 2990; x_wconf 88' lang='lat' dir='ltr'><strong>cramentorum,</strong></span> <span class='ocrx_word' id='word_1_203' title='bbox 660 2936 714 2975; x_wconf 91' lang='lat' dir='ltr'><strong>et</strong></span> <span class='ocrx_word' id='word_1_204' title='bbox 752 2926 1155 2992; x_wconf 79' lang='lat' dir='ltr'><strong>praedicatione,</strong></span> <span class='ocrx_word' id='word_1_205' title='bbox 1195 2930 1278 2980; x_wconf 87' lang='lat' dir='ltr'><strong>vel</strong></span> 
     </span>
     <span class='ocr_line' id='line_1_39' title="bbox 191 2995 1277 3061; baseline 0.003 -14"><span class='ocrx_word' id='word_1_206' title='bbox 191 2996 590 3047; x_wconf 88' lang='lat' dir='ltr'><strong>miraculorum</strong></span> <span class='ocrx_word' id='word_1_207' title='bbox 634 2995 970 3061; x_wconf 87' lang='lat' dir='ltr'><strong>operatione,</strong></span> <span class='ocrx_word' id='word_1_208' title='bbox 1009 3007 1061 3048; x_wconf 92' lang='lat' dir='ltr'><strong>et</strong></span> <span class='ocrx_word' id='word_1_209' title='bbox 1091 3000 1277 3051; x_wconf 86' lang='lat' dir='ltr'><strong>consi-</strong></span> 
     </span>
     <span class='ocr_line' id='line_1_40' title="bbox 190 3066 1276 3136; baseline 0.003 -19"><span class='ocrx_word' id='word_1_210' title='bbox 190 3066 452 3126; x_wconf 83' lang='lat' dir='ltr'><strong>milibus,</strong></span> <span class='ocrx_word' id='word_1_211' title='bbox 501 3083 611 3116; x_wconf 91' lang='lat' dir='ltr'><strong>non</strong></span> <span class='ocrx_word' id='word_1_212' title='bbox 663 3067 822 3117; x_wconf 90' lang='lat' dir='ltr'><strong>debet</strong></span> <span class='ocrx_word' id='word_1_213' title='bbox 875 3067 1081 3134; x_wconf 89' lang='lat' dir='ltr'><strong>aliquid</strong></span> <span class='ocrx_word' id='word_1_214' title='bbox 1120 3070 1276 3136; x_wconf 88' lang='lat' dir='ltr'><strong>quasi</strong></span> 
     </span>
     <span class='ocr_line' id='line_1_41' title="bbox 189 3139 1275 3210; baseline 0.003 -19"><span class='ocrx_word' id='word_1_215' title='bbox 189 3139 440 3207; x_wconf 88' lang='lat' dir='ltr'><strong>pretium</strong></span> <span class='ocrx_word' id='word_1_216' title='bbox 483 3140 676 3206; x_wconf 64' lang='lat' dir='ltr'><strong>accipi,</strong></span> <span class='ocrx_word' id='word_1_217' title='bbox 724 3140 853 3206; x_wconf 88' lang='lat' dir='ltr'><strong>quia</strong></span> <span class='ocrx_word' id='word_1_218' title='bbox 885 3157 995 3191; x_wconf 93' lang='lat' dir='ltr'><strong>non</strong></span> <span class='ocrx_word' id='word_1_219' title='bbox 1038 3152 1118 3192; x_wconf 90' lang='lat' dir='ltr'><strong>est</strong></span> <span class='ocrx_word' id='word_1_220' title='bbox 1151 3159 1275 3210; x_wconf 90' lang='lat' dir='ltr'><strong>pre-</strong></span> 
     </span>
     <span class='ocr_line' id='line_1_42' title="bbox 188 3210 1106 3276; baseline 0.003 -15"><span class='ocrx_word' id='word_1_221' title='bbox 188 3210 347 3261; x_wconf 87' lang='lat' dir='ltr'><strong>tium</strong></span> <span class='ocrx_word' id='word_1_222' title='bbox 371 3224 557 3259; x_wconf 90' lang='lat' dir='ltr'><strong>eorum</strong></span> <span class='ocrx_word' id='word_1_223' title='bbox 587 3210 817 3276; x_wconf 88' lang='lat' dir='ltr'><strong>dignum</strong></span> <span class='ocrx_word' id='word_1_224' title='bbox 847 3210 1106 3264; x_wconf 86' lang='lat' dir='ltr'><strong>invenire.</strong></span> 
     </span>
    </p>

    <p class='ocr_par' dir='ltr' id='par_1_4' title="bbox 258 3279 1276 3346">
     <span class='ocr_line' id='line_1_43' title="bbox 258 3279 1276 3346; baseline 0.005 -16"><span class='ocrx_word' id='word_1_225' title='bbox 258 3279 295 3330; x_wconf 92' lang='lat'>8</span> <span class='ocrx_word' id='word_1_226' title='bbox 340 3280 500 3329; x_wconf 75' lang='lat' dir='ltr'><strong>Num.</strong></span> <span class='ocrx_word' id='word_1_227' title='bbox 533 3296 800 3331; x_wconf 63' lang='lat' dir='ltr'><strong>restaures</strong></span> <span class='ocrx_word' id='word_1_228' title='bbox 831 3297 884 3331; x_wconf 76' lang='lat' dir='ltr'><strong>m</strong></span> <span class='ocrx_word' id='word_1_229' title='bbox 919 3298 1027 3346; x_wconf 72' lang='lat' dir='ltr'><strong>vu,</strong></span> <span class='ocrx_word' id='word_1_230' title='bbox 1053 3300 1120 3334; x_wconf 74' lang='lat' dir='ltr'><strong>AB</strong></span> <span class='ocrx_word' id='word_1_231' title='bbox 1148 3300 1276 3335; x_wconf 73' lang='lat' dir='ltr'><strong>oum</strong></span> 
     </span>
    </p>
   </div>
   <div class='ocr_carea' id='block_1_3' title="bbox 186 3368 1305 3408">
    <p class='ocr_par' dir='ltr' id='par_1_5' title="bbox 186 3368 1305 3408">
     <span class='ocr_line' id='line_1_44' title="bbox 186 3368 1305 3408; baseline 0.005 -7"><span class='ocrx_word' id='word_1_232' title='bbox 186 3368 582 3408; x_wconf 70' lang='lat' dir='ltr'><strong>‘rzln’olumux</strong></span> <span class='ocrx_word' id='word_1_233' title='bbox 664 3369 1066 3406; x_wconf 75' lang='lat' dir='ltr'><strong>SOLLICITUDINE</strong></span> <span class='ocrx_word' id='word_1_234' title='bbox 1124 3373 1277 3407; x_wconf 73' lang='lat' dir='ltr'><strong>LIBE-</strong></span> <span class='ocrx_word' id='word_1_235' title='bbox 1302 3387 1305 3390; x_wconf 52' lang='lat'><strong><em>¹</em></strong></span> 
     </span>
    </p>
   </div>
   <div class='ocr_carea' id='block_1_4' title="bbox 186 3424 1277 3921">
    <p class='ocr_par' dir='ltr' id='par_1_6' title="bbox 186 3424 1277 3921">
     <span class='ocr_line' id='line_1_45' title="bbox 186 3424 1276 3478; baseline 0.004 -3"><span class='ocrx_word' id='word_1_236' title='bbox 186 3439 437 3475; x_wconf 64' lang='lat' dir='ltr'><strong>muron.</strong></span> <span class='ocrx_word' id='word_1_237' title='bbox 473 3451 534 3461; x_wconf 92' lang='lat'>—</span> <span class='ocrx_word' id='word_1_238' title='bbox 564 3424 770 3476; x_wconf 89' lang='lat' dir='ltr'><strong>Deinde</strong></span> <span class='ocrx_word' id='word_1_239' title='bbox 800 3425 869 3475; x_wconf 88' lang='lat' dir='ltr'><strong>ab</strong></span> <span class='ocrx_word' id='word_1_240' title='bbox 892 3427 1043 3477; x_wconf 90' lang='lat' dir='ltr'><strong>omni</strong></span> <span class='ocrx_word' id='word_1_241' title='bbox 1083 3443 1176 3478; x_wconf 88' lang='lat' dir='ltr'><strong>eos</strong></span> <span class='ocrx_word' id='word_1_242' title='bbox 1204 3428 1276 3478; x_wconf 91' lang='lat' dir='ltr'><strong>li-</strong></span> 
     </span>
     <span class='ocr_line' id='line_1_46' title="bbox 186 3497 1275 3559; baseline 0.005 -10"><span class='ocrx_word' id='word_1_243' title='bbox 186 3498 350 3549; x_wconf 85' lang='lat' dir='ltr'><strong>berat</strong></span> <span class='ocrx_word' id='word_1_244' title='bbox 399 3497 792 3559; x_wconf 89' lang='lat' dir='ltr'><strong>sollicitudine,</strong></span> <span class='ocrx_word' id='word_1_245' title='bbox 838 3509 902 3550; x_wconf 91' lang='lat' dir='ltr'><strong>ut</strong></span> <span class='ocrx_word' id='word_1_246' title='bbox 940 3501 1275 3554; x_wconf 85' lang='lat' dir='ltr'><strong>vacationem</strong></span> 
     </span>
     <span class='ocr_line' id='line_1_47' title="bbox 186 3568 1276 3632; baseline 0.006 -13"><span class='ocrx_word' id='word_1_247' title='bbox 186 3584 417 3619; x_wconf 88' lang='lat' dir='ltr'><strong>omnem</strong></span> <span class='ocrx_word' id='word_1_248' title='bbox 453 3568 657 3620; x_wconf 87' lang='lat' dir='ltr'><strong>tribuat</strong></span> <span class='ocrx_word' id='word_1_249' title='bbox 697 3570 861 3621; x_wconf 83' lang='lat' dir='ltr'><strong>verbo</strong></span> <span class='ocrx_word' id='word_1_250' title='bbox 904 3572 1034 3632; x_wconf 89' lang='lat' dir='ltr'><strong>Dei,</strong></span> <span class='ocrx_word' id='word_1_251' title='bbox 1083 3583 1137 3624; x_wconf 91' lang='lat' dir='ltr'><strong>et</strong></span> <span class='ocrx_word' id='word_1_252' title='bbox 1166 3584 1276 3626; x_wconf 89' lang='lat' dir='ltr'><strong>tota</strong></span> 
     </span>
     <span class='ocr_line' id='line_1_48' title="bbox 187 3638 1276 3708; baseline 0.006 -18"><span class='ocrx_word' id='word_1_253' title='bbox 187 3638 507 3690; x_wconf 87' lang='lat' dir='ltr'><strong>sollicitudo</strong></span> <span class='ocrx_word' id='word_1_254' title='bbox 559 3655 747 3690; x_wconf 90' lang='lat' dir='ltr'><strong>eorum</strong></span> <span class='ocrx_word' id='word_1_255' title='bbox 787 3652 1107 3708; x_wconf 87' lang='lat' dir='ltr'><strong>congregata</strong></span> <span class='ocrx_word' id='word_1_256' title='bbox 1142 3660 1276 3695; x_wconf 91' lang='lat' dir='ltr'><strong>con-</strong></span> 
     </span>
     <span class='ocr_line' id='line_1_49' title="bbox 188 3710 1274 3781; baseline 0.004 -19"><span class='ocrx_word' id='word_1_257' title='bbox 188 3719 435 3762; x_wconf 87' lang='lat' dir='ltr'><strong>vertatur</strong></span> <span class='ocrx_word' id='word_1_258' title='bbox 462 3710 527 3760; x_wconf 85' lang='lat' dir='ltr'><strong>ad</strong></span> <span class='ocrx_word' id='word_1_259' title='bbox 559 3710 995 3776; x_wconf 89' lang='lat' dir='ltr'><strong>praedicationem</strong></span> <span class='ocrx_word' id='word_1_260' title='bbox 1026 3714 1274 3781; x_wconf 85' lang='lat' dir='ltr'><strong>Evange-</strong></span> 
     </span>
     <span class='ocr_line' id='line_1_50' title="bbox 186 3778 1272 3847; baseline 0.007 -19"><span class='ocrx_word' id='word_1_261' title='bbox 186 3778 269 3839; x_wconf 84' lang='lat' dir='ltr'><strong>lii,</strong></span> <span class='ocrx_word' id='word_1_262' title='bbox 311 3778 499 3830; x_wconf 88' lang='lat' dir='ltr'><strong>dicens</strong></span> <span class='ocrx_word' id='word_1_263' title='bbox 545 3794 559 3827; x_wconf 74' lang='grc' dir='ltr'>ι</span> <span class='ocrx_word' id='word_1_264' title='bbox 600 3779 760 3828; x_wconf 78' lang='lat' dir='ltr'><strong>Nihil</strong></span> <span class='ocrx_word' id='word_1_265' title='bbox 811 3780 1044 3832; x_wconf 78' lang='lat' dir='ltr'><strong>tuleritis</strong></span> <span class='ocrx_word' id='word_1_266' title='bbox 1077 3783 1131 3834; x_wconf 85' lang='lat' dir='ltr'><strong>in</strong></span> <span class='ocrx_word' id='word_1_267' title='bbox 1167 3785 1272 3847; x_wconf 82' lang='lat' dir='ltr'><strong>via,</strong></span> 
     </span>
     <span class='ocr_line' id='line_1_51' title="bbox 189 3851 1277 3921; baseline 0.006 -20"><span class='ocrx_word' id='word_1_268' title='bbox 189 3860 385 3902; x_wconf 88' lang='lat' dir='ltr'><strong>euntes</strong></span> <span class='ocrx_word' id='word_1_269' title='bbox 413 3851 481 3901; x_wconf 88' lang='lat' dir='ltr'><strong>ad</strong></span> <span class='ocrx_word' id='word_1_270' title='bbox 513 3851 936 3916; x_wconf 85' lang='lat' dir='ltr'><strong>proedicandum,</strong></span> <span class='ocrx_word' id='word_1_271' title='bbox 977 3869 1142 3921; x_wconf 84' lang='lat' dir='ltr'><strong>neque</strong></span> <span class='ocrx_word' id='word_1_272' title='bbox 1173 3871 1277 3908; x_wconf 81' lang='lat' dir='ltr'><strong>au·</strong></span> 
     </span>
    </p>
   </div>
   <div class='ocr_carea' id='block_1_5' title="bbox 322 3954 1191 4028">
    <p class='ocr_par' dir='ltr' id='par_1_7' title="bbox 322 3954 1191 4028">
     <span class='ocr_line' id='line_1_52' title="bbox 322 3954 1191 4028; baseline 0.007 -14"><span class='ocrx_word' id='word_1_273' title='bbox 322 3954 465 4016; x_wconf 62' lang='lat' dir='ltr'><strong>vfim</strong></span> <span class='ocrx_word' id='word_1_274' title='bbox 494 3964 623 4017; x_wconf 70' lang='lat' dir='ltr'><strong>Jnsu</strong></span> <span class='ocrx_word' id='word_1_275' title='bbox 655 3965 892 4028; x_wconf 75' lang='lat' dir='ltr'><strong>Cuius-rx,</strong></span> <span class='ocrx_word' id='word_1_276' title='bbox 921 3983 1094 4020; x_wconf 68' lang='lat' dir='ltr'><strong>renus</strong></span> <span class='ocrx_word' id='word_1_277' title='bbox 1127 3969 1191 4020; x_wconf 91' lang='lat'><strong>11.</strong></span> 
     </span>
    </p>
   </div>
   <div class='ocr_carea' id='block_1_6' title="bbox 2339 242 2448 311">
    <p class='ocr_par' dir='ltr' id='par_1_8' title="bbox 2339 242 2448 311">
     <span class='ocr_line' id='line_1_53' title="bbox 2339 242 2448 311; baseline 0.018 -2"><span class='ocrx_word' id='word_1_278' title='bbox 2339 242 2448 311; x_wconf 76' lang='lat'><strong>467</strong></span> 
     </span>
    </p>
   </div>
   <div class='ocr_carea' id='block_1_7' title="bbox 1378 368 2460 2409">
    <p class='ocr_par' dir='ltr' id='par_1_9' title="bbox 1378 368 2460 2409">
     <span class='ocr_line' id='line_1_54' title="bbox 1383 368 2449 430; baseline 0.006 -23"><span class='ocrx_word' id='word_1_279' title='bbox 1383 374 1519 421; x_wconf 84' lang='lat' dir='ltr'><strong>rum,</strong></span> <span class='ocrx_word' id='word_1_280' title='bbox 1558 373 1722 426; x_wconf 84' lang='lat' dir='ltr'><strong>neque</strong></span> <span class='ocrx_word' id='word_1_281' title='bbox 1747 368 2060 427; x_wconf 82' lang='lat' dir='ltr'><strong>argentum,</strong></span> <span class='ocrx_word' id='word_1_282' title='bbox 2098 376 2260 428; x_wconf 84' lang='lat' dir='ltr'><strong>neque</strong></span> <span class='ocrx_word' id='word_1_283' title='bbox 2277 377 2449 430; x_wconf 79' lang='lat' dir='ltr'><strong>pecu-</strong></span> 
     </span>
     <span class='ocr_line' id='line_1_55' title="bbox 1384 429 2452 499; baseline 0.006 -21"><span class='ocrx_word' id='word_1_284' title='bbox 1384 429 1526 478; x_wconf 84' lang='lat' dir='ltr'><strong>niam</strong></span> <span class='ocrx_word' id='word_1_285' title='bbox 1580 430 1816 496; x_wconf 84' lang='lat' dir='ltr'><strong>aliquam</strong></span> <span class='ocrx_word' id='word_1_286' title='bbox 1862 432 1915 482; x_wconf 83' lang='lat' dir='ltr'><strong>in</strong></span> <span class='ocrx_word' id='word_1_287' title='bbox 1946 432 2118 499; x_wconf 59' lang='grc' dir='ltr'><strong>ζοηίε,</strong></span> <span class='ocrx_word' id='word_1_288' title='bbox 2172 442 2224 483; x_wconf 90' lang='lat' dir='ltr'><strong>et</strong></span> <span class='ocrx_word' id='word_1_289' title='bbox 2273 434 2452 485; x_wconf 85' lang='lat' dir='ltr'><strong>bursis</strong></span> 
     </span>
     <span class='ocr_line' id='line_1_56' title="bbox 1384 501 2454 567; baseline 0.007 -18"><span class='ocrx_word' id='word_1_290' title='bbox 1384 501 1597 564; x_wconf 77' lang='lat' dir='ltr'><strong>vestriS,</strong></span> <span class='ocrx_word' id='word_1_291' title='bbox 1619 502 1684 551; x_wconf 88' lang='lat' dir='ltr'><strong>ad</strong></span> <span class='ocrx_word' id='word_1_292' title='bbox 1712 501 2121 567; x_wconf 87' lang='lat' dir='ltr'><strong>providendum,</strong></span> <span class='ocrx_word' id='word_1_293' title='bbox 2138 502 2338 556; x_wconf 88' lang='lat' dir='ltr'><strong>scilicet</strong></span> <span class='ocrx_word' id='word_1_294' title='bbox 2365 522 2454 556; x_wconf 86' lang='lat' dir='ltr'><strong>vo-</strong></span> 
     </span>
     <span class='ocr_line' id='line_1_57' title="bbox 1385 570 2454 642; baseline 0.007 -23"><span class='ocrx_word' id='word_1_295' title='bbox 1385 570 1488 630; x_wconf 86' lang='lat' dir='ltr'><strong>bis,</strong></span> <span class='ocrx_word' id='word_1_296' title='bbox 1538 570 1594 621; x_wconf 91' lang='lat' dir='ltr'><strong>in</strong></span> <span class='ocrx_word' id='word_1_297' title='bbox 1645 571 1731 623; x_wconf 83' lang='lat' dir='ltr'><strong>via</strong></span> <span class='ocrx_word' id='word_1_298' title='bbox 1784 574 1852 623; x_wconf 90' lang='lat' dir='ltr'><strong>de</strong></span> <span class='ocrx_word' id='word_1_299' title='bbox 1899 573 2238 639; x_wconf 80' lang='lat' dir='ltr'><strong>necessariis3</strong></span> <span class='ocrx_word' id='word_1_300' title='bbox 2292 590 2454 642; x_wconf 79' lang='lat' dir='ltr'><strong>neque</strong></span> 
     </span>
     <span class='ocr_line' id='line_1_58' title="bbox 1384 644 2454 715; baseline 0.007 -23"><span class='ocrx_word' id='word_1_301' title='bbox 1384 644 1672 708; x_wconf 78' lang='lat' dir='ltr'><strong>sacculum,</strong></span> <span class='ocrx_word' id='word_1_302' title='bbox 1696 660 1859 712; x_wconf 83' lang='lat' dir='ltr'><strong>neque</strong></span> <span class='ocrx_word' id='word_1_303' title='bbox 1877 661 2087 711; x_wconf 80' lang='lat' dir='ltr'><strong>peram,</strong></span> <span class='ocrx_word' id='word_1_304' title='bbox 2115 646 2170 696; x_wconf 93' lang='lat' dir='ltr'><strong>id</strong></span> <span class='ocrx_word' id='word_1_305' title='bbox 2194 657 2274 698; x_wconf 87' lang='lat' dir='ltr'><strong>est</strong></span> <span class='ocrx_word' id='word_1_306' title='bbox 2292 664 2454 715; x_wconf 89' lang='lat' dir='ltr'><strong>repo-</strong></span> 
     </span>
     <span class='ocr_line' id='line_1_59' title="bbox 1383 713 2454 784; baseline 0.006 -21"><span class='ocrx_word' id='word_1_307' title='bbox 1383 713 1636 764; x_wconf 88' lang='lat' dir='ltr'><strong>sitorium</strong></span> <span class='ocrx_word' id='word_1_308' title='bbox 1679 716 1961 776; x_wconf 84' lang='lat' dir='ltr'><strong>ciborum,</strong></span> <span class='ocrx_word' id='word_1_309' title='bbox 2013 717 2078 768; x_wconf 84' lang='lat' dir='ltr'><strong>ad</strong></span> <span class='ocrx_word' id='word_1_310' title='bbox 2128 720 2454 784; x_wconf 90' lang='lat' dir='ltr'><strong>portandum</strong></span> 
     </span>
     <span class='ocr_line' id='line_1_60' title="bbox 1385 785 2456 856; baseline 0.006 -21"><span class='ocrx_word' id='word_1_311' title='bbox 1385 785 1442 835; x_wconf 94' lang='lat' dir='ltr'><strong>in</strong></span> <span class='ocrx_word' id='word_1_312' title='bbox 1474 786 1576 847; x_wconf 86' lang='lat' dir='ltr'><strong>via,</strong></span> <span class='ocrx_word' id='word_1_313' title='bbox 1603 802 1767 854; x_wconf 84' lang='lat' dir='ltr'><strong>neque</strong></span> <span class='ocrx_word' id='word_1_314' title='bbox 1798 804 2012 856; x_wconf 81' lang='lat' dir='ltr'><strong>panem,</strong></span> <span class='ocrx_word' id='word_1_315' title='bbox 2040 789 2133 855; x_wconf 90' lang='lat' dir='ltr'><strong>qui</strong></span> <span class='ocrx_word' id='word_1_316' title='bbox 2167 790 2341 856; x_wconf 87' lang='lat' dir='ltr'><strong>magis</strong></span> <span class='ocrx_word' id='word_1_317' title='bbox 2368 791 2456 841; x_wconf 83' lang='lat' dir='ltr'><strong>vi·-</strong></span> 
     </span>
     <span class='ocr_line' id='line_1_61' title="bbox 1383 858 2457 923; baseline 0.008 -16"><span class='ocrx_word' id='word_1_318' title='bbox 1383 858 1540 909; x_wconf 91' lang='lat' dir='ltr'><strong>detur</strong></span> <span class='ocrx_word' id='word_1_319' title='bbox 1571 862 1902 913; x_wconf 84' lang='lat' dir='ltr'><strong>necessarius</strong></span> <span class='ocrx_word' id='word_1_320' title='bbox 1928 862 2069 913; x_wconf 90' lang='lat' dir='ltr'><strong>inter</strong></span> <span class='ocrx_word' id='word_1_321' title='bbox 2090 863 2211 923; x_wconf 88' lang='lat' dir='ltr'><strong>alia,</strong></span> <span class='ocrx_word' id='word_1_322' title='bbox 2232 873 2284 914; x_wconf 92' lang='lat' dir='ltr'><strong>et</strong></span> <span class='ocrx_word' id='word_1_323' title='bbox 2306 865 2457 915; x_wconf 78' lang='lat' dir='ltr'><strong>mul-</strong></span> 
     </span>
     <span class='ocr_line' id='line_1_62' title="bbox 1384 932 2458 1003; baseline 0.008 -23"><span class='ocrx_word' id='word_1_324' title='bbox 1384 940 1439 981; x_wconf 92' lang='lat' dir='ltr'><strong>to</strong></span> <span class='ocrx_word' id='word_1_325' title='bbox 1504 932 1688 984; x_wconf 89' lang='lat' dir='ltr'><strong>minus</strong></span> <span class='ocrx_word' id='word_1_326' title='bbox 1739 934 1939 986; x_wconf 88' lang='lat' dir='ltr'><strong>cibaria</strong></span> <span class='ocrx_word' id='word_1_327' title='bbox 1996 935 2245 1001; x_wconf 87' lang='lat' dir='ltr'><strong>delicata;</strong></span> <span class='ocrx_word' id='word_1_328' title='bbox 2293 951 2458 1003; x_wconf 79' lang='lat' dir='ltr'><strong>neque</strong></span> 
     </span>
     <span class='ocr_line' id='line_1_63' title="bbox 1383 1005 2458 1076; baseline 0.007 -22"><span class='ocrx_word' id='word_1_329' title='bbox 1383 1005 1520 1055; x_wconf 82' lang='lat' dir='ltr'><strong>duas</strong></span> <span class='ocrx_word' id='word_1_330' title='bbox 1560 1007 1784 1069; x_wconf 70' lang='lat' dir='ltr'><strong>tunica-5,</strong></span> <span class='ocrx_word' id='word_1_331' title='bbox 1831 1008 1884 1058; x_wconf 89' lang='lat' dir='ltr'><strong>id</strong></span> <span class='ocrx_word' id='word_1_332' title='bbox 1928 1019 2009 1059; x_wconf 85' lang='lat' dir='ltr'><strong>est</strong></span> <span class='ocrx_word' id='word_1_333' title='bbox 2048 1020 2220 1060; x_wconf 85' lang='lat' dir='ltr'><strong>vestes</strong></span> <span class='ocrx_word' id='word_1_334' title='bbox 2262 1026 2458 1076; x_wconf 89' lang='lat' dir='ltr'><strong>super·-</strong></span> 
     </span>
     <span class='ocr_line' id='line_1_64' title="bbox 1383 1075 2457 1146; baseline 0.007 -21"><span class='ocrx_word' id='word_1_335' title='bbox 1383 1075 1537 1140; x_wconf 87' lang='lat' dir='ltr'><strong>fluas,</strong></span> <span class='ocrx_word' id='word_1_336' title='bbox 1559 1077 1801 1130; x_wconf 78' lang='lat' dir='ltr'><strong>habeatis</strong></span> <span class='ocrx_word' id='word_1_337' title='bbox 1821 1096 1839 1139; x_wconf 90' lang='lat'><strong>,·</strong></span> <span class='ocrx_word' id='word_1_338' title='bbox 1864 1090 2131 1146; x_wconf 90' lang='lat' dir='ltr'><strong>quotquot</strong></span> <span class='ocrx_word' id='word_1_339' title='bbox 2154 1081 2302 1131; x_wconf 90' lang='lat' dir='ltr'><strong>enim</strong></span> <span class='ocrx_word' id='word_1_340' title='bbox 2327 1091 2457 1133; x_wconf 84' lang='lat' dir='ltr'><strong>sunt</strong></span> 
     </span>
     <span class='ocr_line' id='line_1_65' title="bbox 1383 1151 2454 1221; baseline 0.007 -21"><span class='ocrx_word' id='word_1_341' title='bbox 1383 1151 1710 1217; x_wconf 74' lang='lat' dir='ltr'><strong>necessariae,</strong></span> <span class='ocrx_word' id='word_1_342' title='bbox 1738 1170 1834 1218; x_wconf 92' lang='lat' dir='ltr'><strong>pro</strong></span> <span class='ocrx_word' id='word_1_343' title='bbox 1862 1169 1971 1204; x_wconf 90' lang='lat' dir='ltr'><strong>una</strong></span> <span class='ocrx_word' id='word_1_344' title='bbox 2000 1164 2344 1221; x_wconf 82' lang='lat' dir='ltr'><strong>reputantur3</strong></span> <span class='ocrx_word' id='word_1_345' title='bbox 2370 1171 2454 1207; x_wconf 84' lang='lat' dir='ltr'><strong>ne·</strong></span> 
     </span>
     <span class='ocr_line' id='line_1_66' title="bbox 1381 1223 2449 1292; baseline 0.007 -22"><span class='ocrx_word' id='word_1_346' title='bbox 1381 1236 1482 1286; x_wconf 83' lang='lat' dir='ltr'><strong>que</strong></span> <span class='ocrx_word' id='word_1_347' title='bbox 1512 1223 1900 1286; x_wconf 76' lang='lat' dir='ltr'><strong>calceamenta,</strong></span> <span class='ocrx_word' id='word_1_348' title='bbox 1954 1225 2160 1277; x_wconf 88' lang='lat' dir='ltr'><strong>scilicet</strong></span> <span class='ocrx_word' id='word_1_349' title='bbox 2210 1226 2449 1292; x_wconf 84' lang='lat' dir='ltr'><strong>integra,</strong></span> 
     </span>
     <span class='ocr_line' id='line_1_67' title="bbox 1382 1292 2453 1362; baseline 0.007 -21"><span class='ocrx_word' id='word_1_350' title='bbox 1382 1292 1509 1358; x_wconf 87' lang='lat' dir='ltr'><strong>quia</strong></span> <span class='ocrx_word' id='word_1_351' title='bbox 1558 1294 1803 1359; x_wconf 88' lang='lat' dir='ltr'><strong>Apostoli</strong></span> <span class='ocrx_word' id='word_1_352' title='bbox 1844 1296 2103 1346; x_wconf 82' lang='lat' dir='ltr'><strong>sandaliis</strong></span> <span class='ocrx_word' id='word_1_353' title='bbox 2140 1297 2453 1362; x_wconf 88' lang='lat' dir='ltr'><strong>utebantur;</strong></span> 
     </span>
     <span class='ocr_line' id='line_1_68' title="bbox 1382 1363 2456 1430; baseline 0.006 -20"><span class='ocrx_word' id='word_1_354' title='bbox 1382 1375 1544 1427; x_wconf 84' lang='lat' dir='ltr'><strong>neque</strong></span> <span class='ocrx_word' id='word_1_355' title='bbox 1582 1363 1814 1430; x_wconf 79' lang='lat' dir='ltr'><strong>virgam,</strong></span> <span class='ocrx_word' id='word_1_356' title='bbox 1846 1380 1966 1430; x_wconf 89' lang='lat' dir='ltr'><strong>quae</strong></span> <span class='ocrx_word' id='word_1_357' title='bbox 2001 1365 2204 1416; x_wconf 88' lang='lat' dir='ltr'><strong>scilicet</strong></span> <span class='ocrx_word' id='word_1_358' title='bbox 2227 1366 2456 1416; x_wconf 86' lang='lat' dir='ltr'><strong>itinera·-</strong></span> 
     </span>
     <span class='ocr_line' id='line_1_69' title="bbox 1381 1430 2456 1498; baseline 0.005 -17"><span class='ocrx_word' id='word_1_359' title='bbox 1381 1430 1480 1481; x_wconf 87' lang='lat' dir='ltr'><strong>riis</strong></span> <span class='ocrx_word' id='word_1_360' title='bbox 1515 1433 1716 1498; x_wconf 88' lang='lat' dir='ltr'><strong>praebet</strong></span> <span class='ocrx_word' id='word_1_361' title='bbox 1741 1434 2022 1486; x_wconf 82' lang='lat' dir='ltr'><strong>auxilium.</strong></span> <span class='ocrx_word' id='word_1_362' title='bbox 2050 1435 2156 1495; x_wconf 93' lang='lat' dir='ltr'><strong>Qui</strong></span> <span class='ocrx_word' id='word_1_363' title='bbox 2184 1436 2331 1486; x_wconf 89' lang='lat' dir='ltr'><strong>enim</strong></span> <span class='ocrx_word' id='word_1_364' title='bbox 2354 1437 2456 1487; x_wconf 88' lang='lat' dir='ltr'><strong>Do·</strong></span> 
     </span>
     <span class='ocr_line' id='line_1_70' title="bbox 1382 1502 2455 1567; baseline 0.005 -15"><span class='ocrx_word' id='word_1_365' title='bbox 1382 1502 1518 1555; x_wconf 89' lang='lat' dir='ltr'><strong>mini</strong></span> <span class='ocrx_word' id='word_1_366' title='bbox 1559 1503 1719 1555; x_wconf 90' lang='lat' dir='ltr'><strong>habet</strong></span> <span class='ocrx_word' id='word_1_367' title='bbox 1775 1505 2059 1567; x_wconf 81' lang='lat' dir='ltr'><strong>auxilium,</strong></span> <span class='ocrx_word' id='word_1_368' title='bbox 2110 1522 2203 1556; x_wconf 90' lang='lat' dir='ltr'><strong>cur</strong></span> <span class='ocrx_word' id='word_1_369' title='bbox 2260 1507 2455 1566; x_wconf 90' lang='lat' dir='ltr'><strong>baculi,</strong></span> 
     </span>
     <span class='ocr_line' id='line_1_71' title="bbox 1380 1572 2454 1642; baseline 0.003 -19"><span class='ocrx_word' id='word_1_370' title='bbox 1380 1572 1467 1623; x_wconf 80' lang='lat' dir='ltr'><strong>vel</strong></span> <span class='ocrx_word' id='word_1_371' title='bbox 1495 1574 1716 1625; x_wconf 89' lang='lat' dir='ltr'><strong>alterius</strong></span> <span class='ocrx_word' id='word_1_372' title='bbox 1755 1574 1832 1626; x_wconf 89' lang='lat' dir='ltr'><strong>rei</strong></span> <span class='ocrx_word' id='word_1_373' title='bbox 1874 1586 2074 1642; x_wconf 90' lang='lat' dir='ltr'><strong>quaerat</strong></span> <span class='ocrx_word' id='word_1_374' title='bbox 2108 1575 2454 1642; x_wconf 65' lang='lat' dir='ltr'><strong>praesidium?</strong></span> 
     </span>
     <span class='ocr_line' id='line_1_72' title="bbox 1381 1649 2455 1718; baseline 0.004 -19"><span class='ocrx_word' id='word_1_375' title='bbox 1381 1650 1483 1699; x_wconf 93' lang='lat' dir='ltr'><strong>Sed</strong></span> <span class='ocrx_word' id='word_1_376' title='bbox 1518 1649 1564 1701; x_wconf 89' lang='lat' dir='ltr'><strong>si</strong></span> <span class='ocrx_word' id='word_1_377' title='bbox 1596 1650 1847 1716; x_wconf 82' lang='lat' dir='ltr'><strong>prohibet</strong></span> <span class='ocrx_word' id='word_1_378' title='bbox 1888 1652 2093 1718; x_wconf 83' lang='lat' dir='ltr'><strong>virgam</strong></span> <span class='ocrx_word' id='word_1_379' title='bbox 2125 1662 2176 1702; x_wconf 90' lang='lat' dir='ltr'><strong>et</strong></span> <span class='ocrx_word' id='word_1_380' title='bbox 2202 1652 2455 1718; x_wconf 84' lang='lat' dir='ltr'><strong>quaedam</strong></span> 
     </span>
     <span class='ocr_line' id='line_1_73' title="bbox 1381 1718 2455 1788; baseline 0.004 -20"><span class='ocrx_word' id='word_1_381' title='bbox 1381 1718 1503 1779; x_wconf 88' lang='lat' dir='ltr'><strong>alia,</strong></span> <span class='ocrx_word' id='word_1_382' title='bbox 1548 1735 1670 1785; x_wconf 85' lang='lat' dir='ltr'><strong>quae</strong></span> <span class='ocrx_word' id='word_1_383' title='bbox 1701 1720 1950 1772; x_wconf 87' lang='lat' dir='ltr'><strong>videntur</strong></span> <span class='ocrx_word' id='word_1_384' title='bbox 1981 1721 2291 1781; x_wconf 87' lang='lat' dir='ltr'><strong>necessaria,</strong></span> <span class='ocrx_word' id='word_1_385' title='bbox 2321 1722 2455 1788; x_wconf 91' lang='lat' dir='ltr'><strong>quid</strong></span> 
     </span>
     <span class='ocr_line' id='line_1_74' title="bbox 1381 1789 2455 1858; baseline 0.007 -21"><span class='ocrx_word' id='word_1_386' title='bbox 1381 1789 1446 1839; x_wconf 88' lang='lat' dir='ltr'><strong>de</strong></span> <span class='ocrx_word' id='word_1_387' title='bbox 1475 1790 1631 1855; x_wconf 86' lang='lat' dir='ltr'><strong>equis</strong></span> <span class='ocrx_word' id='word_1_388' title='bbox 1678 1800 1729 1841; x_wconf 91' lang='lat' dir='ltr'><strong>et</strong></span> <span class='ocrx_word' id='word_1_389' title='bbox 1771 1807 2034 1857; x_wconf 88' lang='lat' dir='ltr'><strong>equorum</strong></span> <span class='ocrx_word' id='word_1_390' title='bbox 2077 1792 2330 1858; x_wconf 76' lang='lat' dir='ltr'><strong>phaleriS,</strong></span> <span class='ocrx_word' id='word_1_391' title='bbox 2371 1794 2455 1844; x_wconf 85' lang='lat' dir='ltr'><strong>vel</strong></span> 
     </span>
     <span class='ocr_line' id='line_1_75' title="bbox 1382 1859 2456 1929; baseline 0.005 -21"><span class='ocrx_word' id='word_1_392' title='bbox 1382 1859 1569 1910; x_wconf 88' lang='lat' dir='ltr'><strong>ceteris</strong></span> <span class='ocrx_word' id='word_1_393' title='bbox 1596 1860 1918 1928; x_wconf 76' lang='lat' dir='ltr'><strong>superfluis?</strong></span> <span class='ocrx_word' id='word_1_394' title='bbox 1949 1863 2053 1913; x_wconf 88' lang='lat' dir='ltr'><strong>Ubi</strong></span> <span class='ocrx_word' id='word_1_395' title='bbox 2087 1863 2268 1913; x_wconf 89' lang='lat' dir='ltr'><strong>omnis</strong></span> <span class='ocrx_word' id='word_1_396' title='bbox 2297 1863 2456 1929; x_wconf 90' lang='lat' dir='ltr'><strong>cupi·-</strong></span> 
     </span>
     <span class='ocr_line' id='line_1_76' title="bbox 1380 1930 2456 1994; baseline 0.006 -15"><span class='ocrx_word' id='word_1_397' title='bbox 1380 1930 1538 1992; x_wconf 83' lang='lat' dir='ltr'><strong>ditas,</strong></span> <span class='ocrx_word' id='word_1_398' title='bbox 1569 1942 1622 1983; x_wconf 87' lang='lat' dir='ltr'><strong>et</strong></span> <span class='ocrx_word' id='word_1_399' title='bbox 1648 1933 1883 1984; x_wconf 83' lang='lat' dir='ltr'><strong>avaritiae</strong></span> <span class='ocrx_word' id='word_1_400' title='bbox 1914 1934 2140 1994; x_wconf 89' lang='lat' dir='ltr'><strong>occasi0‚</strong></span> <span class='ocrx_word' id='word_1_401' title='bbox 2166 1945 2217 1984; x_wconf 92' lang='lat' dir='ltr'><strong>et</strong></span> <span class='ocrx_word' id='word_1_402' title='bbox 2247 1934 2456 1985; x_wconf 87' lang='lat' dir='ltr'><strong>sollici-</strong></span> 
     </span>
     <span class='ocr_line' id='line_1_77' title="bbox 1381 2002 2455 2069; baseline 0.006 -19"><span class='ocrx_word' id='word_1_403' title='bbox 1381 2002 1511 2051; x_wconf 93' lang='lat' dir='ltr'><strong>tudo</strong></span> <span class='ocrx_word' id='word_1_404' title='bbox 1565 2003 1944 2069; x_wconf 86' lang='lat' dir='ltr'><strong>temporalium</strong></span> <span class='ocrx_word' id='word_1_405' title='bbox 2004 2005 2242 2064; x_wconf 85' lang='lat' dir='ltr'><strong>tollitur,</strong></span> <span class='ocrx_word' id='word_1_406' title='bbox 2292 2020 2455 2056; x_wconf 87' lang='lat' dir='ltr'><strong>omne</strong></span> 
     </span>
     <span class='ocr_line' id='line_1_78' title="bbox 1382 2071 2456 2140; baseline 0.005 -20"><span class='ocrx_word' id='word_1_407' title='bbox 1382 2071 1717 2136; x_wconf 89' lang='lat' dir='ltr'><strong>superfluum</strong></span> <span class='ocrx_word' id='word_1_408' title='bbox 1746 2084 2084 2140; x_wconf 87' lang='lat' dir='ltr'><strong>amputatur,</strong></span> <span class='ocrx_word' id='word_1_409' title='bbox 2129 2083 2182 2124; x_wconf 90' lang='lat' dir='ltr'><strong>et</strong></span> <span class='ocrx_word' id='word_1_410' title='bbox 2210 2075 2325 2124; x_wconf 86' lang='lat' dir='ltr'><strong>sola</strong></span> <span class='ocrx_word' id='word_1_411' title='bbox 2353 2091 2456 2125; x_wconf 89' lang='lat' dir='ltr'><strong>ne-</strong></span> 
     </span>
     <span class='ocr_line' id='line_1_79' title="bbox 1378 2144 2460 2214; baseline 0.003 -21"><span class='ocrx_word' id='word_1_412' title='bbox 1378 2144 1606 2195; x_wconf 89' lang='lat' dir='ltr'><strong>cessaria</strong></span> <span class='ocrx_word' id='word_1_413' title='bbox 1635 2146 2015 2196; x_wconf 87' lang='lat' dir='ltr'><strong>conceduntur.</strong></span> <span class='ocrx_word' id='word_1_414' title='bbox 2039 2145 2284 2212; x_wconf 88' lang='lat' dir='ltr'><strong>Denique</strong></span> <span class='ocrx_word' id='word_1_415' title='bbox 2305 2161 2460 2214; x_wconf 84' lang='lat' dir='ltr'><strong>expe·</strong></span> 
     </span>
     <span class='ocr_line' id='line_1_80' title="bbox 1380 2216 2456 2282; baseline 0.004 -18"><span class='ocrx_word' id='word_1_416' title='bbox 1380 2216 1527 2266; x_wconf 90' lang='lat' dir='ltr'><strong>ditur</strong></span> <span class='ocrx_word' id='word_1_417' title='bbox 1552 2216 1656 2275; x_wconf 83' lang='lat' dir='ltr'><strong>via,</strong></span> <span class='ocrx_word' id='word_1_418' title='bbox 1687 2226 1739 2267; x_wconf 92' lang='lat' dir='ltr'><strong>et</strong></span> <span class='ocrx_word' id='word_1_419' title='bbox 1767 2216 1905 2282; x_wconf 86' lang='lat' dir='ltr'><strong>fugit</strong></span> <span class='ocrx_word' id='word_1_420' title='bbox 1932 2216 2113 2276; x_wconf 90' lang='lat' dir='ltr'><strong>timor,</strong></span> <span class='ocrx_word' id='word_1_421' title='bbox 2145 2216 2331 2266; x_wconf 88' lang='lat' dir='ltr'><strong>crescit</strong></span> <span class='ocrx_word' id='word_1_422' title='bbox 2363 2232 2456 2268; x_wconf 90' lang='lat' dir='ltr'><strong>se-</strong></span> 
     </span>
     <span class='ocr_line' id='line_1_81' title="bbox 1381 2287 2454 2354; baseline 0.004 -19"><span class='ocrx_word' id='word_1_423' title='bbox 1381 2287 1599 2338; x_wconf 89' lang='lat' dir='ltr'><strong>curitas.</strong></span> <span class='ocrx_word' id='word_1_424' title='bbox 1646 2289 1799 2339; x_wconf 90' lang='lat' dir='ltr'><strong>Unde</strong></span> <span class='ocrx_word' id='word_1_425' title='bbox 1836 2304 1946 2338; x_wconf 92' lang='lat' dir='ltr'><strong>non</strong></span> <span class='ocrx_word' id='word_1_426' title='bbox 1977 2287 2252 2337; x_wconf 89' lang='lat' dir='ltr'><strong>immerito</strong></span> <span class='ocrx_word' id='word_1_427' title='bbox 2298 2297 2454 2354; x_wconf 88' lang='lat' dir='ltr'><strong>poeta</strong></span> 
     </span>
     <span class='ocr_line' id='line_1_82' title="bbox 1381 2356 1813 2409; baseline 0.007 -3"><span class='ocrx_word' id='word_1_428' title='bbox 1381 2356 1664 2407; x_wconf 79' lang='lat' dir='ltr'><strong>Juvenalis</strong></span> <span class='ocrx_word' id='word_1_429' title='bbox 1692 2357 1767 2408; x_wconf 86' lang='lat' dir='ltr'><strong>ait</strong></span> <span class='ocrx_word' id='word_1_430' title='bbox 1798 2374 1813 2409; x_wconf 69' lang='grc' dir='ltr'><strong><em>ι</em></strong></span> 
     </span>
    </p>
   </div>
   <div class='ocr_carea' id='block_1_8' title="bbox 1386 2497 2454 2636">
    <p class='ocr_par' dir='ltr' id='par_1_10' title="bbox 1386 2497 2454 2636">
     <span class='ocr_line' id='line_1_83' title="bbox 1386 2497 2451 2551; baseline 0 -2"><span class='ocrx_word' id='word_1_431' title='bbox 1386 2497 1640 2549; x_wconf 77' lang='lat' dir='ltr'><strong>Cantabit</strong></span> <span class='ocrx_word' id='word_1_432' title='bbox 1663 2514 1862 2551; x_wconf 80' lang='lat' dir='ltr'><strong>vacuus</strong></span> <span class='ocrx_word' id='word_1_433' title='bbox 1885 2513 2067 2551; x_wconf 85' lang='lat' dir='ltr'><strong>coram</strong></span> <span class='ocrx_word' id='word_1_434' title='bbox 2090 2497 2299 2549; x_wconf 79' lang='lat' dir='ltr'><strong>latrone</strong></span> <span class='ocrx_word' id='word_1_435' title='bbox 2327 2499 2451 2550; x_wconf 83' lang='lat' dir='ltr'><strong>via-</strong></span> 
     </span>
     <span class='ocr_line' id='line_1_84' title="bbox 2315 2571 2454 2636; baseline 0.007 -16"><span class='ocrx_word' id='word_1_436' title='bbox 2315 2571 2454 2636; x_wconf 82' lang='lat' dir='ltr'><strong>[tor.</strong></span> 
     </span>
    </p>
   </div>
   <div class='ocr_carea' id='block_1_9' title="bbox 1384 2713 2461 3918">
    <p class='ocr_par' dir='ltr' id='par_1_11' title="bbox 1384 2713 2461 3918">
     <span class='ocr_line' id='line_1_85' title="bbox 1387 2713 2456 2782; baseline -0.002 -15"><span class='ocrx_word' id='word_1_437' title='bbox 1387 2717 1502 2767; x_wconf 87' lang='lat' dir='ltr'><strong>Hoc</strong></span> <span class='ocrx_word' id='word_1_438' title='bbox 1543 2731 1669 2782; x_wconf 88' lang='lat' dir='ltr'><strong>ergo</strong></span> <span class='ocrx_word' id='word_1_439' title='bbox 1723 2724 1898 2766; x_wconf 88' lang='lat' dir='ltr'><strong>totum</strong></span> <span class='ocrx_word' id='word_1_440' title='bbox 1943 2714 2111 2774; x_wconf 85' lang='lat' dir='ltr'><strong>dicit,</strong></span> <span class='ocrx_word' id='word_1_441' title='bbox 2163 2715 2227 2765; x_wconf 89' lang='lat' dir='ltr'><strong>ad</strong></span> <span class='ocrx_word' id='word_1_442' title='bbox 2270 2713 2456 2765; x_wconf 80' lang='lat' dir='ltr'><strong>exclu-</strong></span> 
     </span>
     <span class='ocr_line' id='line_1_86' title="bbox 1384 2784 2454 2853; baseline -0.003 -17"><span class='ocrx_word' id='word_1_443' title='bbox 1384 2787 1623 2836; x_wconf 90' lang='lat' dir='ltr'><strong>dendum</strong></span> <span class='ocrx_word' id='word_1_444' title='bbox 1645 2802 1675 2836; x_wconf 87' lang='lat' dir='ltr'><strong>a</strong></span> <span class='ocrx_word' id='word_1_445' title='bbox 1703 2785 2083 2853; x_wconf 67' lang='lat' dir='ltr'><strong>praedicatione</strong></span> <span class='ocrx_word' id='word_1_446' title='bbox 2105 2785 2253 2835; x_wconf 90' lang='lat' dir='ltr'><strong>verbi</strong></span> <span class='ocrx_word' id='word_1_447' title='bbox 2281 2784 2454 2834; x_wconf 76' lang='lat' dir='ltr'><strong>divini</strong></span> 
     </span>
     <span class='ocr_line' id='line_1_87' title="bbox 1386 2856 2457 2923; baseline -0.004 -14"><span class='ocrx_word' id='word_1_448' title='bbox 1386 2856 1808 2909; x_wconf 81' lang='lat' dir='ltr'><strong>sollicitudinem</strong></span> <span class='ocrx_word' id='word_1_449' title='bbox 1840 2856 2240 2923; x_wconf 84' lang='lat' dir='ltr'><strong>temporalium.</strong></span> <span class='ocrx_word' id='word_1_450' title='bbox 2285 2857 2457 2906; x_wconf 87' lang='lat' dir='ltr'><strong>Tem·-</strong></span> 
     </span>
     <span class='ocr_line' id='line_1_88' title="bbox 1387 2927 2458 2997; baseline -0.001 -18"><span class='ocrx_word' id='word_1_451' title='bbox 1387 2929 1590 2997; x_wconf 88' lang='lat' dir='ltr'><strong>poralia</strong></span> <span class='ocrx_word' id='word_1_452' title='bbox 1638 2929 1805 2990; x_wconf 88' lang='lat' dir='ltr'><strong>enim,</strong></span> <span class='ocrx_word' id='word_1_453' title='bbox 1855 2929 1911 2979; x_wconf 93' lang='lat' dir='ltr'><strong>in</strong></span> <span class='ocrx_word' id='word_1_454' title='bbox 1969 2929 2049 2980; x_wconf 88' lang='lat' dir='ltr'><strong>sui</strong></span> <span class='ocrx_word' id='word_1_455' title='bbox 2098 2927 2458 2994; x_wconf 85' lang='lat' dir='ltr'><strong>acquisitione</strong></span> 
     </span>
     <span class='ocr_line' id='line_1_89' title="bbox 1385 2998 2457 3064; baseline -0.004 -13"><span class='ocrx_word' id='word_1_456' title='bbox 1385 3000 1676 3051; x_wconf 89' lang='lat' dir='ltr'><strong>molestant</strong></span> <span class='ocrx_word' id='word_1_457' title='bbox 1713 2998 1981 3059; x_wconf 86' lang='lat' dir='ltr'><strong>animum,</strong></span> <span class='ocrx_word' id='word_1_458' title='bbox 2030 3010 2082 3050; x_wconf 88' lang='lat' dir='ltr'><strong>et</strong></span> <span class='ocrx_word' id='word_1_459' title='bbox 2119 2999 2296 3049; x_wconf 87' lang='lat' dir='ltr'><strong>adhuc</strong></span> <span class='ocrx_word' id='word_1_460' title='bbox 2335 2999 2457 3064; x_wconf 91' lang='lat' dir='ltr'><strong>plus</strong></span> 
     </span>
     <span class='ocr_line' id='line_1_90' title="bbox 1387 3072 2456 3140; baseline -0.004 -15"><span class='ocrx_word' id='word_1_461' title='bbox 1387 3075 1445 3125; x_wconf 92' lang='lat' dir='ltr'><strong>in</strong></span> <span class='ocrx_word' id='word_1_462' title='bbox 1505 3072 1588 3124; x_wconf 82' lang='lat' dir='ltr'><strong>sui</strong></span> <span class='ocrx_word' id='word_1_463' title='bbox 1647 3073 1986 3140; x_wconf 89' lang='lat' dir='ltr'><strong>possessione</strong></span> <span class='ocrx_word' id='word_1_464' title='bbox 2040 3073 2258 3124; x_wconf 88' lang='lat' dir='ltr'><strong>turbant</strong></span> <span class='ocrx_word' id='word_1_465' title='bbox 2305 3085 2456 3134; x_wconf 88' lang='lat' dir='ltr'><strong>eum,</strong></span> 
     </span>
     <span class='ocr_line' id='line_1_91' title="bbox 1387 3141 2456 3211; baseline -0.004 -17"><span class='ocrx_word' id='word_1_466' title='bbox 1387 3144 1517 3211; x_wconf 87' lang='lat' dir='ltr'><strong>quia</strong></span> <span class='ocrx_word' id='word_1_467' title='bbox 1557 3144 1664 3208; x_wconf 84' lang='lat' dir='ltr'><strong>jam</strong></span> <span class='ocrx_word' id='word_1_468' title='bbox 1701 3152 1830 3194; x_wconf 92' lang='lat' dir='ltr'><strong>sunt</strong></span> <span class='ocrx_word' id='word_1_469' title='bbox 1871 3142 2025 3209; x_wconf 88' lang='lat' dir='ltr'><strong>quasi</strong></span> <span class='ocrx_word' id='word_1_470' title='bbox 2061 3142 2305 3193; x_wconf 85' lang='lat' dir='ltr'><strong>membra</strong></span> <span class='ocrx_word' id='word_1_471' title='bbox 2351 3141 2456 3207; x_wconf 89' lang='lat' dir='ltr'><strong>ipsi</strong></span> 
     </span>
     <span class='ocr_line' id='line_1_92' title="bbox 1387 3211 2459 3280; baseline -0.004 -14"><span class='ocrx_word' id='word_1_472' title='bbox 1387 3214 1608 3266; x_wconf 85' lang='lat' dir='ltr'><strong>habenti</strong></span> <span class='ocrx_word' id='word_1_473' title='bbox 1638 3214 2005 3280; x_wconf 83' lang='lat' dir='ltr'><strong>incorporata;</strong></span> <span class='ocrx_word' id='word_1_474' title='bbox 2053 3223 2105 3263; x_wconf 89' lang='lat' dir='ltr'><strong>et</strong></span> <span class='ocrx_word' id='word_1_475' title='bbox 2135 3212 2255 3263; x_wconf 91' lang='lat' dir='ltr'><strong>ideo</strong></span> <span class='ocrx_word' id='word_1_476' title='bbox 2284 3211 2459 3277; x_wconf 88' lang='lat' dir='ltr'><strong>magis</strong></span> 
     </span>
     <span class='ocr_line' id='line_1_93' title="bbox 1388 3282 2458 3342; baseline -0.005 -6"><span class='ocrx_word' id='word_1_477' title='bbox 1388 3286 1612 3336; x_wconf 88' lang='lat' dir='ltr'><strong>trahunt</strong></span> <span class='ocrx_word' id='word_1_478' title='bbox 1638 3284 1884 3336; x_wconf 83' lang='lat' dir='ltr'><strong>animum</strong></span> <span class='ocrx_word' id='word_1_479' title='bbox 1917 3283 2161 3342; x_wconf 84' lang='lat' dir='ltr'><strong>hominis</strong></span> <span class='ocrx_word' id='word_1_480' title='bbox 2199 3283 2264 3333; x_wconf 86' lang='lat' dir='ltr'><strong>ad</strong></span> <span class='ocrx_word' id='word_1_481' title='bbox 2302 3282 2458 3331; x_wconf 91' lang='lat' dir='ltr'><strong>inor-</strong></span> 
     </span>
     <span class='ocr_line' id='line_1_94' title="bbox 1386 3351 2461 3418; baseline -0.003 -12"><span class='ocrx_word' id='word_1_482' title='bbox 1386 3356 1626 3406; x_wconf 75' lang='lat' dir='ltr'><strong>dinatam</strong></span> <span class='ocrx_word' id='word_1_483' title='bbox 1676 3354 2020 3405; x_wconf 90' lang='lat' dir='ltr'><strong>dilectionem</strong></span> <span class='ocrx_word' id='word_1_484' title='bbox 2066 3353 2169 3404; x_wconf 88' lang='lat' dir='ltr'><strong>sui.</strong></span> <span class='ocrx_word' id='word_1_485' title='bbox 2227 3353 2294 3402; x_wconf 88' lang='lat' dir='ltr'><strong>Et</strong></span> <span class='ocrx_word' id='word_1_486' title='bbox 2329 3351 2461 3418; x_wconf 84' lang='lat' dir='ltr'><strong>quia</strong></span> 
     </span>
     <span class='ocr_line' id='line_1_95' title="bbox 1386 3423 2457 3485; baseline -0.006 -7"><span class='ocrx_word' id='word_1_487' title='bbox 1386 3428 1490 3479; x_wconf 82' lang='lat' dir='ltr'><strong>hoc</strong></span> <span class='ocrx_word' id='word_1_488' title='bbox 1517 3427 1739 3478; x_wconf 83' lang='lat' dir='ltr'><strong>suffocat</strong></span> <span class='ocrx_word' id='word_1_489' title='bbox 1781 3426 2003 3476; x_wconf 87' lang='lat' dir='ltr'><strong>verbum</strong></span> <span class='ocrx_word' id='word_1_490' title='bbox 2042 3424 2160 3485; x_wconf 90' lang='lat' dir='ltr'><strong>Dei,</strong></span> <span class='ocrx_word' id='word_1_491' title='bbox 2191 3423 2311 3473; x_wconf 90' lang='lat' dir='ltr'><strong>ideo</strong></span> <span class='ocrx_word' id='word_1_492' title='bbox 2346 3439 2457 3473; x_wconf 92' lang='lat' dir='ltr'><strong>non</strong></span> 
     </span>
     <span class='ocr_line' id='line_1_96' title="bbox 1387 3493 2459 3563; baseline -0.008 -13"><span class='ocrx_word' id='word_1_493' title='bbox 1387 3499 1543 3549; x_wconf 91' lang='lat' dir='ltr'><strong>debet</strong></span> <span class='ocrx_word' id='word_1_494' title='bbox 1575 3514 1691 3549; x_wconf 86' lang='lat' dir='ltr'><strong>esse</strong></span> <span class='ocrx_word' id='word_1_495' title='bbox 1726 3497 1781 3547; x_wconf 91' lang='lat' dir='ltr'><strong>in</strong></span> <span class='ocrx_word' id='word_1_496' title='bbox 1816 3494 2252 3563; x_wconf 62' lang='lat' dir='ltr'><strong>praedicatoribus</strong></span> <span class='ocrx_word' id='word_1_497' title='bbox 2282 3493 2459 3543; x_wconf 85' lang='lat' dir='ltr'><strong>Evan-</strong></span> 
     </span>
     <span class='ocr_line' id='line_1_97' title="bbox 1386 3566 2456 3640; baseline -0.009 -16"><span class='ocrx_word' id='word_1_498' title='bbox 1386 3572 1533 3640; x_wconf 87' lang='lat' dir='ltr'><strong>gelii.</strong></span> <span class='ocrx_word' id='word_1_499' title='bbox 1589 3572 1786 3639; x_wconf 85' lang='lat' dir='ltr'><strong>Igitur,</strong></span> <span class='ocrx_word' id='word_1_500' title='bbox 1835 3580 1897 3621; x_wconf 91' lang='lat' dir='ltr'><strong>ut</strong></span> <span class='ocrx_word' id='word_1_501' title='bbox 1951 3569 2081 3620; x_wconf 90' lang='lat' dir='ltr'><strong>dicit</strong></span> <span class='ocrx_word' id='word_1_502' title='bbox 2121 3566 2456 3633; x_wconf 78' lang='lat' dir='ltr'><strong>Gregorius,</strong></span> 
     </span>
     <span class='ocr_line' id='line_1_98' title="bbox 1386 3638 2461 3710; baseline -0.009 -15"><span class='ocrx_word' id='word_1_503' title='bbox 1386 3653 1532 3695; x_wconf 86' lang='lat' dir='ltr'><strong>tanta</strong></span> <span class='ocrx_word' id='word_1_504' title='bbox 1569 3641 1899 3710; x_wconf 82' lang='lat' dir='ltr'><strong>praedicatori</strong></span> <span class='ocrx_word' id='word_1_505' title='bbox 1928 3642 2083 3692; x_wconf 87' lang='lat' dir='ltr'><strong>debet</strong></span> <span class='ocrx_word' id='word_1_506' title='bbox 2112 3639 2168 3689; x_wconf 92' lang='lat' dir='ltr'><strong>in</strong></span> <span class='ocrx_word' id='word_1_507' title='bbox 2205 3638 2316 3687; x_wconf 91' lang='lat' dir='ltr'><strong>Deo</strong></span> <span class='ocrx_word' id='word_1_508' title='bbox 2342 3651 2461 3686; x_wconf 91' lang='lat' dir='ltr'><strong>esse</strong></span> 
     </span>
     <span class='ocr_line' id='line_1_99' title="bbox 1385 3711 2457 3780; baseline -0.008 -15"><span class='ocrx_word' id='word_1_509' title='bbox 1385 3714 1605 3774; x_wconf 84' lang='lat' dir='ltr'><strong>fiducia,</strong></span> <span class='ocrx_word' id='word_1_510' title='bbox 1636 3724 1696 3765; x_wconf 91' lang='lat' dir='ltr'><strong>ut</strong></span> <span class='ocrx_word' id='word_1_511' title='bbox 1724 3712 2001 3780; x_wconf 86' lang='lat' dir='ltr'><strong>praesentis</strong></span> <span class='ocrx_word' id='word_1_512' title='bbox 2029 3711 2149 3761; x_wconf 85' lang='lat' dir='ltr'><strong>vitae</strong></span> <span class='ocrx_word' id='word_1_513' title='bbox 2185 3717 2457 3774; x_wconf 82' lang='lat' dir='ltr'><strong>sumptus,</strong></span> 
     </span>
     <span class='ocr_line' id='line_1_100' title="bbox 1385 3776 2460 3852; baseline -0.009 -16"><span class='ocrx_word' id='word_1_514' title='bbox 1385 3784 1630 3852; x_wconf 87' lang='lat' dir='ltr'><strong>quamvis</strong></span> <span class='ocrx_word' id='word_1_515' title='bbox 1661 3801 1767 3834; x_wconf 90' lang='lat' dir='ltr'><strong>non</strong></span> <span class='ocrx_word' id='word_1_516' title='bbox 1797 3781 2099 3849; x_wconf 83' lang='lat' dir='ltr'><strong>provideat,</strong></span> <span class='ocrx_word' id='word_1_517' title='bbox 2132 3790 2310 3829; x_wconf 81' lang='lat' dir='ltr'><strong>tamen</strong></span> <span class='ocrx_word' id='word_1_518' title='bbox 2355 3776 2460 3827; x_wconf 90' lang='lat' dir='ltr'><strong>sibi</strong></span> 
     </span>
     <span class='ocr_line' id='line_1_101' title="bbox 1385 3848 2460 3918; baseline -0.009 -11"><span class='ocrx_word' id='word_1_519' title='bbox 1385 3857 1487 3907; x_wconf 87' lang='lat' dir='ltr'><strong>hos</strong></span> <span class='ocrx_word' id='word_1_520' title='bbox 1518 3872 1627 3906; x_wconf 90' lang='lat' dir='ltr'><strong>non</strong></span> <span class='ocrx_word' id='word_1_521' title='bbox 1654 3853 1954 3905; x_wconf 82' lang='lat' dir='ltr'><strong>defecturos</strong></span> <span class='ocrx_word' id='word_1_522' title='bbox 1985 3848 2282 3902; x_wconf 88' lang='lat' dir='ltr'><strong>certissime</strong></span> <span class='ocrx_word' id='word_1_523' title='bbox 2310 3848 2460 3918; x_wconf 76' lang='lat' dir='ltr'><strong>sciat,</strong></span> 
     </span>
    </p>
   </div>
   <div class='ocr_carea' id='block_1_10' title="bbox 2150 3972 2268 4013">
    <p class='ocr_par' dir='ltr' id='par_1_12' title="bbox 2150 3972 2268 4013">
     <span class='ocr_line' id='line_1_102' title="bbox 2150 3972 2268 4013; baseline 0 0"><span class='ocrx_word' id='word_1_524' title='bbox 2150 3972 2157 3980; x_wconf 84' lang='lat'>&#39;</span> <span class='ocrx_word' id='word_1_525' title='bbox 2239 3979 2268 4013; x_wconf 86' lang='lat'>2</span> 
     </span>
    </p>
   </div>
  </div>
 </body>
</html>
