2757 4413
662 312 756 363 DE
780 309 1062 363 DUOBUS
1091 309 1309 361 CAECIS
1339 307 1432 358 ET
1465 304 1614 357 UNO
1649 301 1874 354 MUTO.

191 439 448 492 sessionem
490 433 657 493 fidei,'
690 431 871 499 tetigit
915 429 1099 482 oculos
1144 442 1226 477 eo-

189 527 303 561 rum.
349 507 449 560 Ubi
496 506 757 557 Rabanus
794 519 811 553 .·
861 519 889 549 «
943 498 1222 551 Confessio

188 581 279 630 oris
307 588 499 629 tactum
531 573 728 625 meruit
766 571 965 623 divinae
994 569 1221 635 pietatis.

187 650 313 701 Felix
349 659 533 709 tactus,
575 646 642 695 ad
669 659 830 711 quem
866 651 1008 693 tanta
1034 639 1223 706 sequi-

186 730 261 770 tur
294 719 484 770 virtus!
530 737 557 764 n
606 716 670 766 Et
705 714 841 763 dixit
876 730 891 764 z
922 711 1221 763 Secundum

168 791 319 856 fidem
347 795 578 840 vestram
597 786 695 846 fiat
732 783 900 847 vobiS,
939 782 993 832 id
1016 791 1096 832 est
1125 781 1223 832 sic·

184 874 237 914 ut
276 863 406 914 fides
476 869 710 911 mentem
767 857 1039 907 illuminat
1060 892 1074 917 ‚
1148 853 1223 904 ita

181 937 337 986 oculis
380 936 555 985 lucem
596 931 862 992 restituat;
907 938 960 979 et
1010 926 1220 985 statim,

179 1005 447 1057 illuminati
477 1014 620 1062 sunt,
649 1008 700 1052 et
728 1001 906 1068 aperti
932 1005 1055 1050 sunt
1081 998 1225 1050 oculi

178 1092 358 1128 eorum.
394 1077 531 1126 Ecce
571 1083 771 1139 quanta
811 1081 891 1122 est
930 1069 1060 1121 fides
1086 1069 1223 1120 sim-

179 1148 369 1215 pliciter
410 1143 769 1202 credentium,
822 1156 943 1208 quae
990 1150 1226 1191 meretur

175 1230 252 1269 tot
293 1220 554 1268 donorum
588 1214 945 1272 collationem,
990 1222 1042 1263 et
1084 1227 1223 1278 aug-

175 1299 404 1339 mentum
434 1304 464 1338 a
487 1288 618 1348 Deo,
648 1295 710 1337 ut
731 1284 914 1335 omnia
944 1282 1225 1350 possibilia

172 1361 276 1412 sint
294 1360 547 1411 credenti.

234 1448 261 1482 2
289 1433 730 1484 Cmcuusrmrm:
747 1443 1065 1480 cunartoms
1092 1443 1228 1478 11²so·

172 1522 278 1557 nux
301 1522 500 1557 nocem·
532 1520 707 1555 vanu
739 1519 971 1554 onomius
998 1518 1120 1553 assa
1154 1518 1227 1551 vx-

171 1595 392 1629 ·rannut.
411 1607 473 1615 —
502 1578 623 1626 Non
653 1591 745 1626 eos
775 1575 828 1624 in
859 1573 945 1625 via
968 1582 1135 1633 curat,
1167 1582 1227 1624 ut

173 1649 347 1699 laudes
384 1647 673 1698 hominum
705 1655 758 1697 et
800 1643 1062 1710 jactantiae
1103 1644 1225 1710 glo-

170 1718 297 1768 riam
322 1718 491 1767 vitare
524 1718 726 1767 doceat.
758 1716 914 1766 Unde
944 1714 1227 1782 Chryses-

170 1797 371 1841 tomus:
403 1809 430 1835 ιι
461 1791 668 1839 Rursus
699 1798 880 1838 autem
916 1786 1020 1837 hoc
1053 1786 1229 1837 erudit

169 1879 264 1913 nos
289 1863 521 1930 gloriam
551 1860 918 1912 multitudinis
937 1860 1221 1925 expellere3

167 1934 289 2000 quia
323 1934 472 1984 enim
507 1947 672 1998 prope
699 1940 810 1983 erat
832 1931 1047 1992 domus,
1079 1928 1230 1979 ducit

167 2022 250 2056 eos
298 2007 428 2057 illuc
478 2003 820 2070 singulariter
866 2013 1163 2054 curaturus,
1198 2021 1225 2048 n

169 2079 317 2128 Unde
372 2088 619 2144 propter*
644 2076 1005 2126 humilitatem
1066 2074 1228 2125 etiam

166 2150 513 2199 comminatur
556 2148 653 2210 eis,
702 2160 767 2197 ne
802 2146 890 2198 cui
929 2146 1129 2209 dicant,
1172 2156 1231 2196 ut

166 2221 220 2270 ad
247 2220 561 2286 fugiendam
587 2218 890 2284 jactantiam
931 2228 982 2269 et
1016 2217 1229 2268 inanem

165 2291 384 2357 gloriam
427 2306 528 2340 nos
571 2290 822 2340 instruat.
856 2289 927 2341 Ut
961 2288 1109 2339 enim
1139 2288 1228 2338 di-

163 2361 224 2411 cit
272 2362 420 2410 idem
462 2360 886 2426 Chrysostomus
918 2377 935 2410 .-
973 2378 999 2406 «
1044 2360 1230 2410 Justus

164 2446 281 2481 cum
333 2432 580 2481 laudatur
616 2431 669 2479 in
727 2430 878 2490 facie,
930 2430 1228 2496 flagellatur

161 2501 211 2551 in
260 2512 461 2552 mente.
511 2501 613 2552 Sed
662 2500 746 2551 illi
785 2500 904 2551 caeci
935 2500 1226 2551 illuminati

162 2578 438 2634 exeunteS,
469 2571 671 2622 scilicet
693 2572 758 2621 de
777 2572 960 2628 domo,
981 2571 1230 2637 diffama-

155 2647 352 2691 verunt
379 2656 517 2702 eum,
550 2640 602 2691 id
642 2651 722 2690 est
761 2639 959 2691 famam
989 2641 1102 2706 ejus
1137 2656 1231 2706 per

157 2714 481 2764 miraculum
539 2712 736 2764 factum
790 2713 1230 2779 divulgaverunt,

158 2783 209 2833 in
240 2790 358 2833 tota
401 2790 550 2834 terra
583 2784 699 2846 illa,
753 2794 806 2834 et
837 2784 1048 2849 publice
1088 2800 1232 2834 nun-

155 2855 427 2905 tiaverunt
468 2872 481 2904 z
548 2867 600 2906 et
650 2867 864 2923 propter
915 2856 1230 2906 memoriam

154 2925 370 2990 gratiae,
418 2941 531 2975 non
576 2935 864 2992 potuerunt
915 2925 1234 2977 beneficium

154 3007 353 3060 tacere,
381 3000 474 3048 sed
518 3015 628 3049 non
671 2998 865 3065 ingrati
906 2999 1088 3065 gratiae
1112 3000 1231 3058 Dei,

151 3068 281 3119 facti
308 3079 439 3119 sunt
464 3070 579 3134 ejus
604 3086 876 3135 praecones
903 3081 957 3121 et
982 3070 1229 3136 Evange-
1267 3073 1273 3078 ”

150 3139 318 3190 listae.
349 3158 375 3185 n
420 3140 574 3191 Unde
611 3141 988 3208 Hieronymus
1010 3158 1028 3191 .·
1058 3159 1086 3187 «
1113 3142 1229 3192 Do-

149 3213 344 3263 minus
362 3214 583 3279 quidem
606 3225 822 3281 propter
846 3215 1227 3275 humilitatem,

146 3284 372 3352 fugiens
397 3287 660 3350 jactantiae
683 3286 929 3353 gloriam,
961 3288 1064 3339 hoc
1093 3304 1229 3354 prae-

145 3367 392 3437 ceperam
437 3370 489 3410 et
537 3360 615 3410 illi
653 3370 868 3427 propter
903 3360 1223 3413 memoriam

145 3438 341 3493 grattae
385 3445 496 3479 non
538 3441 767 3496 possunt
807 3440 975 3482 tacere
1022 3431 1227 3482 benefi-

144 3502 323 3553 cium.
370 3522 399 3550 n
464 3505 612 3557 Unde
658 3516 709 3557 et
762 3506 1228 3573 Chrysostomus:

145 3592 174 3619 «ι
205 3573 377 3634 Q‘uod
423 3586 599 3626 autem
643 3569 793 3627 alteri
840 3577 974 3627 dicit
1007 3593 1022 3628 ε
1061 3577 1226 3636 Vade,

145 3656 200 3696 et
229 3660 426 3695 enarra
453 3646 679 3711 gloriam
707 3648 825 3707 Dei,
858 3664 967 3698 non
995 3657 1076 3698 est
1097 3664 1230 3698 con-

146 3720 384 3769 trarium
430 3720 508 3770 illi
546 3721 669 3782 hoc,
699 3721 791 3772 sed
820 3732 872 3773 et
899 3721 1054 3774 valde
1095 3738 1230 3772 con-

143 3792 401 3843 veniens.
434 3794 622 3844 Erudit
649 3796 795 3846 enim
824 3795 1076 3860 nosipsos
1101 3796 1230 3862 qui-

147 3863 304 3920 dem,
332 3863 400 3913 de
429 3864 723 3931 nobisipsis
752 3865 889 3917 nihil
922 3867 1115 3927 dicere,
1137 3870 1230 3919 sed

150 3945 205 3985 et
241 3950 341 3985 eos
369 3936 466 4001 qui
494 3938 687 3989 volunt
722 3953 840 4000 nos,
880 3950 1099 4007 propter
1131 3955 1231 3991 nos

2281 304 2388 363 4¹³9

1328 424 1560 483 laudare,
1610 420 1932 489 prohibere;
1990 417 2037 469 si
2099 426 2280 468 autem
2333 415 2400 464 ad

1328 495 1425 546 Dei
1479 494 1705 562 gloriam
1759 491 2003 548 refertur,
2065 503 2174 537 non
2221 487 2399 537 solum

1330 582 1440 616 non
1491 563 1810 630 prohibes-42,
1859 559 1950 611 sed
2013 567 2066 609 et
2120 557 2399 622 injungere

1329 638 1433 687 hoc
1475 637 1664 687 facere.
1710 634 1783 684 Ut
1825 631 1969 682 enim
2008 643 2168 695 supra
2195 627 2399 677 dictum

1327 717 1427 771 est,
1466 706 1645 757 solum
1692 702 1944 770 prohibet
1983 698 2249 750 Dominus
2293 712 2399 762 pu-

1329 778 1513 829 blicari
1545 774 1799 827 beneficia
1833 773 1896 823 ad
1941 769 2154 822 laudem
2202 767 2399 817 huma-

1329 866 1474 908 nam,
1508 849 1600 900 sed
1644 862 1755 897 non
1801 842 2050 911 prohibet
2098 839 2212 889 haec
2236 852 2400 887 enar-

1328 920 1432 972 rari
1451 921 1517 971 ad
1537 920 1634 970 Dei
1656 916 1900 985 gloriam.
1926 934 1953 961 a>
1982 911 2084 963 Ubi
2112 908 2397 960 sciendum

1326 993 1474 1058 quod
1503 997 1825 1057 praeceptum
1848 987 2021 1043 datur,
2045 982 2129 1033 vel
2159 980 2225 1030 ad
2244 993 2401 1029 exse-

1327 1062 1623 1131 quendum,
1668 1061 1752 1110 vel
1794 1057 1859 1109 ad
1910 1053 2268 1122 probandum,
2316 1047 2401 1099 vel

1326 1134 1393 1184 ad
1445 1131 1841 1183 instruendum.
1903 1125 2147 1178 Primum
2198 1119 2401 1185 obligat

1326 1206 1392 1256 ad
1422 1205 1704 1256 sciendum
1744 1217 1857 1252 rem
1895 1196 2171 1265 praecepti3
2204 1209 2401 1246 secun-

1327 1279 1491 1339 dum,
1555 1277 1621 1325 ad
1677 1271 2013 1340 sequendum
2073 1265 2403 1318 voluntatem

1327 1367 1423 1403 seu
1468 1348 1822 1400 intentionem
1855 1339 2240 1410 praecipientis3
2289 1347 2400 1387 ter-

1328 1424 1487 1487 tium,
1512 1423 1577 1472 ad
1596 1419 1912 1470 discendum
1942 1413 2145 1480 aliquid
2169 1428 2234 1462 ex
2259 1424 2401 1476 prae-

1328 1504 1503 1560 cept0.
1540 1491 1613 1543 Et
1642 1492 1746 1542 hoc
1789 1487 1947 1539 tertio
1981 1485 2144 1535 modo
2180 1480 2402 1533 commi-

1330 1573 1491 1616 natus
1546 1570 1628 1615 est
1675 1563 1755 1613 eis
1814 1573 1878 1611 ne
1930 1555 2097 1608 alicui
2145 1554 2399 1604 dicerent.

1332 1636 1485 1688 Unde
1533 1650 1643 1703 non
1691 1632 1795 1683 fuit
1854 1628 2080 1693 simplex
2147 1621 2403 1674 inhibitio

1331 1707 1572 1772 dicendi;
1605 1708 1697 1758 sed
1733 1704 1915 1771 potius
1942 1700 2163 1751 moralis
2192 1697 2402 1747 instru-

1331 1781 1457 1840 ctio,
1489 1789 1549 1830 ut
1576 1777 1822 1842 exemplo
1858 1774 1964 1833 sui,
1995 1771 2137 1820 bona
2168 1783 2289 1834 quae
2319 1766 2404 1816 fa-

1332 1852 1483 1902 ciunt
1541 1849 1793 1900 homines
1851 1844 2020 1895 velint
2065 1842 2244 1898 latere,
2311 1838 2404 1888 sed

1332 1934 1512 1974 tamen
1554 1931 1616 1972 ut
1653 1919 1864 1987 prosint
1910 1914 2031 1965 aliis
2068 1912 2294 1978 prodant
2322 1909 2406 1959 in-

1332 1996 1458 2059 viti;
1508 2005 1561 2046 et
1610 1993 1731 2044 ideo
1780 1989 1870 2042 isti
1921 2004 2028 2038 non
2061 1994 2187 2036 sunt
2227 1993 2407 2034 trans-

1331 2066 1525 2132 gressi,
1578 2065 1708 2132 quia
1753 2077 1861 2111 non
1910 2058 2153 2109 fecerunt
2219 2063 2405 2104 contra

1334 2137 1692 2189 intentionem
1771 2127 2147 2198 praecipientis.
2248 2123 2407 2175 Unde

1331 2211 1476 2260 Deus
1506 2206 1661 2273 jussit
1696 2202 1874 2262 taceri,
1914 2217 2023 2251 non
2063 2193 2401 2261 simpliciter,

1333 2282 1425 2333 sed
1456 2289 1671 2346 propter
1702 2275 1949 2343 gloriam,
1979 2270 2073 2323 sed
2102 2267 2261 2318 taceri
2294 2282 2403 2315 non

1322 2355 1529 2421 -potuit,
1569 2368 1758 2404 verum
1811 2358 1910 2407 est,
1954 2344 2156 2396 utiliter
2191 2350 2406 2407 propter

1333 2427 1565 2477 aliorum
1612 2423 1860 2474 salutem.
1911 2419 2047 2468 Nam
2096 2428 2202 2463 non
2249 2426 2405 2477 posse

1334 2497 1539 2549 utiliter
1575 2495 1710 2557 fieri,
1740 2492 1937 2543 dicitur
1977 2484 2272 2538 secundum
2319 2485 2407 2548 jus

1334 2587 1446 2621 non
1474 2584 1629 2636 posse
1656 2565 1792 2617 fieri.
1814 2565 1892 2614 De
1921 2562 2024 2611 hoc
2046 2557 2209 2609 etiam
2238 2555 2407 2606 habes

1334 2661 1496 2711 supra
1518 2645 1585 2694 de
1613 2639 1881 2692 curatione
1909 2632 2124 2701 leprosi.

1401 2715 1427 2766 3
1467 2716 1610 2775 Qum
1639 2723 1961 2762 Arnaoomcs
1983 2721 2050 2755 ετ
2073 2714 2407 2754 semu-uam-

1335 2803 1441 2838 ran
1475 2801 1576 2835 ren
1606 2799 1707 2833 uos
1730 2795 1901 2831 eze-‚cos
1927 2773 2262 2827 nastoxssrun
2290 2770 2308 2820 ἰ
2344 2797 2405 2807 -

1336 2854 1651 2922 Allegorice,
1699 2862 1925 2917 uterque
1965 2845 2196 2912 populus
2236 2855 2407 2892 caecus

1337 2940 1389 2982 et
1433 2930 1552 2980 sine
1591 2926 1793 2979 lumine
1829 2921 2066 2974 veritatis
2111 2926 2242 2977 erat,
2289 2916 2406 2965 Do-

1337 3004 1487 3053 mino
1524 3016 1618 3067 per
1649 2999 1751 3049 hoc
1785 2995 2025 3047 seculum
2067 2995 2373 3064 transeunte
2388 2990 2436 3046 ;⁸

1337 3082 1390 3123 et
1425 3070 1531 3121 nisi
1562 3079 1787 3135 uterque
1810 3066 1865 3116 in
1895 3064 2139 3117 domum,
2167 3057 2221 3106 id
2248 3063 2328 3105 est
2352 3054 2408 3103 in

1337 3152 1575 3193 sanctam
1616 3137 1908 3191 Ecclesiam
1936 3131 2132 3189 veniat,
2163 3136 2215 3178 et
2243 3124 2405 3176 verbo

1334 3213 1432 3264 Dei
1459 3214 1654 3273 credat,
1682 3212 1867 3261 lumen
1912 3221 2021 3255 non
2052 3209 2287 3251 meretur
2318 3210 2405 3245 re·-

1333 3284 1530 3350 cipere.
1579 3285 1642 3334 In
1694 3281 1808 3347 ipsa
1863 3277 2011 3329 enim
2048 3269 2303 3328 Ecclesia,
2347 3266 2406 3317 in

1334 3372 1498 3423 quam
1545 3353 1695 3405 venit
1732 3350 1986 3404 Christus
2034 3359 2128 3411 per
2168 3354 2405 3395 carnem,

1334 3425 1715 3478 illuminantur
1739 3422 1859 3473 caeci
1889 3434 1982 3486 per
2010 3416 2172 3467 fidem
2196 3409 2403 3464 Christi

1334 3496 1617 3548 incarnati.
1647 3494 1801 3546 Unde
1833 3486 2122 3553 Remigius
2149 3501 2166 3536 ε
2201 3501 2230 3529 α
2254 3481 2405 3531 Alle-

1335 3570 1513 3637 gorice
1552 3579 1731 3620 autem
1775 3581 1868 3632 per
1909 3564 2010 3613 hos
2053 3560 2189 3609 duos
2219 3567 2405 3610 caecos,

1333 3645 1444 3694 duo
1474 3642 1658 3708 populi
1688 3639 2055 3703 designantur,
2100 3630 2154 3679 id
2190 3636 2268 3677 est
2308 3625 2408 3675 Ju-

1333 3716 1521 3767 daicus
1548 3726 1601 3767 et
1641 3712 1892 3766 Gentilis.
1930 3710 2009 3759 De
2037 3715 2268 3767 utroque
2306 3712 2410 3747 au-

1336 3802 1446 3842 tem
1482 3790 1683 3856 populo
1719 3788 1775 3838 in
1803 3801 1861 3836 se
1899 3782 2171 3834 credentes
2197 3772 2408 3825 illumi-

1338 3863 1485 3915 navit
1505 3862 1562 3912 in
1582 3862 1764 3923 domo,
1787 3874 1880 3927 per
1901 3870 2064 3923 quam
2089 3844 2413 3912 intelligitur

1341 3937 1592 3997 Ecclesia,
1621 3938 1750 4009 quia
1775 3940 1981 4004 absque
2000 3934 2208 3987 unitate
2235 3934 2411 3987 Eccle-
