2757 4413
325 328 434 381 620

325 444 592 497 velabitur·
630 445 686 495 in
727 445 898 495 nobis.
924 473 985 483 -
1014 445 1239 510 Insuper
1264 459 1393 493 mo-

328 518 525 577 raliter,
576 518 818 583 quinque
870 531 1035 583 panes
1089 515 1392 583 significant

326 588 570 654 quinque
611 604 730 654 quae
778 587 1047 638 Dominus
1091 588 1179 637 dat
1230 586 1391 637 nobis

325 660 392 710 ad
442 659 775 724 spiritualem
832 658 1076 725 quinque
1131 674 1389 709 sensuum

323 732 680 783 refectionem.
722 732 905 782 Primo
946 733 1038 783 dat
1082 732 1389 798 praesentia;

324 818 435 869 quo
462 819 599 868 pane
624 803 862 853 reficitur
888 803 1058 864 visus,
1087 804 1217 854 dum
1241 803 1392 854 videt

324 873 508 922 omnia
551 873 856 924 transitoria
903 889 1018 924 esse
1073 884 1125 924 et
1177 874 1389 924 caduca.

327 945 605 994 Secundus
670 945 827 1010 panis
871 961 1033 1011 quem
1094 946 1211 1006 dat,
1266 955 1394 995 sunt

328 1018 624 1084 praeterita3
654 1034 764 1084 quo
792 1035 928 1084 pane
958 1019 1193 1070 reficitur
1231 1019 1391 1069 audi-

330 1100 445 1150 ωε,
500 1092 717 1156 quando
786 1092 934 1142 audit
998 1094 1144 1157 quod
1208 1090 1394 1142 omnia

329 1171 606 1211 transeunt
622 1164 767 1212 velut
784 1163 994 1223 umbra,
1022 1173 1077 1213 et
1094 1162 1215 1213 ideo
1244 1178 1397 1228 sper·

327 1232 410 1282 nit
436 1249 512 1284 ea.
544 1235 729 1285 Tertio
756 1236 846 1286 dat
875 1234 1081 1300 futura3
1108 1252 1219 1302 quo
1255 1251 1394 1302 pane

328 1303 564 1355 reficitur
610 1307 881 1368 odoratus,
935 1309 1148 1374 quando
1195 1307 1394 1373 cogitat

329 1386 559 1426 mortem
607 1376 865 1439 futuram,
914 1387 965 1429 et
1002 1377 1198 1429 inferni
1243 1378 1393 1443 peri-

329 1446 465 1506 cula,
496 1457 548 1496 et
565 1447 684 1498 ideo
712 1464 770 1498 se
798 1447 1107 1514 comprimit
1140 1449 1396 1514 operibus

327 1517 602 1569 virtuosis,
666 1521 871 1580 Quarto
940 1519 1033 1570 dat
1098 1520 1396 1586 spiritualia

330 1599 547 1652 aeterna‚
574 1590 776 1642 scilicet
821 1593 962 1642 bona
990 1592 1251 1655 coelestia3
1284 1606 1395 1657 quo

329 1676 467 1724 pane
512 1662 734 1712 satiatur
768 1674 975 1729 gustuS,
1019 1665 1232 1731 quando
1268 1679 1397 1729 pro-

333 1742 452 1795 pter
501 1748 740 1783 amorem
796 1750 982 1785 eorum
1030 1735 1213 1785 omnia
1258 1750 1398 1784 con·-

330 1812 664 1852 temnuntur.
695 1804 900 1864 Quinto
919 1807 1009 1856 dat
1027 1806 1260 1871 flagella3
1285 1820 1396 1872 quo

333 1888 467 1938 pane
520 1874 743 1924 satiatur
788 1886 977 1937 tactus,
1026 1877 1243 1942 quando
1303 1891 1398 1942 per

333 1942 540 2007 flagella
600 1955 845 1995 movetur
918 1948 984 1997 ad
1048 1947 1395 1997 dilectionem

333 2013 430 2063 Dei
471 2024 523 2064 et
561 2026 926 2082 contemptum
962 2018 1172 2069 mundi.
1214 2019 1281 2068 Et
1306 2018 1397 2084 pi-

333 2100 451 2135 sces
472 2089 770 2137 secundum
802 2088 966 2139 istum
986 2090 1210 2140 modum
1236 2089 1398 2154 signi-

335 2155 493 2208 ficant
537 2160 915 2226 cognitionem,
960 2178 1082 2229 quae
1125 2162 1399 2214 illuminat

336 2230 686 2294 intellectum,
715 2244 767 2284 et
793 2235 1152 2296 dilectionem,
1172 2250 1294 2302 quae
1318 2235 1399 2285 in·

333 2300 576 2352 flammat
618 2303 881 2356 affectum,
943 2306 1195 2372 Cognitio
1244 2306 1394 2356 enim

335 2375 509 2426 tribus
568 2378 759 2442 primis
816 2379 905 2429 dat
946 2395 1222 2446 saporem,
1270 2379 1398 2446 quia

333 2449 575 2514 cognitio
612 2452 895 2516 praesentia
923 2451 1196 2518 intelligit,
1222 2453 1401 2503 futura

335 2520 589 2584 praevidet
646 2532 698 2571 et
755 2522 1016 2587 praeterita
1076 2521 1397 2573 recordatur.

337 2590 561 2639 Dilectio
613 2591 862 2642 similiter
920 2593 1129 2642 duabus
1190 2591 1399 2642 ultimis

335 2660 428 2709 dat
476 2675 742 2726 saporem,
786 2663 913 2729 quia
964 2663 1196 2728 diligens
1223 2664 1396 2713 Deum

339 2744 448 2794 prae
494 2746 691 2794 amore,
732 2743 784 2783 et
813 2733 1184 2799 degustatione
1236 2737 1397 2785 coele-

335 2803 522 2863 stium,
554 2816 607 2855 et
643 2806 700 2856 in
726 2806 949 2874 flagellis
991 2808 1214 2858 Domini
1244 2808 1396 2859 dele·-

341 2883 531 2924 ctatur.

410 2960 470 2993 12
499 2947 766 2998 Cmusrus
804 2964 966 2999 Fut-‚rr
988 2965 1204 2999 runaut
1243 2966 1398 3002 ιΡευκ

339 3029 513 3064 κει-,ει
534 3032 732 3067 FACERE:
754 3034 1048 3071 νοιεπτεκ.
1079 3050 1142 3059 -
1169 3022 1283 3071 Hoc
1310 3037 1399 3073 au·

339 3095 450 3135 tem
475 3085 614 3137 facto·
641 3091 919 3152 miraculo,
947 3093 1129 3142 statim
1178 3107 1400 3160 compu-

341 3155 407 3206 lit
428 3158 692 3209 Dominus
712 3160 1002 3228 discipulos
1030 3165 1317 3215 ascendere
1343 3165 1397 3215 in

338 3229 658 3292 naviculam,
689 3237 741 3280 et
758 3234 1070 3298 praecedere
1097 3242 1252 3285 trans
1267 3236 1399 3301 sre-

337 3302 451 3346 tum
478 3299 543 3348 ad
583 3301 943 3363 Bethsaidam,
985 3304 1252 3355 civitatem
1278 3306 1400 3356 An-

338 3369 479 3421 dreae
515 3383 566 3421 et
607 3373 748 3423 Petri
789 3385 841 3424 et
890 3376 1126 3442 Philippi
1161 3379 1397 3443 Aposto-

336 3442 535 3503 lorum,
583 3455 644 3494 ut
678 3445 746 3494 ab
777 3445 873 3495 illo
918 3447 1038 3496 loco
1072 3449 1395 3508 recederent,

338 3513 503 3564 donec
547 3516 731 3565 turbas
753 3516 1055 3581 dimitteret,
1083 3519 1185 3568 sub
1225 3518 1400 3568 forma

335 3586 562 3651 alicujus
591 3588 981 3639 benedictionis
1008 3600 1061 3640 et
1080 3590 1400 3641 valedictio-

337 3657 452 3721 nis3
512 3659 722 3709 volebat
763 3659 912 3709 enim
966 3675 1207 3727 separare
1260 3677 1319 3712 se
1367 3678 1399 3712 a

339 3727 538 3786 turbis,
595 3729 723 3795 quia
778 3731 938 3781 scivit
982 3732 1124 3797 quod
1186 3733 1398 3783 venturi

337 3802 509 3857 erant,
563 3805 619 3847 ut
646 3799 899 3863 sacer-ent
944 3814 1062 3851 eum
1096 3815 1298 3866 regem,
1344 3812 1398 3851 et

335 3862 457 3914 ideo
493 3882 551 3917 se
591 3884 622 3918 a
656 3869 953 3936 discipulis,
998 3870 1134 3921 inter
1178 3885 1315 3935 quos
1367 3886 1400 3921 a

337 3939 513 3990 turbis
553 3944 916 4008 quaerebatur,
961 3944 1238 4010 separavit.
1283 3943 1397 3995 Co-

901 328 1141 379 PRIMA-3
1175 326 1433 378 PARTIS
1458 326 1695 381 CAPUT
1724 330 1932 383 LXVII.

1497 442 1606 508 egit
1642 458 1755 505 eos,
1786 447 1914 513 quia
1938 463 2045 497 non
2084 447 2309 498 libenter
2347 449 2592 501 recede·

1497 516 1625 565 bant
1646 517 1847 584 absque
1874 520 2129 586 Magistro
2170 536 2288 581 su0‚
2319 521 2446 586 ejus
2477 531 2593 572 so-

1496 587 1681 639 cietate
1710 600 1762 640 et
1802 591 2044 642 doctrina
2089 592 2351 643 delectati.
2407 593 2597 644 Unde

1497 659 1917 728 Clu-ysostomus
1931 681 1950 713 .-
1976 684 1999 709 a
2027 664 2167 714 Cum
2186 673 2370 713 autem
2390 664 2559 715 dicat
2572 682 2593 715 z

1496 730 1763 796 compulit,
1789 735 2013 783 multam
2052 734 2454 801 discipulorum
2492 736 2598 786 in·

1496 803 1743 854 stantiam
1789 807 2044 866 ostendit,
2086 807 2214 873 quia
2242 822 2353 857 non
2382 809 2463 858 de
2497 808 2599 859 fa-

1496 875 1585 925 cili
1615 876 1683 926 ab
1705 892 1769 927 eo
1809 889 2054 944 poterant
2082 880 2350 946 separari3
2381 890 2441 930 et
2473 881 2600 932 hoc

1498 947 1719 1013 quidem
1750 959 1868 999 tum
1906 961 2127 1016 propter
2165 950 2403 1001 nimium
2456 952 2602 1003 affe·

1496 1028 1662 1082 ctum,
1719 1036 1881 1085 quem
1943 1022 2011 1071 ad
2080 1037 2207 1073 eum
2259 1022 2599 1084 habebant,

1496 1099 1612 1139 tum
1660 1090 1789 1155 quia
1834 1091 2280 1152 sollicitabuntur,
2335 1093 2603 1159 qualiter

1495 1159 1560 1209 ad
1596 1175 1689 1209 eos
1729 1161 1951 1212 veniret.
1994 1181 2022 1209 »
2055 1162 2120 1212 Et
2148 1163 2554 1228 Hieronymus
2576 1179 2601 1215 ,⁰

1499 1249 1521 1275 α
1554 1229 1674 1289 Quo
1709 1246 1958 1282 sermone
2008 1233 2307 1283 ostenditur
2360 1233 2599 1285 invitos

1497 1316 1587 1350 eos
1610 1317 1638 1350 a
1659 1301 1892 1353 Domino
1909 1303 2206 1362 recessisse,
2226 1304 2361 1354 dum
2384 1319 2602 1358 amore

1502 1372 1876 1437 Praeceptoris,
1938 1390 2034 1424 nec
2086 1386 2283 1440 puncto
2342 1376 2599 1442 quidem

1497 1444 1756 1509 temporis
1816 1446 1885 1496 ab
1954 1462 2020 1497 eo
2072 1449 2261 1498 volunt
2308 1449 2598 1514 separari.

1498 1516 1663 1566 Recte
1698 1526 1877 1566 autem
1915 1517 2069 1582 quasi
2112 1517 2263 1568 inviti
2305 1528 2360 1568 et
2393 1530 2601 1570 retra-

1498 1597 1696 1639 ctantes
1722 1590 1968 1654 Apostoli
1996 1605 2026 1639 a
2052 1591 2285 1641 Domino
2321 1606 2601 1644 recesse-

1499 1670 1632 1719 rant,
1659 1675 1744 1718 ne,
1767 1660 1861 1710 illo
1889 1661 2134 1720 abeunte,
2156 1661 2433 1727 naufragia
2465 1677 2603 1715 sus-

1497 1731 1741 1781 tinerent.
1783 1750 1813 1779 n
1849 1731 1921 1781 Et
1971 1732 2099 1798 quia
2151 1717 2406 1783 Clitistus
2464 1746 2599 1786 erat

1502 1801 1801 1865 promissus
1850 1817 1942 1852 rex
1993 1801 2226 1864 futurus,
2263 1804 2385 1854 ideo
2424 1817 2601 1869 post-

1500 1889 1665 1940 quam
1697 1873 1929 1925 confessi
1953 1885 2082 1926 sunt
2108 1891 2230 1926 eum
2262 1876 2596 1939 Christum.

1499 1946 1783 1996 voluerunt
1825 1957 2205 2013 consequenter
2260 1946 2449 2012 ipsum
2515 1948 2602 2001 fa-

1500 2032 1615 2067 cere
1683 2033 1883 2083 regem.
1948 2018 2371 2069 Considerabant
2420 2021 2599 2073 euin

1500 2090 1644 2156 quod
1683 2090 1798 2157 ipse
1842 2090 1936 2157 qui
1974 2107 2068 2141 eos
2108 2091 2337 2150 satiavit,
2385 2104 2598 2157 posset

1501 2175 1688 2211 eorum
1727 2160 2133 2212 necessitatibus
2168 2161 2490 2224 subvenire,
2534 2174 2597 2216 et

1501 2233 1605 2283 sub
1663 2233 1756 2283 tali
1819 2248 1942 2299 rege
1980 2232 2261 2284 videbatur
2313 2233 2394 2283 eis
2461 2251 2597 2287 non

1500 2318 1659 2369 posse
1708 2318 1877 2369 egere.
1946 2304 2269 2353 Putaverunt
2337 2302 2596 2358 forsitan

1503 2373 1659 2423 illum
1700 2374 1777 2434 sic
1801 2373 2026 2436 venisse,
2072 2382 2132 2424 ut
2165 2374 2272 2439 jam
2296 2385 2595 2439 regnaret;

1504 2454 1556 2494 et
1582 2444 1832 2494 volebant
1864 2444 2157 2510 praevenire
2192 2454 2408 2510 tempus
2435 2445 2594 2510 ejus,

1503 2518 1649 2583 quod
1677 2518 1792 2582 ipse
1831 2519 1971 2583 apud
2016 2535 2075 2569 se
2103 2534 2274 2585 usque
2312 2518 2370 2567 in
2405 2517 2597 2572 finem

1504 2587 1667 2639 seculi
1726 2589 2045 2639 occultabat.
2090 2589 2196 2640 Ubi
2246 2588 2322 2639 ait
2373 2590 2551 2642 Beda
2578 2610 2599 2643 ε

1505 2677 1533 2704 α
1578 2658 1808 2717 Turbae,
1866 2659 1984 2709 viso
2057 2670 2207 2710 tanto
2282 2659 2595 2726 miraculo,

1503 2730 1879 2780 intellexerunt
1956 2731 2108 2795 pium
2175 2740 2333 2796 atque
2394 2741 2600 2795 poten-

1505 2811 1645 2863 tem;
1706 2810 1755 2851 et
1820 2800 2023 2851 idcirco
2091 2800 2382 2851 voluerunt
2446 2816 2594 2854 eum

1500 2871 1671 2923 facere
1733 2886 1913 2937 regem
1944 2909 1957 2930 ,
2007 2881 2061 2921 et
2111 2870 2364 2921 homines
2429 2886 2599 2924 nam-

1503 2962 1610 3013 que
1633 2946 1825 2997 volunt
1850 2946 2045 2996 habere
2092 2960 2272 3011 regem
2307 2945 2469 3011 pium
2520 2950 2596 3000 ad

1503 3020 1816 3086 regendum,
1869 3029 1921 3069 et
1967 3029 2235 3084 potentem
2292 3019 2360 3068 ad
2412 3028 2596 3071 men..

1502 3091 1653 3140 dum.
1700 3109 1726 3136 n
1780 3089 1934 3141 Unde
1989 3099 2044 3139 et
2102 3090 2542 3158 Chrysostomus
2572 3110 2594 3143 .·

1505 3179 1533 3207 α
1564 3161 1728 3210 Novit
1752 3161 1901 3211 enim
1922 3176 2032 3221 eos,
2058 3161 2186 3226 quia
2210 3171 2321 3210 tam
2347 3159 2597 3215 faciliter

1506 3232 1693 3282 multis
1718 3231 2037 3297 procuravit,
2066 3241 2118 3281 et
2157 3230 2278 3281 ideo
2307 3233 2413 3281 sub
2451 3233 2591 3299 ipso

1503 3303 1731 3354 otiosam
1760 3312 1813 3353 et
1852 3303 2141 3353 resolutam
2174 3312 2226 3352 et
2251 3302 2589 3368 gastrimar-

1503 3374 1750 3440 ginosam
1810 3373 2065 3439 putabant
2128 3374 2319 3422 ducere
2366 3372 2549 3424 vitam
2573 3414 2590 3433 ,

1503 3442 1596 3510 qui
1630 3443 1885 3500 omnibus
1930 3444 2287 3502 abundarent,
2331 3452 2388 3492 et
2430 3443 2592 3496 nihil

1503 3516 1748 3566 laborum
1774 3516 1858 3566 vel
1889 3515 2257 3580 impensarum
2285 3514 2592 3579 impendo-

1504 3597 1655 3649 rent;
1719 3596 1773 3636 et
1836 3584 1959 3635 ideo
2016 3595 2320 3650 corruptam
2380 3600 2591 3638 eorum

1504 3657 1654 3706 novit
1703 3671 1819 3707 esse
1889 3656 2277 3714 intentionem,
2349 3667 2405 3705 et
2464 3672 2589 3709 non

1502 3729 1834 3780 consentiens
1898 3730 2143 3779 resolutae
2213 3727 2477 3779 otiositati
2529 3741 2590 3783 et

1502 3801 1793 3867 gulositati,
1801 3800 1965 3868 fugit
1990 3802 2058 3851 ab
2080 3802 2160 3851 eis
2186 3819 2205 3851 .-
2226 3801 2355 3865 quia
2383 3816 2589 3867 quarn-

1500 3875 1583 3925 vis
1611 3875 1815 3925 bonum
1863 3876 2077 3932 vellent,
2118 3890 2229 3924 non
2256 3883 2440 3924 tamen
2472 3875 2586 3927 be-

1504 3960 1572 3995 ne
1623 3945 1925 3996 voluerunt.
1958 3963 1987 3991 »
2021 3944 2176 3995 Unde
2226 3944 2389 3995 etiam
2440 3947 2581 3996 Au-
