2757 4413
321 315 422 384 590

388 446 405 478 1
425 446 442 478 1
478 429 766 478 PARABOLA
783 445 849 478 DE
870 445 1166 489 FERMENTO,
1194 446 1248 479 m
1270 444 1375 487 QUA

318 514 662 548 pascnan-ua
713 514 910 548 surus
966 500 1233 550 Eccmzsur:
1285 515 1375 548 st:-

315 585 484 626 QuENs
526 585 924 619 ExALTArxonmr
954 570 1287 621 Sancroauu.
1313 599 1373 607 —

322 641 380 689 In
409 650 596 704 quarta
626 640 891 705 parabola,
914 656 1035 707 quae
1064 651 1145 691 est
1171 642 1239 691 de
1266 641 1374 691 fer-

316 724 514 773 ment0,
559 714 876 764 describitur
913 725 1079 765 status
1126 716 1372 766 Ecclesiae

315 798 547 848 sequens
576 785 948 835 exaltationem
998 787 1371 852 praedictorum

313 857 661 920 Sanctorum,
721 858 847 924 quia
899 875 992 924 per
1035 859 1370 925 diligentiam

313 943 499 976 eorum
534 929 598 978 ad
639 930 1049 994 praedicandum,
1103 931 1207 995 jam
1241 931 1373 981 fides

312 999 514 1064 ubique
555 1010 635 1050 est
679 1000 963 1067 divulgata.
1000 1004 1058 1052 In
1108 1002 1204 1052 hac
1244 1018 1370 1068 ergo

310 1072 558 1134 parabola
585 1083 852 1137 comparat
869 1087 1094 1138 regnum
1119 1075 1370 1124 coelorum

301 1142 572 1205 fermento
591 1182 606 1204 ‚
665 1144 805 1209 quod
849 1150 1117 1209 acceptum
1182 1144 1371 1194 mulier

314 1213 592 1262 abscondit
640 1215 693 1263 in
746 1215 917 1264 tribus
956 1216 1166 1281 farinoe
1214 1215 1367 1265 satis,

314 1283 406 1331 Est
427 1293 604 1332 autem
635 1294 807 1334 satum
844 1300 1093 1335 mensura
1122 1285 1175 1334 in
1196 1285 1369 1334 Palae-

311 1352 452 1402 stina
480 1355 692 1419 capiens
737 1372 903 1404 unum
935 1356 1176 1406 modium
1199 1366 1251 1405 et
1280 1355 1369 1404 di-

310 1423 559 1475 midium.
592 1426 835 1491 Regnum
866 1427 1120 1477 coelorum
1155 1437 1234 1477 est
1265 1429 1367 1477 Ec-

311 1495 470 1544 clesia
522 1496 778 1557 militans,
830 1498 884 1546 in
932 1513 1038 1563 qua
1078 1499 1222 1547 Deus
1277 1514 1370 1564 per

307 1564 466 1616 fidem
483 1579 683 1633 regnat,
703 1570 784 1619 vel
812 1570 1055 1619 doctrina
1077 1569 1219 1629 fidei,
1246 1585 1367 1635 quae

317 1652 542 1703 regnum
569 1642 824 1690 coelorum
853 1641 1133 1705 praedicat3
1173 1641 1369 1690 mulier

309 1719 489 1757 autem
522 1710 618 1758 Dei
649 1711 926 1776 sapientia,
970 1713 1053 1761 vel
1091 1712 1368 1775 diligentia

310 1779 623 1829 Sanctorum
659 1782 724 1830 ad
754 1782 1144 1846 praedicandum
1165 1799 1366 1850 usque-

307 1863 521 1913 quaque
550 1850 709 1899 iidem
743 1852 1075 1902 catholicam.
1096 1853 1223 1903 Tria
1240 1870 1365 1904 vero

305 1929 417 1968 sata
447 1918 652 1979 farinae,
674 1931 799 1971 sunt
825 1931 930 1971 tres
960 1934 1132 1984 partes
1156 1925 1363 1986 mundi,

306 1990 504 2040 scilicet
548 2009 560 2040 :
611 1993 756 2051 Asia,
803 1992 981 2043 Africa
1031 2005 1083 2044 et
1133 1995 1361 2062 Europa,

304 2062 386 2110 vel
435 2072 540 2112 tres
589 2063 805 2128 linguae,
848 2064 1047 2116 scilicet
1079 2083 1096 2116 .·
1125 2068 1362 2128 Hebraea,

305 2133 487 2184 Graeca
504 2145 555 2185 et
575 2135 780 2188 Latina.
809 2137 1143 2189 Fermentum
1166 2152 1362 2202 autem,

306 2211 430 2260 licet
462 2211 520 2259 in
553 2211 828 2277 Scriptura
857 2212 1194 2280 frequentius
1221 2216 1363 2265 acci-

306 2284 482 2350 piatur
522 2284 578 2333 in
632 2286 790 2345 ma10,
840 2302 903 2336 eo
947 2288 1090 2352 quod
1137 2299 1216 2338 est
1244 2304 1364 2338 cor-

304 2356 576 2421 ruptivum
603 2395 616 2416 ,
674 2366 853 2406 tamen
912 2358 1039 2424 quia
1088 2359 1233 2409 aliud
1284 2370 1363 2409 est

302 2424 624 2477 fermentum
683 2428 914 2487 zizaniae,
963 2441 1014 2479 et
1062 2430 1205 2480 aliud
1257 2430 1362 2480 fer-

303 2508 548 2547 mentum
602 2499 761 2548 tritici
785 2538 799 2562 ,
858 2500 947 2549 hic
995 2501 1250 2565 accipitur
1307 2501 1361 2551 in

304 2567 447 2617 bono
490 2579 728 2633 tantum3
773 2580 824 2620 et
866 2580 1082 2636 propter
1108 2571 1361 2622 virtutem

298 2639 574 2699 alterandi,
611 2641 876 2706 significat
902 2644 1138 2692 verbum
1188 2644 1361 2693 Evan-

299 2708 547 2772 gelicum,
570 2713 715 2777 quod
738 2713 801 2762 ad
835 2713 996 2762 fidem
1030 2723 1360 2764 transmuta-

296 2779 375 2828 vit
430 2797 682 2847 magnam
748 2794 948 2850 partem
1017 2785 1242 2849 mundi,
1308 2797 1359 2836 et

297 2849 471 2901 adhuc
494 2855 728 2919 amplius
755 2856 1134 2906 transmutabit
1161 2857 1355 2922 ipsum.

300 2920 450 2970 Unde
482 2923 539 2972 in
569 2924 754 2989 figura,
795 2926 851 2974 in
887 2927 1211 2991 Pentecoste,
1237 2944 1357 2994 quae

296 2994 594 3045 celebratur
624 3013 653 3046 a
675 2998 874 3047 Judaeis
903 3011 1118 3065 propter
1149 3002 1356 3052 benefi-

300 3066 444 3115 cium
500 3068 659 3134 Legis
699 3070 852 3130 datae,
910 3073 1357 3140 quinquagesima

296 3140 384 3189 die
438 3141 506 3190 ab
542 3142 688 3191 exitu
735 3144 801 3193 de
827 3145 1078 3211 AEgypt0‚
1109 3163 1228 3212 quae
1255 3147 1357 3198 fuit

297 3212 571 3277 Evangelii
620 3212 789 3279 figura
836 3217 1191 3268 offerebantur
1247 3220 1355 3270 duo

296 3299 461 3348 panes
482 3285 548 3335 de
578 3286 755 3336 simila
789 3288 1118 3341 fermentata.
1151 3292 1355 3343 Mulier

296 3369 440 3421 erg0,
474 3356 527 3405 id
558 3367 637 3407 est
675 3358 771 3408 Dei
798 3360 1075 3424 sapientia,
1106 3364 1186 3414 vel
1216 3366 1354 3413 San-

296 3437 504 3475 ctorum
535 3428 831 3495 diligentia,
861 3434 1059 3498 accepit
1105 3434 1354 3498 sermen-

296 3503 419 3560 tum,
449 3500 592 3564 quod
615 3512 828 3567 propter
851 3504 1079 3553 calorem
1100 3505 1355 3555 intrinse-

290 3570 1353 3640 cumetinclusum,LegemEvangelicam

293 3653 412 3702 quae
442 3650 521 3690 est
542 3642 651 3692 Lex
679 3644 897 3704 amoriS‚
930 3655 981 3695 et
1012 3644 1272 3696 fervorem
1298 3649 1358 3698 fi-

295 3710 400 3763 dei.
433 3712 723 3778 significat;
757 3722 808 3766 et
834 3717 1112 3780 abscondit
1134 3733 1226 3768 seu
1249 3736 1350 3785 po-

291 3781 400 3831 suit
432 3783 484 3832 in
530 3786 699 3837 tribus
735 3788 948 3852 sarinoe
988 3789 1139 3852 satis,
1186 3791 1351 3843 donec

282 3853 709 3916 fermentaretur
739 3867 919 3911 totum.
947 3862 1060 3911 Hoc
1084 3862 1228 3912 enirn
1255 3864 1350 3914 fer-

287 3938 532 3980 mentum
590 3934 828 3999 positum
886 3934 988 3986 fuit
1040 3935 1096 3984 in
1175 3938 1348 3989 tribus

951 315 1189 364 PRlMAE
1225 276 1471 363 13ARTIS
1501 312 1736 364 CAPUT
1768 312 1949 364 Lxlv.

1482 426 1669 476 mundi
1699 426 1939 492 partibus
1974 443 2004 477 a
2039 437 2280 493 tempore
2307 429 2548 493 Aposto-

1481 498 1684 560 lorum;
1733 508 1784 547 et
1829 498 2061 563 amplius
2111 509 2342 564 ponetur
2372 499 2545 548 donec

1481 567 1828 619 fermentetur
1856 580 2047 629 totum,
2073 581 2126 619 et
2156 569 2549 634 multiplicetur

1481 638 1922 689 fides'Trinitatis
1946 656 2038 706 per
2057 650 2230 689 totum
2252 640 2543 701 mundum,

1480 711 1607 775 quia
1635 710 1761 760 inde
1782 720 1954 761 totum
1985 726 2118 778 pene
2143 712 2408 760 mundum
2437 711 2545 774 jam

1481 783 1859 834 fermentatum
1903 794 1956 834 et
1981 784 2307 834 vivificatum
2339 785 2395 833 in
2435 784 2544 833 Ec-

1478 855 1649 905 clesiae
1677 871 1870 921 corpus
1889 856 2114 906 crevisse
2136 855 2420 917 videmus;
2447 854 2549 904 sic·

1478 937 1538 975 ut
1621 927 1893 977 modicum
1964 926 2212 977 fermenti
2285 942 2545 991 magnam

1476 997 1659 1048 farinae
1703 1014 1930 1048 massam
1965 1009 2287 1049 transmutat
2333 998 2387 1047 in
2426 997 2544 1047 sui·

1479 1069 1650 1135 ipsius
1672 1070 1942 1130 virtutem,
1971 1086 2030 1120 ac
2072 1069 2302 1120 vivificat
2330 1079 2383 1119 et
2420 1085 2545 1119 cre-

1481 1156 1624 1191 scere
1648 1140 1789 1192 facit.
1816 1141 2121 1192 Secundum
2147 1142 2377 1204 Bedam,
2418 1157 2544 1190 mu-

1479 1213 1593 1276 lier,
1627 1214 1680 1262 id
1722 1224 1800 1263 est
1828 1215 2005 1264 anima
2042 1224 2239 1274 sancta,
2260 1213 2548 1263 abscondit

1479 1299 1571 1348 per
1625 1294 1817 1334 rectam
1874 1285 2230 1334 intentionem
2269 1299 2298 1332 a
2346 1284 2545 1333 mundi

1475 1355 1724 1404 laudibus
1767 1357 2080 1405 occultando
2100 1357 2445 1421 fermentum,
2488 1354 2546 1404 id

1475 1437 1554 1477 est
1578 1427 1918 1478 dilectionem
1940 1428 1993 1478 in
2027 1428 2198 1477 tribus
2229 1427 2366 1476 satis
2384 1427 2548 1491 fari—

1477 1517 1577 1565 noe,
1611 1501 1664 1550 id
1693 1511 1774 1551 est
1801 1501 1855 1550 in
1897 1501 2071 1550 tribus
2095 1501 2273 1550 modis
2301 1500 2547 1565 diligen-

1475 1574 1548 1634 di,
1579 1574 1777 1624 scilicet
1808 1591 1820 1623 ε
1849 1588 1923 1624 ex
1952 1580 2059 1624 toto
2095 1574 2271 1635 corde,
2317 1587 2391 1622 ex
2427 1579 2544 1623 tota

1474 1646 1654 1694 anima
1677 1684 1693 1708 ,
1755 1651 1806 1695 et
1861 1659 1936 1694 ex
1990 1650 2102 1695 tota
2153 1650 2320 1693 mente
2353 1661 2374 1707 ;
2433 1645 2540 1703 vel,

1473 1715 1528 1764 in
1607 1717 1780 1767 tribus
1844 1716 2035 1773 animae
2101 1716 2326 1773 viribus,
2383 1716 2541 1765 scili-

1473 1797 1556 1836 cet
1588 1804 1601 1836 z
1635 1787 1895 1846 rationali,
1936 1786 2363 1851 concupiscibili,
2424 1787 2541 1836 ira-

1472 1856 1680 1917 scibili,
1743 1857 1799 1905 in
1875 1856 2074 1923 quibus
2151 1856 2339 1906 caritas
2416 1856 2538 1906 sive

1470 1930 1709 1979 doctrina
1734 1929 2105 1987 absconditur,
2147 1929 2317 1978 donec
2363 1939 2538 1985 totam

1470 2011 1706 2051 mentem
1759 2001 1815 2050 in
1864 2000 1947 2050 sui
1977 2000 2348 2065 perfectionem
2378 2016 2539 2050 com-

1471 2084 1666 2137 mutet;
1696 2075 1840 2140 quod
1864 2075 2083 2139 quidem
2117 2073 2205 2123 hic
2232 2073 2536 2132 inchoatur,

1469 2145 1561 2194 sed
1594 2146 1646 2194 in
1680 2144 1857 2194 futuro
1891 2143 2175 2210 perficitur.
2222 2143 2538 2192 Secundum

1467 2220 1762 2281 Hilarium,
1785 2219 1957 2269 farina
1981 2230 2060 2269 est
2089 2220 2237 2284 plebs
2264 2234 2328 2267 ex
2352 2219 2540 2269 diver-—

1470 2291 1545 2341 sis
1570 2292 1811 2354 collecta;
1845 2291 1945 2341 tria
1993 2301 2121 2349 sata,
2149 2291 2342 2356 triplex
2366 2300 2541 2342 status

1469 2361 1729 2422 fidelium,
1760 2361 1960 2411 scilicet
1995 2361 2127 2419 Noe,
2160 2360 2369 2423 Daniel,
2411 2361 2536 2421 Job,

1466 2435 1551 2482 vel
1579 2434 1705 2499 quia
1733 2434 1799 2484 de
1827 2432 1999 2482 tribus
2018 2430 2145 2481 filiis
2170 2432 2284 2481 Noe
2313 2447 2538 2496 proces-

1466 2506 1538 2556 sit
1564 2516 1740 2555 totum
1769 2521 1935 2571 genus
1958 2505 2395 2564 humanum,‚cui
2434 2504 2536 2554 Dei

1469 2578 1731 2643 sapientia
1799 2575 1957 2626 fidem
2008 2586 2060 2626 et
2116 2576 2389 2626 caritatem
2410 2615 2424 2636 ,
2483 2587 2537 2626 et

1467 2666 1647 2700 sanam
1704 2650 2001 2699 doctrinam
2070 2649 2415 2698 commendat
2473 2649 2532 2699 in

1467 2720 1714 2785 praesenti
1740 2758 1754 2782 ,
1801 2721 1970 2769 donec
2005 2729 2179 2768 totum
2236 2718 2533 2769 fermente-

1461 2802 1567 2852 tur,
1619 2790 1672 2840 id
1703 2801 1782 2841 est
1829 2791 1996 2841 donec
2063 2791 2115 2840 in
2171 2788 2279 2838 fine
2317 2791 2531 2851 mundi,

1461 2864 1724 2928 completo
1754 2879 1979 2912 numero
2000 2864 2310 2923 electorum,
2343 2861 2531 2912 fideles

1460 2937 1525 2985 ad
1573 2935 1975 2985 resurrectionis
2044 2933 2270 3000 gloriam
2333 2950 2530 2999 perve-

1460 3008 1627 3066 niant,
1658 3018 1710 3057 et
1738 3017 1863 3057 tunc
1895 3006 2121 3072 perfecta
2156 3006 2399 3056 calefient
2438 3022 2531 3057 ca-

1461 3079 1649 3142 ritate;
1684 3079 1842 3127 modo
1872 3077 2018 3127 enim
2043 3086 2124 3126 est
2145 3076 2287 3141 ignis
2308 3092 2528 3142 parvm,

1461 3150 1552 3199 sed
1585 3159 1713 3198 tunc
1744 3149 1846 3198 erit
1873 3148 2134 3198 caminus

1530 3235 1589 3268 12
1620 3220 1898 3268 PARABOLA
1921 3235 2053 3275 Quin
2077 3235 2160 3268 s1r
2181 3234 2247 3267 m·
2272 3235 2340 3267 nr:
2374 3235 2526 3270 mono

1460 3305 1711 3339 Aumanm
1757 3290 2007 3339 Domuum
2029 3289 2046 3338 ἓ
2066 3318 2128 3326 -
2161 3290 2302 3339 Hoec
2327 3290 2529 3352 omnia,

1461 3364 1664 3414 scilicet
1694 3363 1945 3427 praedicta
1979 3373 2032 3412 et
2062 3363 2187 3412 talia
2216 3364 2411 3423 multa,
2443 3364 2531 3414 lo-

1460 3441 1614 3485 cutus
1637 3442 1717 3485 est
1735 3436 1896 3485 Jesus
1914 3436 1987 3484 ad
2014 3436 2198 3485 turbas
2218 3435 2269 3484 in
2293 3437 2535 3500 parabo-
2613 3461 2616 3466 ·

1462 3508 1530 3556 lis
1544 3525 1563 3569 ‚-
1594 3517 1646 3557 et
1672 3506 1794 3556 licet
1818 3506 1921 3556 alia
1951 3507 2122 3556 multa
2146 3506 2263 3555 sine
2291 3508 2533 3571 parabo-

1460 3578 1528 3628 lis
1551 3577 1747 3628 dixerit
1773 3578 1965 3636 turbis,
2009 3588 2137 3628 tunc
2172 3587 2354 3627 tamen
2382 3579 2530 3629 nihil

1460 3652 1576 3700 sine
1614 3650 1885 3715 parabolis
1930 3651 2065 3700 dixit
2097 3651 2195 3710 eis,
2226 3662 2286 3700 ut
2316 3651 2530 3702 scilicet

1459 3733 1797 3773 moverentur
1850 3724 1915 3773 ad
1971 3724 2412 3789 interrogandum
2458 3726 2529 3774 de

1455 3796 1671 3846 auditis.
1695 3795 1836 3854 Quia
1858 3795 2004 3845 enirn
2030 3796 2345 3847 hominibus
2375 3797 2527 3846 rudi-

1456 3868 1557 3917 bus
1583 3865 1899 3930 loquebatur
1926 3867 1991 3916 de
2025 3883 2188 3932 regno
2226 3870 2344 3929 Dei,
2378 3883 2520 3931 opus

1452 3950 1561 3989 erat
1606 3937 1789 3989 induci
1835 3957 1926 3992 eos
1970 3939 2167 3989 talibus
2206 3944 2516 4008 parabolis3
