2757 4413
326 258 431 310 638

332 374 573 428 omnibus
608 372 971 424 invocantibus
1009 387 1125 423 eum
1154 373 1207 422 in
1249 370 1397 422 veri-

331 451 443 496 tate
459 461 479 507 ;
508 472 571 480 —
593 443 775 493 statim
816 443 1133 492 assecuravit
1168 457 1276 501 eos,
1306 441 1396 491 di-

333 529 456 566 cens
496 531 513 564 .·
558 514 768 564 Habete
795 512 1066 576 fiduciam,
1094 511 1295 562 scilicet
1322 510 1396 560 li·-

334 584 622 635 berationis
643 623 657 648 ‚
724 594 903 634 contra
970 582 1396 649 desperationem

328 656 689 706 tribulationis
730 672 745 705 z
786 655 917 720 Ego
953 669 1099 716 sum,
1127 655 1394 717 liberator,

332 746 439 780 non
462 730 790 795 phantasma,
833 729 995 779 nolite
1035 729 1238 792 timere,
1269 727 1398 794 quia

329 817 551 867 possum
592 816 689 851 vos
724 801 788 850 de
824 799 1062 866 periculo
1102 815 1252 866 aquae
1286 799 1397 850 eri-

330 887 473 938 pere.
502 872 809 921 Secundum
847 871 1272 948 Hieronymum,-
1290 885 1397 919 non

334 942 469 992 dixit
505 941 629 1008 quis
672 950 827 1001 esset,
870 941 996 1006 quia
1030 957 1095 991 ex
1136 956 1267 991 voce
1292 939 1395 990 sibi

331 1025 455 1065 nota
486 1025 726 1081 poterant
752 1015 1064 1080 Magistrum
1096 1030 1394 1080 agnoscere,

332 1087 417 1136 vel
449 1096 510 1135 ut
551 1085 903 1151 intelligerent
941 1086 1119 1152 ipsum
1149 1101 1261 1135 esse
1300 1085 1396 1151 qui

334 1157 507 1224 Moysi
536 1157 740 1208 dixerat
764 1174 777 1207 ε
811 1157 915 1218 Qui
941 1164 1021 1207 est
1048 1157 1195 1208 misit
1222 1172 1304 1207 me
1324 1157 1400 1207 ad

334 1245 449 1281 νος.
505 1231 609 1283 Ubi
662 1231 1081 1299 Chrysostomus
1124 1249 1141 1281 .-
1198 1249 1225 1278 «
1278 1231 1397 1279 Non

336 1305 722 1370 cognoscebant
767 1319 1050 1369 personam
1103 1305 1215 1371 ejus
1267 1319 1399 1370 pro—

337 1385 456 1440 pter
510 1376 753 1425 tenebras
807 1392 821 1425 :
873 1374 1049 1425 statim
1111 1385 1287 1425 autem
1343 1373 1399 1424 in

333 1463 461 1497 voce
492 1457 849 1513 cognoverunt
880 1462 1023 1507 eum,
1049 1457 1101 1497 et
1127 1447 1291 1497 timor
1316 1462 1402 1496 so-

332 1517 479 1567 lutus
530 1529 624 1568 est.
681 1538 702 1563 n
761 1518 865 1569 Ubi
904 1526 955 1568 et
1008 1518 1334 1583 Theophilus
1383 1536 1400 1570 .·

335 1607 359 1633 α
383 1588 521 1638 Cum
551 1599 730 1639 autem
759 1588 1005 1639 homines
1029 1590 1114 1639 vel
1133 1590 1401 1640 daemones

334 1675 435 1710 nos
476 1677 569 1727 per
598 1661 847 1711 timorem
889 1661 1131 1711 nituntur
1166 1677 1399 1722 movere,

334 1732 614 1782 audiamus
642 1733 920 1782 Christum
950 1733 1214 1782 dicentem
1236 1750 1249 1782 :
1272 1733 1401 1798 Ego

334 1815 470 1864 sum,
503 1802 664 1851 nolite
706 1802 904 1864 timere,
936 1801 989 1851 id
1023 1811 1102 1851 est
1129 1817 1226 1867 ego
1253 1817 1402 1852 sem-

336 1887 431 1939 per
454 1873 663 1925 assist0.
695 1883 747 1922 et
764 1873 901 1923 sicut
923 1875 1068 1924 Deus
1094 1889 1399 1939 permaneO,

339 1953 391 1993 et
435 1958 712 2008 nunquam
760 1954 1082 2009 pertranseo.
1128 1945 1248 1994 Non
1280 1959 1418 2010 per-0

339 2012 476 2062 datis
508 2013 563 2062 in
605 2029 692 2063 me
730 2013 908 2075 fidem,
940 2031 1035 2081 pro
1058 2015 1202 2065 falsis
1227 2024 1402 2065 terro-

337 2082 508 2135 ribus.
539 2104 566 2132 υ

400 2171 439 2221 4
468 2157 782 2209 Amnum-10
822 2158 989 2210 Perat
1034 2175 1201 2211 suren
1238 2175 1400 2211 uma.

340 2256 401 2267 --
445 2228 596 2277 Tunc
645 2230 827 2280 Petrus
876 2246 1055 2281 amore
1099 2230 1404 2283 vehementi

341 2314 641 2361 succensuS,
664 2312 714 2351 et
732 2302 1055 2362 stimulatus,
1077 2303 1403 2369 cupiensque

338 2374 402 2423 ad
433 2373 728 2424 Dominum
757 2373 955 2437 venire,
987 2384 1039 2424 et
1075 2374 1153 2424 illi
1181 2374 1405 2440 propin-

338 2444 498 2509 quior
530 2460 663 2504 esse,
694 2444 828 2494 dixit
856 2462 870 2495 ε
897 2446 1138 2509 Domine,
1168 2447 1218 2496 si
1237 2454 1290 2496 tu
1327 2462 1402 2510 ες,

339 2515 540 2565 scilicet
584 2516 835 2566 liberator
878 2526 930 2566 et
982 2518 1235 2577 Salvator,
1272 2517 1406 2583 jube

340 2602 423 2636 me
442 2588 620 2638 venire
646 2588 721 2637 ad
743 2594 792 2638 te
818 2603 979 2653 super
1014 2602 1203 2654 aquas,
1238 2590 1404 2649 Quasi

340 2657 551 2716 diceret,
567 2661 861 2709 secundum
878 2660 1270 2726 Hieronymum
1285 2677 1302 2709 .·
1318 2661 1404 2711 Tu

342 2728 589 2792 praecipe,
634 2738 685 2777 et
722 2728 865 2779 illico
899 2728 1273 2779 solidabuntur
1297 2745 1404 2779 un—

342 2798 452 2862 dae;
476 2798 587 2848 leve
614 2798 704 2849 fiet
726 2815 933 2865 corpus,
960 2801 1103 2865 quod
1129 2815 1221 2866 per
1245 2816 1301 2850 se
1327 2811 1406 2851 est

343 2884 516 2935 grave.
543 2872 607 2919 Et
638 2870 816 2922 innuit
842 2873 920 2922 illi
960 2872 1245 2933 Dominus,
1276 2890 1404 2925 voce

344 2950 397 2990 et
421 2955 611 3002 manu,
656 2952 715 2991 ut
739 2943 958 2993 veniret.
989 2946 1055 2993 Et
1079 2944 1311 2995 confisus
1339 2948 1404 2997 de

342 3010 559 3060 Domini
600 3013 854 3077 potentia,
902 3013 1090 3065 insiliit
1130 3016 1186 3065 in
1218 3032 1403 3067 mare:

347 3080 610 3147 coepitque
635 3092 687 3131 et
716 3082 829 3147 ipse
856 3100 1014 3150 supra
1036 3101 1181 3137 mare
1209 3088 1406 3138 ambu-

343 3151 469 3212 lare,
520 3162 581 3202 ut
636 3154 700 3202 ad
745 3155 927 3204 Jesum
979 3168 1157 3221 posset
1199 3158 1404 3209 venire.

343 3222 491 3272 Felix
562 3233 757 3284 motuS,
826 3225 953 3290 quia
1021 3242 1181 3292 super
1241 3245 1406 3295 aquas

344 3295 627 3345 mundanae
688 3296 1050 3361 prosperitatis
1118 3314 1211 3364 per
1274 3316 1406 3350 con-

344 3379 638 3433 temptum3
692 3368 783 3417 sed
852 3367 1057 3418 felicior
1116 3372 1401 3433 termium,

344 3438 474 3505 quia
513 3449 572 3488 ut
609 3438 812 3488 veniret
854 3439 918 3488 ad
956 3440 1137 3489 Jesum
1165 3442 1408 3493 Salvato-

345 3525 459 3561 rem
508 3508 834 3560 animarum!
892 3510 950 3559 In
1005 3518 1212 3561 tantum
1263 3514 1406 3563 enim

344 3581 672 3631 desiderabat
694 3580 895 3631 Christi
915 3580 1237 3643 societatem,
1261 3585 1406 3650 quod

346 3654 558 3703 nolebat
607 3660 905 3717 exspectare
965 3652 1250 3703 adventum
1292 3657 1408 3720 ejus

346 3740 520 3791 usque
546 3727 609 3775 ad
632 3740 851 3790 navem3
878 3724 970 3774 sed
997 3725 1202 3775 volebat
1218 3741 1406 3776 occur-

347 3811 464 3847 rere
481 3812 638 3862 super
656 3812 869 3863 aquam,
895 3795 1096 3847 oblitus
1118 3812 1226 3863 prae
1250 3812 1406 3847 amo-

348 3882 405 3919 re
434 3867 633 3919 Christi
661 3883 812 3935 aquae
849 3867 1167 3934 periculum.
1194 3867 1408 3935 Ubique

940 254 1176 306 PRIMAE
1210 251 1458 302 PARTIS
1489 250 1722 302 CAPUT
1754 250 1937 300 LXIX.

1507 370 1690 419 Petrus
1716 366 2164 434 frequentissimae
2189 373 2242 415 et
2265 363 2548 414 ardentissi-

1504 458 1605 492 mae
1633 441 1757 492 fidei
1794 440 1956 491 fuisse
1990 447 2338 490 monstratur.
2377 438 2548 503 Neque

1505 514 1651 563 enim
1711 512 2130 580 profundissimo
2194 511 2384 576 pelago
2444 524 2550 559 sese

1503 587 1754 646 crederet,
1789 585 1890 634 nisi
1928 585 2089 634 fidem
2118 583 2467 633 certissimam
2494 581 2552 632 de

1503 658 1738 709 Domino
1760 659 1997 708 haberet.
2027 657 2236 707 Sciebat
2268 655 2415 706 enim
2442 655 2551 705 Sal-

1502 738 1736 780 vatorem
1783 739 2030 779 nostrum
2076 727 2258 778 omnia
2301 741 2471 792 posse,
2509 736 2555 775 et

1505 801 1643 851 nihil
1681 800 1867 850 minus
1907 801 1972 850 de
2014 807 2274 866 potestate
2312 798 2368 847 in
2412 796 2552 856 mari,

1503 891 1665 941 quam
1691 875 1747 924 in
1777 883 1914 924 terra
1935 890 2059 924 eum
2088 873 2336 923 credebat
2356 871 2552 921 habere.

1504 947 1575 996 Et
1610 946 1667 996 in
1704 946 1808 996 hoc
1851 945 2166 994 miraculum
2206 943 2383 1007 majus
2419 955 2556 1006 appa-

1507 1018 1633 1079 ruit,
1665 1018 1792 1084 quia
1814 1034 1921 1067 non
1951 1017 2126 1067 solum
2165 1015 2418 1067 Christus
2452 1013 2554 1063 vir-

1505 1101 1616 1142 tute
1652 1090 1952 1142 divinitatis
1986 1105 2146 1156 super
2177 1104 2347 1155 aquas
2379 1087 2557 1137 ambu-

1504 1162 1631 1212 lavit
1648 1165 1669 1225 '3
1745 1162 1836 1212 sed
1908 1161 2069 1212 etiam
2141 1160 2331 1210 Petrus
2387 1157 2553 1208 eadem

1503 1233 1698 1283 virtute
1731 1233 1795 1282 ad
1828 1231 2007 1297 ipsum
2046 1231 2209 1282 venit.
2255 1230 2358 1280 Sed
2393 1237 2557 1294 postea

1505 1304 1695 1352 Petrus
1745 1302 1930 1352 videns
1981 1309 2187 1352 ventum
2231 1300 2465 1352 validum
2511 1306 2557 1346 et

1502 1373 1907 1437 vehementem,
1948 1373 2122 1423 timuit
2166 1388 2232 1422 ex
2263 1369 2556 1420 infirmitate

1506 1443 1763 1503 hominis,
1795 1452 1847 1492 et
1889 1443 2185 1505 titubavit3'
2217 1451 2270 1493 et
2315 1440 2439 1506 quia
2473 1453 2557 1504 pa-

1506 1531 1627 1565 rum
1684 1513 1964 1577 dubitavit,
2021 1529 2210 1580 parum
2260 1513 2558 1562 submersus

1502 1587 1620 1636 fuit.
1642 1585 1801 1635 Fides
1827 1585 2069 1647 ardebat;
2095 1585 2185 1635 sed
2215 1585 2452 1634 humana
2476 1581 2557 1630 in-

1506 1656 1728 1706 firmitas
1808 1655 1864 1705 in
1936 1656 2265 1722 profundum
2337 1652 2559 1704 trahebat

1505 1732 1676 1796 Supra
1721 1745 1867 1780 mare
1900 1729 2167 1779 Dominus
2216 1745 2345 1779 eum
2379 1726 2557 1777 ambu-

1506 1801 1614 1851 lare
1640 1801 1781 1860 facit,
1814 1809 1876 1850 ut
1915 1799 2208 1850 divinitatis
2239 1814 2351 1849 suae
2384 1805 2556 1863 poten-

1507 1873 1635 1923 tiam
1673 1872 1948 1935 ostendat;
1980 1870 2148 1936 mergi
2178 1869 2322 1932 facit,
2355 1879 2413 1918 ut
2442 1878 2556 1932 pro-

1506 1942 1674 2008 priam
1723 1940 2090 1991 infirmitatem
2140 1947 2452 2006 cognoscat,
2499 1948 2556 1984 ne

1510 2021 1658 2080 putet
1686 2027 1743 2062 se
1761 2012 2020 2078 aequalem
2041 2011 2172 2070 De0,
2202 2021 2257 2060 et
2286 2005 2555 2074 superbiat.

1510 2084 1853 2150 Relinquitur
1891 2098 2017 2149 ergo
2065 2082 2347 2148 paululum
2397 2086 2555 2130 tenta-

1507 2159 1659 2219 tioni,
1688 2168 1749 2209 ut
1772 2157 1846 2208 ita
1877 2172 1972 2223 per
1998 2155 2299 2206 orationem
2322 2160 2555 2220 augeatur

1509 2230 1639 2279 fides
1666 2230 1796 2295 ejus,
1838 2227 2102 2279 credentis
2130 2242 2187 2276 se
2214 2224 2431 2277 Domini
2458 2222 2554 2271 im-

1510 2300 1658 2366 perio
1688 2316 1844 2366 posse
1865 2298 2096 2349 liberari.
2124 2298 2204 2349 Et
2231 2314 2349 2349 cum
2377 2293 2554 2359 coepis-

1511 2375 1590 2419 set
1627 2370 1818 2435 mergi,
1855 2369 2036 2419 statim
2082 2369 2380 2418 Dominum
2413 2366 2554 2415 invo-

1510 2441 1661 2503 cavit,
1711 2451 1762 2490 et
1801 2441 2030 2491 dextera
2078 2440 2301 2490 Domini
2341 2451 2452 2488 eum
2501 2444 2558 2482 ne

1510 2517 1842 2576 mergeretur
1895 2510 2090 2570 erexit,
2139 2525 2198 2559 ac
2244 2510 2365 2560 navi
2417 2502 2558 2556 resti-

1511 2595 1684 2643 tuens,
1714 2582 1850 2633 dixit
1871 2583 1919 2633 ei
1952 2600 1966 2633 ε
1996 2582 2236 2633 Modicoe
2245 2582 2385 2649 fidei
2410 2586 2557 2646 quare

1513 2655 1813 2706 dubitasti?
1877 2656 1936 2705 In
1990 2655 2092 2706 hoc
2151 2655 2296 2706 enim
2348 2650 2557 2721 parvitas

1510 2728 1634 2779 fidei
1664 2728 1719 2777 in
1748 2728 1906 2779 Petro
1935 2728 2193 2794 apparuit,
2223 2729 2349 2794 quia
2375 2741 2435 2777 ex
2460 2735 2556 2789 quo

1510 2800 1575 2849 ad
1604 2808 1929 2866 praeceptum
1971 2799 2067 2849 Dei
2097 2814 2258 2865 super
2298 2811 2459 2865 aquas
2495 2791 2556 2841 li-

1511 2870 1701 2936 quidas
1731 2871 2122 2935 ambulaverat3
2151 2871 2216 2919 de
2250 2879 2406 2920 vento
2438 2878 2557 2915 con-

1511 2944 1673 2994 trario
1722 2943 1913 2994 timere
1968 2959 2078 2993 non
2134 2943 2375 2993 debebat.
2418 2933 2556 2989 Unde

1514 3016 1938 3082 Chrysostomus
1983 3033 2000 3065 .·
2047 3035 2070 3061 ι
2102 3015 2173 3065 Ut
2213 3014 2377 3081 igitur
2418 3021 2557 3060 mon-

1510 3097 1700 3137 straret
1730 3086 1988 3152 quoniam
2032 3102 2138 3136 non
2174 3086 2316 3135 venti
2359 3078 2555 3133 immis-

1513 3160 1613 3220 sio,
1671 3160 1762 3209 sed
1822 3151 1969 3210 illius
2020 3159 2232 3209 modica
2297 3152 2556 3208 credulitas

1511 3230 1810 3296 periculum
1883 3231 2215 3296 operabatur,
2263 3225 2499 3279 subditur
2539 3234 2553 3266 ἕ

1512 3303 1750 3355 Modicae
1775 3303 1915 3369 fidei
1964 3318 2129 3369 quar-e
2174 3294 2467 3353 dubitasti?
2503 3293 2552 3342 In

1514 3391 1622 3442 quo
1660 3374 1974 3435 manifestat,
2017 3374 2145 3440 quia
2181 3388 2353 3439 neque
2378 3374 2552 3444 ventus

1515 3461 1704 3495 nocere
1728 3443 2006 3510 potuisset,
2029 3444 2074 3494 si
2107 3444 2240 3494 fides
2260 3443 2408 3493 firma
2427 3437 2552 3487 fuis-

1515 3525 1610 3567 set.
1658 3515 1896 3567 Modicae
1909 3515 2050 3580 fidei
2090 3525 2201 3566 erat
2233 3516 2430 3569 Petrus,
2474 3518 2550 3555 ΓΘ·-

1514 3597 1694 3655 spectu
1725 3589 1837 3654 ejus
1860 3604 1980 3654 quae
2002 3589 2312 3655 expediebat
2343 3584 2413 3648 ei;
2444 3591 2550 3629 ma-

1513 3674 1627 3724 gnae
1640 3668 1815 3709 tamen
1837 3669 1889 3708 et
1905 3659 2310 3718 ardentissimae,
2335 3654 2549 3717 respectu

1515 3737 1711 3778 nostrae
1750 3726 1892 3778 fidei.
1940 3747 1968 3777 »
2011 3729 2164 3779 Unde
2205 3738 2256 3778 et
2288 3724 2547 3784 Hierony·-

1513 3814 1630 3849 mus
1659 3815 1677 3850 .·
1707 3817 1735 3845 α
1765 3799 1821 3849 Si
1847 3800 2102 3864 Apostolo
2130 3800 2282 3849 Petro
2312 3793 2402 3862 qui
2430 3801 2548 3864 cot}-

1512 3868 1736 3921 fidenter
1782 3870 2109 3922 Salvatorem
2146 3873 2424 3935 rogaverat,
2471 3856 2548 3905 ‘¹¹‘
