2757 4413
639 344 733 396 DE
766 342 1217 396 POENITENTIA
1247 342 1492 393 MARIAE
1524 341 2003 393 MAGDALENAE.

224 461 483 513 dimittit?
508 463 622 513 Hoc
648 463 909 521 dicebant,
937 459 1065 527 quia
1097 458 1280 508 huma·

223 533 436 584 nitatem
485 533 716 584 exterius
755 540 1118 598 apparentem,
1158 542 1278 593 quae

220 620 326 654 non
346 613 521 669 potest
539 613 750 669 peccata
761 601 1051 658 dimittere,
1068 607 1277 649 tantum

220 675 481 725 videbant.
500 676 605 724 Sed
628 673 911 732 Dominus,
931 669 1280 737 cogitationes

218 762 396 797 eorum
438 746 846 811 parvipendens,
875 742 1012 793 dixit
1048 742 1113 792 ad
1151 755 1279 790 rnu-

218 818 393 869 lierem
426 835 441 867 :
475 818 645 869 Fides
673 823 780 879 tua,
803 817 855 865 id
879 824 959 865 est
983 830 1013 865 a
1040 815 1152 864 Deo
1179 811 1277 863 tibi

218 888 405 948 infusa,
433 895 484 939 te
513 888 720 938 salvam
737 887 893 954 fecit,
923 885 1053 952 quia
1079 884 1178 934 ista
1209 881 1279 933 fi-

217 962 304 1012 des
353 961 572 1011 caritate
615 959 841 1010 formata
882 958 1017 1018 fuit,
1064 967 1115 1007 et
1160 956 1280 1006 ideo

218 1032 498 1083 habentem
527 1031 754 1096 dignum
783 1030 890 1080 vita
917 1038 1109 1080 aeterna
1135 1026 1278 1077 fecit.

215 1103 513 1154 Secundum
536 1101 875 1167 Gregorium,
883 1100 1029 1167 fides
1041 1115 1158 1150 eam
1177 1098 1282 1149 sal·

215 1175 493 1240 vavnsecit,
509 1175 638 1241 quia
656 1174 758 1223 hoc
779 1173 923 1239 quod
940 1172 1110 1238 petiit,
1127 1186 1280 1237 posse

217 1248 443 1314 accipere
482 1264 593 1297 non
623 1246 903 1297 dubitavit.
942 1247 1102 1312 Spem
1131 1244 1277 1295 enim

221 1319 318 1383 jam
340 1320 407 1369 ab
440 1319 534 1369 illo
557 1327 842 1384 acceperat,
863 1332 893 1367 a
916 1332 1025 1384 quo
1052 1317 1277 1366 salutem

215 1391 496 1456 quaerebat.
545 1389 692 1438 Vade
721 1389 773 1438 in
806 1401 959 1454 pace,
1002 1386 1056 1436 id
1099 1395 1179 1437 est
1220 1386 1276 1436 in

217 1463 392 1528 quiete
451 1472 505 1512 et
561 1461 852 1511 cessatione
881 1475 912 1510 a
940 1459 1113 1522 vitiis,
1165 1475 1276 1509 non

216 1534 561 1583 discordando
594 1548 625 1582 a
657 1532 824 1598 gratia
857 1530 934 1581 tui
963 1530 1180 1581 amoriS.
1212 1531 1275 1581 In

211 1618 335 1670 pace
375 1604 455 1653 ire
498 1602 834 1669 praecipitur,
868 1611 929 1651 ut
956 1601 1011 1650 in
1040 1600 1277 1651 veritatis

215 1674 391 1725 itinere
424 1683 724 1740 perseveret
769 1682 822 1723 et
866 1674 934 1723 ab
971 1688 1035 1723 eo
1087 1673 1145 1722 in
1190 1673 1277 1723 via

218 1746 443 1796 scandali
469 1743 698 1794 ulterius
724 1759 832 1793 non
860 1744 1101 1794 declinet.
1121 1744 1276 1794 Unde

224 1815 543 1882 Theophilus
568 1833 584 1865 .·
611 1832 638 1860 α
678 1815 966 1880 Postquam
1007 1825 1185 1864 autem
1226 1814 1273 1864 ei

217 1896 418 1952 peccata
442 1886 670 1945 dimisit,
698 1902 804 1935 non
831 1885 973 1936 sistit
991 1886 1047 1936 in
1077 1886 1274 1936 remis-

215 1959 358 2008 sione
387 1958 619 2024 peccati,
655 1958 745 2007 sed
787 1957 965 2022 adjicit
1000 1958 1273 2023 operatio-

216 2044 331 2079 nem
364 2029 510 2079 boni.
550 2029 704 2079 Unde
723 2029 1007 2078 subditur:
1049 2029 1193 2078 Vade
1217 2028 1272 2079 in

215 2115 359 2166 pace,
388 2100 444 2150 id
476 2110 558 2151 est
580 2100 633 2149 in
665 2100 884 2165 justitia.
912 2101 1047 2150 Nam
1071 2099 1272 2165 justitia

217 2184 292 2224 est
339 2189 439 2240 pax
491 2172 733 2223 hominis
780 2173 845 2224 ad
888 2173 1091 2234 Deum,
1135 2172 1272 2224 sicut

218 2255 480 2310 peccatum
509 2255 590 2295 est
615 2244 903 2296 inimicitia
931 2245 1071 2295 inter
1099 2246 1269 2296 Deum

218 2325 265 2365 et
285 2316 580 2365 hominem.
605 2316 769 2375 Quasi
799 2316 996 2366 diceret
1026 2333 1039 2366 ε
1078 2317 1273 2381 Opera·

222 2400 274 2436 re
298 2387 477 2436 omnia
504 2401 626 2452 quae
650 2387 715 2436 ad
746 2402 924 2451 pacem
960 2387 1055 2438 Dei
1084 2397 1136 2437 te
1162 2383 1268 2437 du‘-

220 2466 338 2507 cunt
364 2474 377 2507 ε
412 2477 442 2505 n
497 2459 612 2508 haec
663 2458 1002 2523 Theophilus,
1061 2460 1119 2510 ln
1167 2460 1269 2510 hoc

219 2542 334 2593 ergo
374 2530 520 2594 quod
561 2528 795 2579 dicitur:
838 2529 983 2579 Vade
1012 2529 1064 2578 in
1100 2544 1265 2594 pace,

220 2607 421 2649 notatur
459 2600 605 2666 quod
636 2599 748 2665 ipsa
779 2599 878 2650 ivit
912 2599 1140 2650 sollicite
1176 2616 1270 2666 per

220 2668 348 2721 bona
384 2686 544 2737 opera
565 2709 579 2731 ,
619 2681 671 2722 et
717 2672 862 2738 quod
914 2671 1030 2737 ipsa
1080 2673 1269 2724 habuit

222 2754 388 2804 pacem
449 2741 506 2790 in
557 2741 896 2792 conscientia.
949 2742 998 2792 Ο
1043 2742 1266 2792 verbum

216 2811 513 2863 delectabile
541 2823 593 2863 et
620 2813 799 2863 suave!
834 2814 1007 2874 Quam
1040 2814 1271 2866 libenter

215 2881 266 2931 id
306 2884 613 2948 Magdalena
653 2884 879 2944 audivit,
924 2895 975 2935 et
997 2901 1159 2951 quam
1184 2886 1269 2951 ju-

214 2956 374 3006 cunde
402 2958 635 3016 recessit,
666 2969 718 3008 et
746 2958 973 3024 perfecte
1000 2960 1064 3009 ad
1092 2960 1265 3022 Deum

215 3041 491 3087 conversa,
525 3028 773 3094 deinceps
802 3030 1027 3079 honeste
1054 3039 1107 3079 et
1137 3045 1267 3079 san-

212 3107 288 3147 cte
313 3098 471 3158 vixit,
513 3114 570 3149 ac
599 3099 830 3149 Domino
859 3100 982 3150 Jesu
1019 3110 1073 3150 et
1112 3100 1267 3151 Matri

211 3167 318 3231 ejus
341 3180 738 3233 perseveranter
759 3170 981 3220 adhaesit
1002 3169 1015 3221 2
1045 3171 1116 3221 Et
1135 3171 1269 3222 bene

211 3238 317 3289 ait:
342 3240 396 3289 in
418 3254 572 3305 pace,
604 3250 726 3305 post
755 3241 1128 3293 remissionem
1150 3258 1269 3309 pec·

210 3318 463 3371 catorum,
507 3310 634 3375 quia
674 3310 972 3376 justificatis
1019 3322 1099 3363 est
1145 3328 1265 3378 pax,

210 3399 326 3434 cum
383 3384 710 3435 conscientia
779 3401 888 3435 non
960 3387 1263 3450 remordet3

210 3456 297 3505 sed
320 3470 424 3507 non
444 3462 527 3507 est
545 3471 670 3522 pax
693 3457 872 3522 impiis
900 3467 952 3508 et
984 3458 1266 3512 existenti—

212 3524 304 3576 bus
344 3526 401 3576 in
442 3528 685 3593 peccatis.
729 3528 829 3579 Hic
884 3530 1049 3580 habes
1087 3542 1268 3596 aperte

210 3596 345 3661 quod
380 3598 570 3648 caritas
606 3597 856 3650 reformat
897 3616 1078 3666 pacem
1127 3601 1268 3653 inter

198 3666 371 3717 ‘Deum
391 3678 442 3717 et
460 3678 814 3734 peccatorem3
843 3673 987 3722 unde
1008 3681 1059 3722 et
1079 3672 1266 3724 beatus

211 3738 388 3790 Petrus
417 3740 602 3805 dicit,
655 3742 800 3806 quod
844 3743 1048 3794 caritas
1089 3745 1266 3809 operit

209 3809 586 3861 multitudinem
618 3819 979 3878 peccatorum,
1013 3815 1130 3865 sine
1157 3831 1263 3882 qua

209 3880 431 3946 profecto
502 3884 842 3949 impossibile
908 3896 988 3937 est
1054 3889 1263 3952 placere

212 3952 343 4016 Deo,
386 3971 507 4006 cum
565 3972 676 4024 qua
720 3957 839 4009 sine
881 3958 1048 4011 dubio
1092 3961 1262 4026 placet

2349 341 2445 393 551

1388 456 1717 524 quicunque,
1746 466 1797 507 et
1851 456 1971 508 ideo
2013 455 2151 506 hanc
2191 456 2453 524 praecipue

1388 530 1646 580 debemus
1668 530 1778 579 Deo
1803 530 2016 580 referre.
2052 529 2207 579 Unde
2232 531 2455 582 Ambro-

1386 601 1502 652 sius
1528 619 1546 652 .-
1575 619 1603 649 ι(
1651 601 1922 662 Quoniam
1971 601 2108 652 nihil
2167 613 2246 653 est
2305 604 2452 669 quod

1385 672 1548 737 digne
1587 670 1783 722 referre
1820 672 1927 721 Deo
1957 687 2263 737 possumus,
2318 673 2451 739 quid

1386 745 1530 794 enim
1555 744 1844 795 referamus
1878 760 1973 810 pro
1997 754 2253 810 suscepta:
2277 744 2451 796 carnis

1386 814 1609 880 injuria?
1639 814 1781 875 Quid
1809 830 1906 880 pro
1936 815 2277 865 verberibus?
2307 814 2452 875 Quid

1388 903 1483 954 pro
1535 902 1724 948 cruce,
1767 887 1955 947 obitu,
2007 886 2312 953 sepultura?
2358 888 2450 939 Vae

1387 957 1524 1007 mihi
1556 958 1731 1008 sinon
1759 958 2014 1008 dilexero.
2042 958 2228 1008 Audeo
2254 957 2448 1017 dicere,

1388 1044 1496 1078 non
1541 1028 1771 1079 reddidit
1823 1030 2027 1087 Petrus,
2060 1037 2113 1078 et
2160 1028 2279 1078 ideo
2329 1028 2450 1093 plus

1386 1101 1588 1152 dilexit.
1605 1101 1728 1151 Non
1744 1101 1975 1152 reddidit
1989 1102 2202 1161 Paulus,
2219 1101 2452 1152 reddidit

1386 1171 1608 1238 quidem
1636 1184 1863 1223 mortem
1885 1189 1980 1238 pro
2002 1183 2196 1236 morte3
2230 1174 2322 1223 sed
2347 1172 2450 1224 alia

1387 1258 1495 1292 non
1515 1243 1765 1302 reddidit,
1792 1243 1920 1309 quia
1945 1243 2178 1293 multum
2201 1244 2447 1294 debebat.

1388 1316 1693 1365 Reddamus
1728 1315 1850 1366 licet
1879 1331 2088 1365 crucem
2138 1332 2233 1381 pro
2277 1331 2447 1375 cruce,

1385 1387 1548 1437 funus
1583 1403 1679 1453 pro
1708 1387 1919 1447 funere,
1958 1387 2225 1453 numquid
2266 1387 2449 1437 reddi-

1385 1472 1525 1521 mus,
1561 1456 1688 1522 quia
1724 1472 1789 1507 ex
1821 1457 1957 1522 ipse,
2002 1466 2053 1506 et
2097 1472 2190 1522 per
2232 1456 2447 1522 ipsum,

1384 1539 1436 1579 et
1465 1529 1522 1580 in
1565 1530 1683 1597 ipso
1703 1530 1965 1580 habemus
1989 1530 2171 1581 omnia
2191 1530 2210 1579 ἰ
2235 1530 2450 1579 Redda-

1384 1620 1507 1654 mus
1533 1620 1657 1671 ergo
1689 1620 1926 1655 amorem
1957 1620 2053 1672 pro
2083 1605 2291 1664 debito,
2322 1604 2450 1654 cari-

1381 1685 1542 1726 tatem
1597 1693 1693 1743 pro
1761 1693 1985 1728 munere
2009 1716 2022 1738 ,
2084 1677 2308 1743 gratiam
2349 1691 2447 1741 pro

1381 1748 1656 1814 sanguinis
1687 1749 1876 1813 preti0.
1910 1750 2034 1799 Plus
2068 1748 2210 1799 enim
2244 1746 2441 1812 diligit,

1380 1818 1465 1868 cui
1513 1819 1744 1869 donatur
1775 1818 2010 1884 amplius
2040 1836 2053 1870 ε
2084 1839 2111 1867 π
2155 1818 2268 1868 haec
2307 1819 2446 1868 Am-

1382 1888 1610 1939 brosiuS.

1451 1975 1468 2010 1
1486 1976 1505 2010 1
1546 1962 1603 2010 Iu
1637 1976 1739 2011 noc
1768 1977 2012 2011 noemam
2040 1976 2292 2020 inmotum
2324 1975 2444 2012 r-:ssss

1377 2046 1772 2083 nnsrnnmnnn.
1807 2061 1867 2070 —
1891 2033 2062 2082 Nemo
2090 2048 2217 2098 ergo
2246 2033 2443 2096 despe-

1378 2110 1475 2159 ret,
1504 2117 1665 2152 nemo
1690 2102 1757 2152 de
1787 2103 1883 2152 Dei
1904 2102 2265 2154 misericordia
2292 2100 2441 2151 diffi-

1375 2172 1481 2224 dat.
1522 2172 1771 2224 Clemens
1807 2184 1888 2225 est
1920 2174 2210 2235 Dominus,
2256 2172 2350 2241 qui
2380 2188 2445 2224 ex

1375 2246 1534 2296 corde
1552 2246 1827 2297 conversis
1846 2258 1955 2297 tam
1975 2246 2129 2297 facile
2145 2247 2443 2296 miseretur.

1377 2316 1528 2367 Unde
1574 2317 1620 2367 si
1660 2318 1790 2384 quid
1817 2317 2083 2368 confessio
2117 2328 2168 2367 et
2197 2318 2444 2382 lacrymae

1376 2397 1619 2452 possunt,
1651 2388 1830 2437 videre
1864 2388 1963 2447 viS,
2003 2388 2123 2438 vide
2151 2387 2281 2454 quid
2314 2385 2445 2437 fides

1373 2466 1427 2506 et
1451 2457 1664 2507 dilectio
1694 2468 1957 2522 operatur.
1993 2459 2157 2508 Parvo
2187 2456 2447 2522 temporis

1375 2528 1549 2593 spatio
1586 2527 1867 2593 justificata
1900 2539 1981 2579 est
2012 2529 2237 2588 mulier,
2285 2538 2337 2579 et
2377 2529 2445 2579 ab

1374 2598 1526 2648 omni
1574 2608 1783 2665 peccato
1828 2600 2114 2663 mundata,
2159 2615 2278 2666 quae
2316 2599 2446 2650 uni·

1374 2668 1543 2719 versis
1566 2668 1712 2720 vitiis
1745 2669 1900 2735 plena
1919 2708 1933 2729 ,
1962 2679 2013 2720 et
2041 2679 2152 2720 tam
2180 2669 2445 2736 peccatrix

1372 2740 1570 2803 fuerat,
1623 2751 1683 2792 ut
1736 2757 1852 2791 eam
1910 2743 2212 2793 Pharisaeus
2258 2742 2442 2793 videre

1374 2811 1768 2876 dedignaretur.
1816 2814 1963 2863 Hanc
2011 2813 2176 2878 igitur
2224 2813 2444 2864 imitans

1376 2893 1644 2949 peccator,
1695 2896 1901 2950 peccata
1944 2902 2087 2936 nunc
2136 2885 2350 2949 defleat,
2382 2894 2442 2935 ut

1373 2956 1489 3021 ejus
1516 2957 1775 3023 lacrymas
1802 2960 2126 3025 quandoque
2152 2960 2296 3009 Deus
2328 2959 2445 3009 abs-

1374 3038 1561 3094 tergat.
1621 3030 1758 3093 Nam
1780 3069 1795 3093 ,
1854 3041 1912 3082 ut
1961 3030 2035 3081 ait
2076 3031 2392 3082 Ber-nardus
2423 3047 2441 3081 .·

1376 3117 1405 3146 α
1460 3099 1662 3150 Felices
1721 3100 1964 3167 lacrymae
2021 3117 2154 3169 quas
2212 3101 2443 3166 benigna

1376 3184 1570 3219 manus
1598 3169 1907 3220 Conditoris
1932 3172 2213 3237 absterget,
2232 3181 2285 3221 et
2305 3170 2443 3221 beati

1373 3242 1512 3292 oculi
1538 3242 1633 3307 qui
1663 3242 1719 3292 in
1766 3244 1960 3295 talibus
1994 3244 2256 3311 liquefieri
2304 3243 2444 3294 fleti-

1375 3315 1477 3364 bus
1507 3314 1684 3380 potius
1716 3316 2007 3382 elegerunt,
2049 3333 2211 3383 quam
2252 3315 2444 3368 elevari

1373 3388 1426 3438 in
1475 3388 1743 3453 superbia,
1795 3405 1956 3457 quam
2004 3407 2165 3441 omne
2212 3390 2444 3442 sublime

1371 3460 1582 3520 videre,
1631 3476 1796 3527 quam
1848 3464 2081 3514 avaritiae
2152 3462 2443 3531 petulantia

1371 3531 1617 3584 famulari
1642 3534 1654 3585 Ξ
1677 3554 1705 3582 n
1728 3535 1883 3586 Unde
1906 3546 1958 3586 et
1978 3537 2399 3605 Chrysostomus
2416 3552 2434 3586 .·

1372 3622 1401 3652 ι(
1429 3604 1576 3656 Sicut
1611 3617 1790 3658 autem
1819 3609 1911 3659 ubi
1943 3610 2233 3659 vehemens
2268 3607 2443 3657 imber

1371 3679 1692 3744 prorumpit,
1713 3678 1771 3729 fit
1786 3681 2066 3744 serenitas3
2096 3680 2170 3730 sic
2195 3678 2445 3745 lacrymis

1369 3748 1555 3799 effusis
1580 3760 1797 3817 apparet
1827 3752 2187 3817 tranquillitas
2223 3760 2275 3800 et
2303 3749 2442 3815 perit

1370 3820 1539 3886 caligo
1568 3832 1829 3873 reatuum.
1859 3825 1926 3873 Et
1962 3823 2101 3873 sicut
2124 3838 2217 3888 per
2244 3836 2440 3888 aquam

1369 3901 1421 3941 et
1461 3893 1724 3958 Spiritum
1765 3910 2085 3960 purgamur,
2123 3894 2200 3945 sic
2235 3910 2328 3961 per
2360 3894 2443 3945 la-

1366 3979 1575 4029 crymas
1598 3975 1650 4015 et
1672 3964 2063 4015 confessionem
2082 3966 2263 4017 denuo
2283 3980 2441 4017 mun-
