2757 4413
364 294 463 347 502
994 288 1231 340 PRIMAE
1264 285 1512 338 PARTIS
1543 284 1777 336 CAPUT
1809 284 1919 337 LV.

359 418 414 460 et
442 407 592 458 Pater
613 405 670 455 in
701 419 788 454 me
815 413 896 454 est
924 419 938 453 ε
972 402 1079 463 Qui
1101 415 1183 452 me
1210 401 1419 467 recipit,

362 479 421 529 in
452 474 711 527 membris
756 474 893 527 meis
939 472 1130 539 recipit
1171 487 1287 522 eum
1332 470 1425 537 qui

365 564 449 602 me
489 549 650 611 misit,
701 546 901 597 scilicet
950 547 1187 605 Patrem;
1235 552 1287 594 et
1329 558 1425 609 per

360 634 696 686 consequens
732 617 894 667 etiam
937 614 1126 682 recipit
1157 613 1424 681 Spiritum

361 693 638 750 Sanctum,
669 689 762 756 qui
818 704 941 738 cum
992 688 1143 737 Patre
1189 695 1241 736 et
1284 684 1425 735 Filio

363 779 458 831 per
511 762 734 829 gratiam
797 759 1065 811 inhabitat
1120 756 1427 823 recipientis

364 846 620 886 mentem.
693 833 847 884 Unde
901 830 1249 882 manifestum
1306 838 1386 879 est
1412 866 1426 888 ,

363 905 491 972 quia
517 914 569 954 et
602 905 808 953 Patrem
834 911 886 953 et
915 901 1119 952 Filium
1152 909 1430 965 totamque

364 975 686 1026 Trinitatem
715 973 918 1040 recipit,
938 972 1033 1040 qui
1050 971 1155 1021 Dei
1173 970 1429 1022 nuntium

364 1055 645 1098 veneratur
695 1054 747 1095 et
775 1044 980 1110 recipit.
1023 1043 1130 1104 Qui
1174 1058 1300 1092 vero
1328 1039 1430 1090 Dei

367 1116 616 1167 ministro
647 1116 897 1181 injuriam
927 1113 1067 1176 facit,
1108 1114 1220 1164 Deo
1247 1110 1431 1162 omni-

369 1186 572 1254 potenti
601 1195 651 1235 et
689 1185 938 1235 Trinitati
968 1182 1310 1249 inseparabili
1339 1181 1432 1231 in-

368 1259 563 1326 juriam
599 1257 739 1308 facit.
766 1259 830 1309 Et
869 1267 1008 1308 certe
1035 1256 1138 1307 hoc
1176 1270 1430 1321 magnum

371 1342 451 1383 est
497 1330 777 1397 praemium
831 1331 976 1397 quod
1024 1339 1082 1380 tu
1127 1327 1432 1393 recipiendo

372 1401 654 1453 hominem
684 1400 932 1451 efficiaris
953 1400 1120 1451 totius
1146 1396 1432 1448 Trinitatis

371 1474 757 1526 habitaculum.
800 1474 871 1523 Et
919 1488 1014 1539 per
1047 1472 1150 1522 hoc
1190 1470 1436 1520 hortatur

373 1562 466 1599 eos
498 1546 593 1611 qui
622 1545 916 1611 discipulos
963 1560 1090 1595 suos
1133 1552 1184 1593 et
1213 1540 1435 1593 nuntios

372 1617 654 1683 recipiunt,
697 1616 977 1666 ostendens
1007 1613 1432 1680 magnitudinem

366 1689 581 1758 ‚praemii
596 1703 758 1755 quam
781 1687 1073 1737 habebunt.
1094 1687 1247 1737 Unde
1261 1685 1438 1754 Chry·

375 1766 642 1810 sostomus
676 1776 693 1809 .·
723 1779 747 1804 ι
777 1758 1023 1823 Seipsum
1050 1756 1233 1823 posuit
1260 1755 1316 1805 in
1338 1756 1433 1815 eiS,

375 1838 438 1879 ut
471 1830 536 1878 ad
565 1827 964 1893 susceptionem
1003 1842 1188 1877 eorum
1220 1841 1435 1876 omnem

377 1899 730 1951 christianum
790 1899 1053 1965 populum
1099 1907 1437 1965 provocaret,

375 1970 482 2021 sibi
534 1970 809 2036 imputans
858 1978 1133 2036 acceptum
1166 1969 1311 2034 quod
1361 1968 1440 2018 eis

375 2041 510 2092 foret
562 2042 747 2092 datum
803 2058 817 2092 ι
865 2060 893 2089 υ
942 2040 1055 2091 haec
1108 2040 1441 2106 Chrys-osto-

376 2126 512 2164 mus,
579 2112 683 2162 Sed
760 2112 1011 2162 studeant»
1069 2110 1442 2177 praedicatores

377 2192 431 2236 et
454 2183 706 2250 discipuli
738 2183 980 2241 Domini,
1010 2193 1071 2234 ut
1098 2197 1155 2234 se
1183 2183 1315 2233 tales
1343 2197 1443 2232 ex-

380 2256 615 2316 hibeant,
650 2258 794 2322 quod
822 2255 1280 2320 ceteri,bonorum
1308 2270 1443 2319 ope-

380 2343 502 2378 rum
572 2344 758 2378 eorum
815 2327 1061 2394 exemplo
1125 2325 1393 2393 provocati
1427 2364 1442 2387 ,

381 2397 637 2449 beneficia
710 2397 944 2448 caritatis
1028 2397 1294 2448 libentius
1364 2396 1444 2447 eis

381 2468 714 2534 impendant.
747 2469 903 2520 Unde
942 2469 1071 2518 dum
1125 2467 1346 2534 quidam
1386 2466 1445 2515 in

381 2536 721 2603 praedicando
740 2538 1181 2589 exclamationem
1206 2552 1314 2586 non
1336 2552 1449 2586 mo·

381 2608 555 2658 dicam
583 2607 789 2668 faceret,
818 2610 884 2658 de
921 2608 1024 2658 hoc
1071 2606 1216 2672 quod
1256 2606 1447 2656 caritas

381 2687 435 2728 et
463 2678 678 2728 affectus
714 2679 1003 2728 hominum
1045 2679 1341 2728 multorum
1378 2677 1446 2728 ad

383 2748 558 2798 Deum
588 2759 641 2798 et
664 2751 729 2799 ad
758 2752 979 2800 Sanctos
1009 2748 1122 2815 ejus
1150 2747 1445 2807 defecisset,

385 2827 437 2869 et
459 2819 605 2885 quod
635 2820 885 2871 Christus
915 2835 1068 2870 suam
1094 2819 1359 2870 Martham
1388 2818 1445 2870 in

381 2889 587 2940 mundo
616 2888 722 2954 jam
762 2905 870 2939 non
902 2889 1180 2949 inveniret,
1214 2905 1335 2956 quae
1366 2900 1446 2940 tot

383 2971 445 3012 ut
466 2962 598 3012 olim
627 2963 887 3029 obsequia
916 2963 1019 3013 sibi
1063 2962 1284 3027 faceret3
1326 2974 1449 3029 post

382 3034 711 3100 completum
731 3049 1036 3084 sermonem
1059 3036 1302 3101 quaedam
1328 3051 1450 3085 ma-

384 3116 540 3158 trona
593 3107 781 3157 devota
849 3107 1029 3174 ipsum
1084 3108 1217 3159 adiit
1291 3109 1450 3174 eique

386 3179 542 3245 quasi
595 3180 1082 3231 substomachando
1134 3181 1273 3232 dixit
1329 3198 1343 3232 z
1399 3183 1449 3233 O

386 3251 566 3312 frater,
601 3252 646 3302 si
673 3253 881 3303 Martha
908 3270 1050 3305 nunc
1082 3264 1143 3305 ut
1188 3254 1323 3305 olim
1361 3255 1446 3306 in-

387 3323 595 3375 veniret
655 3340 817 3376 suum
872 3325 1153 3377 Christum
1178 3365 1193 3386 ,
1262 3326 1451 3394 utique

389 3393 638 3446 Christus
684 3412 829 3446 nunc
873 3413 1094 3462 quoque
1139 3397 1277 3448 sicut
1316 3397 1450 3448 olim

388 3464 655 3516 inveniret
684 3482 835 3516 suam
852 3468 1115 3517 Martham
1135 3482 1150 3530 ;
1173 3467 1453 3518 intendens

389 3536 537 3602 quod
578 3536 625 3587 si
651 3537 872 3603 quidam
901 3539 966 3589 de
995 3537 1451 3604 praedicatoribus,

389 3616 567 3659 essent
597 3607 735 3659 sicut
762 3610 1030 3671 deberent,
1073 3608 1248 3659 adhuc
1274 3619 1454 3660 essent

392 3677 487 3761 qui
511 3679 590 3729 eis
616 3695 740 3729 cum
773 3679 927 3731 omni
956 3679 1240 3731 devotione
1267 3681 1456 3731 subve-

390 3761 587 3801 nitent.

457 3836 487 3870 2
549 3823 762 3874 Mencss
842 3839 988 3884 Qum
1042 3839 1230 3876 Jusrus
1284 3824 1457 3876 Junax

393 3889 541 3943 Deus
563 3907 957 3947 ascivit-:urruns
984 3909 1111 3948 suos
1137 3909 1454 3947 ammaum.

1532 427 1594 438 -
1622 399 1688 449 Et
1714 409 1775 450 ut
1803 398 1861 449 in
1909 397 2268 464 suscipiendis
2312 397 2604 464 discipulis

1532 469 1910 536 unusquisque
1944 467 2277 519 credentium
2312 469 2600 519 Christum

1533 556 1589 592 se
1618 539 1887 605 suscipere
1906 539 2267 603 arbitraretur,
2297 539 2547 605 adjungit
2583 555 2599 590 ε

1535 610 1644 673 Qui
1692 611 1887 676 recipit
1933 610 2278 676 Prophetam,
2309 624 2415 658 non
2454 610 2602 660 sim-

1535 682 1761 749 pliciter,
1794 682 1889 732 sed
1930 681 1984 732 in
2028 681 2235 732 nomine
2263 681 2559 747 Prophetae·
2580 699 2603 745 ;

1534 760 1585 806 et
1616 755 1844 821 justum,
1882 770 1991 804 non
2034 752 2370 818 simpliciter,
2412 754 2512 803 sed
2544 753 2603 804 in

1534 825 1741 876 nomine
1779 825 1932 890 iusti,
1958 824 2014 874 id
2042 834 2124 875 est
2175 840 2286 874 non
2314 840 2378 874 ex
2405 824 2606 874 affectu

1536 895 1709 946 carnis
1751 911 1847 946 seu
1888 904 2103 962 propter
2155 894 2607 960 consanguinita-

1536 979 1647 1021 tem
1672 971 1757 1021 vel
1796 968 2130 1031 affinitatem,
2175 979 2267 1020 aut
2293 969 2420 1035 quia
2474 969 2611 1019 ami·

1537 1059 1631 1094 cus
1649 1054 1748 1108 est,
1778 1059 1873 1094 seu
1915 1042 2265 1109 compatriota
2295 1043 2377 1093 vel
2407 1042 2611 1107 hujus-

1538 1114 1725 1174 modi,
1800 1130 1897 1165 nec
1951 1125 2167 1181 propter
2227 1115 2435 1164 lucrum
2519 1114 2611 1164 vel

1539 1186 1886 1236 commodum
1955 1187 2276 1251 temporale,
2338 1183 2469 1250 quia
2526 1183 2611 1234 sic

1541 1274 1651 1308 non
1698 1259 1891 1325 recipit
1943 1274 2070 1309 eum
2121 1273 2253 1324 pure
2293 1256 2350 1307 in
2390 1256 2488 1307 Dei
2518 1258 2611 1307 vel

1544 1328 1822 1394 Prophetae
1874 1343 1969 1379 seu
2020 1327 2145 1395 justi
2207 1327 2466 1389 nomine;
2511 1328 2613 1377 sed

1541 1400 1670 1466 quia
1714 1401 1812 1450 Dei
1861 1400 2110 1451 minister
2156 1409 2266 1460 est,
2322 1414 2382 1449 ac
2451 1398 2618 1450 Chri·

1542 1472 1611 1522 sti
1673 1470 1835 1523 fidem
1908 1473 2191 1538 prophetat
2241 1480 2294 1521 et
2350 1470 2567 1520 nuntiat
2595 1508 2612 1529 ‚

1540 1543 1623 1593 vel
1673 1542 1894 1608 justitiae
1932 1557 2092 1607 opera
2117 1540 2261 1601 facit,
2317 1540 2616 1591 mercedem

1542 1615 1845 1681 Prophetae,
1896 1614 1977 1665 vel
2001 1614 2160 1681 justi,
2204 1628 2240 1663 a
2279 1613 2411 1675 Deo,
2458 1612 2619 1677 cujus

1545 1686 1810 1751 Propheta
1850 1684 1940 1735 ille
1991 1695 2089 1744 est,
2130 1684 2223 1750 qui
2262 1684 2407 1733 hunc
2446 1683 2618 1749 justi-

1544 1757 1682 1817 ficat,
1733 1756 1940 1822 recipit.
1976 1755 2252 1822 Recipitur
2293 1754 2439 1804 enim
2485 1752 2618 1819 quis

1544 1828 1830 1895 dupliciter
1878 1844 1891 1875 t
1950 1830 2035 1879 vel
2096 1827 2298 1878 intuitu
2352 1826 2617 1876 doctrinae

1546 1914 1676 1957 suae,
1713 1898 1791 1949 sic
1825 1899 1954 1949 dicit
1990 1899 2352 1965 Prophetam,·
2400 1897 2484 1948 vel
2523 1896 2620 1945 in-

1546 1970 1687 2020 tuitu
1717 1969 1874 2020 bonoe
1901 1969 2025 2020 vitae
2047 2008 2062 2030 ,
2111 1968 2188 2018 sic
2214 1968 2347 2018 dicit
2381 1967 2617 2034 justum.

1549 2042 1739 2093 Merito
1785 2041 2079 2108 prophetiae
2122 2051 2175 2091 et
2209 2040 2429 2106 justitiae
2463 2055 2622 2090 mer-

1550 2116 1735 2165 cedem
1764 2114 2000 2181 accipiet,
2031 2114 2125 2181 qui
2157 2113 2214 2163 in
2238 2123 2444 2163 tantum
2480 2128 2618 2178 pro-

1550 2185 1791 2253 phetiam
1820 2194 1871 2237 et
1905 2185 2163 2252 justitiam
2196 2183 2389 2251 diligit,
2417 2193 2479 2234 ut
2504 2199 2624 2234 om-

1552 2259 1715 2309 nibus
1746 2253 2045 2309 homnibus
2079 2273 2142 2308 ex
2174 2257 2364 2307 affectu
2401 2257 2620 2316 serviat,

1552 2329 1607 2380 in
1631 2329 1830 2396 quibus
1858 2329 2197 2396 prophetiam
2223 2329 2307 2379 vei
2351 2327 2621 2393 justitiam

1552 2417 1668 2452 esse
1691 2401 1980 2468 cognoscit.
2006 2401 2144 2451 Nam
2164 2399 2317 2466 quasi
2344 2399 2623 2465 operarios

1554 2471 1612 2522 in
1644 2472 1928 2537 prophetia
1954 2481 2007 2521 et
2036 2471 2090 2521 in
2114 2470 2369 2536 operibus
2394 2470 2622 2534 justitiae

1556 2542 1661 2593 sibi
1703 2541 2004 2602 constituit,
2050 2542 2182 2591 dum
2234 2555 2329 2590 sua
2373 2540 2626 2605 largitate

1553 2632 1646 2667 eos
1681 2625 1977 2677 sustentat,
2029 2631 2097 2666 ne
2132 2625 2349 2681 propter
2376 2613 2623 2679 inopiam

1554 2687 1829 2750 deficiant;
1853 2686 1949 2753 qui
1977 2687 2126 2737 enim
2153 2685 2454 2751 spiritualia
2476 2686 2627 2736 dona

1557 2758 1883 2810 habentibus
1912 2757 2228 2825 temporalia
2258 2757 2499 2808 subsidia
2519 2756 2628 2807 tri·

1556 2831 1694 2892 buit,
1745 2831 1801 2881 in
1850 2829 1984 2897 ipsis
2036 2829 2411 2896 spiritualibus
2458 2828 2628 2879 donis

1555 2900 1634 2952 eis
1661 2901 1951 2952 collaborat
1979 2911 2032 2951 et
2070 2909 2379 2965 cooperator
2417 2898 2627 2959 existit,

1557 2971 1755 3021 idcirco
1794 2986 1918 3021 cum
1949 2970 2057 3021 illis
2085 2970 2223 3036 apud
2261 2970 2434 3019 Deum
2474 2982 2630 3034 prae-

1557 3044 1666 3094 mia
1689 3042 1927 3103 habebit,
1958 3052 2010 3093 et
2037 3042 2300 3109 particeps
2327 3039 2504 3090 meriti
2527 3055 2633 3090 eo-

1555 3131 1678 3165 rum
1722 3113 1841 3165 erit.
1885 3112 2146 3164 Similiter
2175 3113 2272 3179 qui
2322 3110 2634 3162 sacerdotes

1556 3199 1654 3251 pro
1679 3184 1881 3235 Christi
1912 3184 2154 3244 nomine,
2192 3193 2245 3234 et
2289 3182 2417 3249 quia
2456 3196 2634 3232 sacer·

1558 3255 1709 3304 dotes
1763 3265 1930 3315 sunt,
1976 3264 2258 3306 veneratur
2302 3263 2355 3304 et
2396 3251 2589 3318 recipit
2614 3292 2632 3314 ,

1559 3327 1857 3379 mercedem
1890 3327 2166 3379 sacerdotii
2193 3326 2427 3378 habebit.
2472 3326 2638 3375 Eam·

1559 3399 1683 3448 dem
1725 3397 1906 3465 itaque
1945 3399 2243 3449 mercedem
2278 3396 2494 3448 habebit
2538 3411 2636 3447 re-

1561 3468 1766 3534 cipiens
1810 3469 1877 3518 de
1917 3468 2239 3535 receptione,
2285 3483 2449 3534 quam
2489 3467 2640 3517 Pro-

1562 3539 1721 3605 pheta
1771 3539 1838 3588 de
1891 3538 2190 3605 prophetia,
2241 3546 2293 3588 et
2338 3538 2515 3602 justus
2563 3537 2640 3589 de

1562 3610 1786 3677 justitia,
1810 3619 1863 3661 et
1895 3611 2141 3662 sacerdos
2187 3611 2254 3661 de
2293 3608 2634 3672 sacerdotio;

1563 3690 1615 3732 et
1638 3691 1813 3747 potest
1834 3696 1950 3732 esse
1977 3679 2253 3747 aequalitas
2275 3689 2543 3746 quantum
2565 3680 2638 3729 ad

1565 3751 1861 3802 mercedem
1891 3750 2317 3810 substantialem,
2348 3750 2396 3800 si
2437 3750 2637 3816 aequali

1563 3834 1851 3891 operentur
1890 3824 2122 3877 caritate.
2156 3822 2261 3874 Ubi
2296 3822 2640 3891 chrysosto-

1565 3909 1683 3947 mus
1710 3912 1729 3947 .·
1753 3913 1781 3944 κ
1812 3895 2089 3964 Prophetae
2143 3894 2387 3945 doctores
2439 3890 2643 3943 intelli-
