2757 4413
539 274 634 324 DE
670 274 1224 337 CONSOLATIONE
1251 275 1799 342 DISCIPULORUM,
1830 282 1989 333 ETC.

2284 283 2385 335 505

216 395 246 446 5
288 395 548 445 Maur-run
584 407 915 446 oneum-rm
954 407 1023 441 rr
1071 407 1213 442 nm
1319 392 1434 458 pria
1474 396 1737 457 voluntas,
1766 412 1873 463 qua
1908 398 1970 449 fit
1997 408 2058 449 ut
2096 398 2239 450 bona
2278 410 2372 450 tua

168 481 378 516 manu:
404 481 756 515 vonum-Ans.
784 491 845 501 —
872 463 1026 513 Unde
1045 461 1214 512 meri-

166 547 264 586 tum
313 535 639 586 obedientia:
701 533 1102 595 commendans»,
1135 531 1214 582 sic

162 605 226 657 ait
271 606 667 672 Augustinus.-
692 624 719 652 ιι
743 606 934 670 Magna
980 612 1061 653 est
1109 602 1212 652 uti·

160 677 265 730 litas
302 676 549 728 hominis
599 676 803 743 jubenti
850 677 989 736 De0,
1044 675 1207 725 etiam

158 749 415 816 incognita
441 748 700 814 jussionis
734 747 954 809 ratione,
983 746 1205 810 servire;

156 820 370 886 jubendo
440 820 593 873 enim
645 820 791 869 Deus
853 818 985 869 utile
1032 816 1205 878 facit,

155 890 404 958 quidquid
468 891 656 957 jubere
706 889 963 948 voluerit,
1001 889 1067 939 de
1097 903 1209 953 quo

155 963 493 1013 metuendum
512 977 621 1011 non
647 970 747 1021 est,
775 975 842 1010 ne
880 976 986 1009 non
1016 960 1208 1025 profu-

155 1043 253 1084 tura
288 1029 552 1096 recipiat;
602 1046 699 1081 nec
756 1028 875 1080 fieri
927 1039 1102 1095 potest
1148 1039 1210 1080 ut

153 1107 378 1157 voluntas
428 1105 646 1170 propria
680 1120 789 1154 non
819 1102 1009 1170 grandi
1033 1102 1209 1153 ruinae

154 1176 368 1242 pondere
427 1190 589 1240 super
637 1173 918 1224 hominem
961 1174 1130 1232 cadat,
1160 1173 1207 1223 si

152 1261 252 1297 eam
296 1244 569 1300 voluntati
609 1244 903 1310 superioris
942 1245 1209 1295 extollen-

151 1317 209 1367 do
228 1325 527 1383 praeponat.
555 1334 582 1361 n
610 1316 676 1364 Et
710 1314 905 1364 iterum
936 1331 951 1364 :
979 1333 1007 1362 α
1043 1315 1209 1365 Suam

149 1388 469 1438 voluntatem
524 1385 775 1435 homines
813 1384 1040 1446 faciunt,
1099 1401 1210 1435 non

150 1459 250 1520 Dei,
294 1459 524 1526 quando
563 1457 770 1507 faciunt
810 1458 954 1523 quod
1001 1457 1209 1518 volunt,

150 1549 247 1584 non
281 1533 433 1599 quod
464 1533 617 1596 jubet
648 1532 761 1598 ipse
789 1532 949 1592 Deus,
983 1541 1044 1582 ut
1070 1531 1215 1582 divi-

149 1624 217 1660 nae
238 1608 480 1659 serviant
521 1607 816 1670 voluntati3
856 1607 1072 1673 quando
1109 1622 1214 1657 au-

149 1689 242 1730 tem
272 1678 349 1728 ita
379 1677 592 1728 faciunt
614 1678 758 1743 quod
782 1678 988 1740 volunt,
1013 1692 1214 1743 quam-

145 1749 215 1801 vis
236 1749 487 1799 volentes
518 1759 673 1814 agant
702 1749 847 1814 quod
864 1758 1049 1814 agunt,
1064 1747 1213 1798 illius

144 1830 309 1872 tamen
336 1821 595 1871 voluntas
632 1828 713 1869 est
742 1834 773 1869 a
806 1834 914 1885 quo
940 1833 1213 1884 praepara-

144 1903 220 1944 tur
244 1902 297 1943 et
336 1892 558 1958 jubetur
584 1891 732 1956 quod
772 1892 979 1941 volunt.
1010 1891 1212 1941 Volens

145 1966 213 2018 fac
237 1968 389 2034 quod
436 1964 675 2031 juberis;
718 1974 877 2031 atque
910 1965 985 2015 ita
1024 1974 1076 2015 et
1106 1965 1210 2016 hoc

144 2036 293 2088 facies
315 2037 471 2103 quod
498 2036 602 2098 vis,
644 2044 697 2084 et
746 2051 855 2084 non
882 2037 1211 2086 voluntatem

146 2119 279 2160 tuam
302 2109 488 2171 facies,
515 2107 609 2158 sed
637 2107 893 2172 jubentis,
918 2127 945 2155 υ
968 2108 1126 2159 Unde
1158 2118 1212 2158 et

146 2181 456 2235 Ber-nardus·
494 2199 512 2232 .-
543 2201 566 2228 u
609 2179 872 2246 Spiritum
926 2179 1211 2231 discretio-

146 2255 222 2306 nis
261 2253 407 2304 nihil
452 2252 531 2303 ita
584 2252 879 2317 exstinguit
901 2251 1041 2302 sicut
1079 2267 1213 2317 pro-

145 2327 253 2392 pria
277 2327 556 2383 voluntas,
584 2324 914 2375 voluntatem
943 2323 1063 2374 dico
1091 2340 1214 2389 pro-

144 2396 325 2462 priam,
356 2410 482 2461 quae
513 2410 625 2444 non
649 2403 731 2444 est
749 2393 1058 2445 communis
1085 2410 1210 2445 cum

142 2469 243 2518 Deo
266 2477 320 2519 et
344 2465 705 2528 hominibus;
738 2465 832 2515 sed
878 2473 1059 2515 nostra
1084 2475 1210 2515 tan-

140 2551 268 2605 tum,
317 2540 377 2590 id
407 2548 489 2589 est
517 2538 736 2604 quando
769 2537 915 2602 quod
950 2537 1211 2587 volumus

144 2629 245 2664 non
269 2613 338 2663 ad
379 2611 651 2661 honorem
680 2608 796 2671 Dei,
822 2623 932 2657 non
964 2608 1029 2657 ad
1053 2607 1209 2657 utili-

142 2695 294 2735 tatem
324 2680 590 2749 proximi,
612 2680 705 2730 sed
738 2688 951 2744 propter
970 2687 1211 2728 nosmet-

143 2755 281 2822 ipsos
340 2754 621 2805 facimus·
610 2790 625 2814 ,
697 2766 808 2800 non
870 2749 1211 2800 intendentes

144 2828 341 2893 plaoete
390 2825 508 2874 Deo
546 2833 599 2872 et
626 2822 877 2887 prodesse
926 2820 1209 2884 proximis,

143 2898 230 2947 sed
292 2893 607 2945 satisfacere
681 2889 994 2955 nobisipsis.
1072 2890 1211 2940 Huic

142 2966 401 3018 contraria
422 2962 622 3014 caritas
657 2972 757 3022 est,
780 2976 903 3027 quae
938 2970 1019 3010 est
1043 2961 1207 3011 Deus.

143 3037 277 3098 Quid
340 3034 498 3086 enim
549 3031 691 3093 odit,
742 3041 834 3081 aut
871 3031 1005 3097 quid
1057 3030 1210 3096 punit

141 3111 293 3171 Deus,
323 3119 521 3177 praeter
548 3108 878 3158 voluntatem
907 3103 1208 3170 propriam?

142 3182 317 3235 Cesset
341 3182 598 3233 voluntas
623 3178 859 3245 propria,
882 3189 934 3229 et
963 3176 1211 3228 infernus

144 3273 245 3308 non
301 3256 429 3307 erit.
466 3274 496 3301 n
526 3254 603 3305 Ut
659 3262 840 3302 autem
873 3250 951 3302 ait
1002 3251 1212 3302 Hiem-

142 3342 380 3395 nrmus:
414 3344 443 3373 α
474 3326 711 3375 Tantum
738 3322 925 3372 virtuti
963 3321 1209 3387 adjicies,

142 3409 400 3465 quantum
449 3392 714 3446 voluntati
757 3390 1112 3453 subtraxeris3
1161 3399 1213 3440 et

143 3483 255 3536 ergo
277 3484 395 3519 non
437 3465 674 3517 confidas
706 3464 761 3514 in
789 3462 1124 3513 orationibus
1161 3470 1214 3511 et

143 3538 388 3605 operibus
439 3537 679 3604 privatis,
721 3543 1027 3599 contempto
1056 3547 1213 3582 man-

145 3610 252 3662 (hto
303 3608 627 3676 superioris.
669 3626 692 3652 ι
736 3605 911 3666 Quia,
973 3613 1033 3655 ut
1079 3603 1213 3654 dicit

145 3683 506 3751 AugustinuS,
554 3679 718 3730 citius
776 3676 1059 3728 exauditur
1108 3691 1213 3726 una

147 3755 305 3805 oratio
332 3751 660 3813 obedientis,
685 3765 850 3815 quam
875 3748 1061 3799 decem
1097 3746 1214 3796 mil-

148 3823 206 3876 lia
239 3821 655 3888 contemptoris.
695 3819 775 3871 Et
805 3819 945 3879 ideo,
986 3827 1046 3869 ut
1084 3816 1215 3867 dicit

152 3894 470 3957 Ber-nardus,
502 3891 708 3959 grande
730 3891 933 3940 malum
974 3898 1055 3940 est
1078 3903 1211 3954 pro-

1319 463 1420 513 tibi
1467 465 1607 516 bona
1649 484 1760 517 non
1816 468 1945 520 sint.
1984 470 2211 530 Quando
2262 487 2388 522 vero

1318 535 1506 616 magis,
1555 547 1606 586 et
1645 540 1858 604 quando
1885 540 2069 591 minus
2112 541 2389 593 meritoria

1315 606 1387 657 sit
1425 608 1745 671 obedientia,
1788 613 2026 664 ostendit
2056 614 2385 679 GregoriuS,

1313 677 1528 732 dicens:
1551 700 1579 730 α
1596 683 1916 736 Obedientia
1939 686 2228 753 aliquando
2248 686 2295 737 si
2323 688 2389 737 de

1315 770 1416 807 suo
1458 755 1662 822 aliquid
1702 758 1911 840 habeat,
1957 761 2105 811 nulla
2151 770 2260 823 est3
2285 761 2389 811 ali-

1314 827 1532 892 quando
1590 837 1767 879 autem
1823 830 1868 879 si
1922 831 1988 881 de
2030 847 2133 882 suo
2180 831 2386 897 aliquid

1316 914 1428 948 non
1456 898 1666 960 habeat,
1691 901 1939 953 minima„
1968 904 2106 955 Nam
2125 920 2250 954 cum
2275 905 2386 954 hu-

1312 987 1399 1036 jus
1413 974 1606 1024 mundi
1619 990 1898 1026 successus
1918 977 2240 1043 praecipitur,
2261 993 2387 1027 cum

1315 1044 1467 1093 locus
1495 1044 1740 1110 superior
1759 1045 2083 1112 imperatur;
2122 1048 2171 1099 is
2194 1049 2289 1114 qui
2319 1048 2387 1098 ad

1316 1112 1658 1179 percipienda
1690 1115 1808 1166 haec
1838 1116 2039 1177 obedit,
2069 1117 2388 1169 obedientiae

1317 1183 1421 1234 sibi
1472 1185 1726 1236 virtutem
1780 1198 2016 1247 evacuat,
2065 1189 2110 1238 si
2163 1190 2227 1238 ad
2277 1189 2392 1238 hoec

1316 1254 1477 1305 etiam
1511 1270 1577 1306 ex
1614 1256 1832 1322 proprio
1861 1258 2128 1309 desiderio
2156 1260 2388 1310 anhelat.

1315 1327 1504 1393 Neque
1530 1327 1674 1377 enim
1711 1343 1770 1378 se
1811 1329 1914 1378 sub
1942 1330 2255 1380 obedientia
2295 1330 2389 1379 di-

1316 1396 1445 1462 rigit
1470 1436 1487 1457 ,
1542 1398 1639 1463 qui
1687 1399 1751 1448 ad
1821 1399 2157 1464 percipienda
2225 1401 2391 1465 hujus

1317 1467 1511 1518 mundi
1525 1484 1777 1533 prospera
1790 1469 2005 1519 libidini
2030 1471 2257 1536 propriae
2282 1487 2391 1520 am-

1318 1539 1536 1591 bitionis
1563 1541 1744 1592 servit.
1777 1542 2016 1592 Rursum
2044 1558 2167 1592 cum
2196 1542 2389 1593 mundi

1317 1611 1597 1676 despectus
1633 1612 1971 1677 praecipitur,
2014 1628 2139 1663 cum
2196 1614 2403 1681 probra„

1316 1680 1542 1746 adipisci
1600 1691 1653 1732 et
1706 1683 2046 1734 contumelioe
2097 1684 2383 1749 jubentur;

1315 1751 1423 1801 nisi
1464 1751 1576 1802 hoec
1616 1768 1681 1802 ex
1716 1754 2003 1819 semetipso
2030 1755 2248 1806 animus
2287 1771 2388 1821 ap-

1318 1833 1477 1889 petat,
1504 1823 1823 1875 obedientiae
1850 1824 1955 1875 sibi
1990 1827 2246 1877 meritum
2276 1827 2389 1876 mi-

1319 1894 1458 1954 nuit,
1503 1894 1598 1960 qui
1643 1895 1710 1944 ad
1755 1909 1816 1945 ea
1858 1912 1983 1962 quae
2037 1896 2096 1947 in
2128 1897 2229 1948 hac
2278 1897 2392 1947 vita

1317 1966 1560 2031 despecta
1623 1975 1753 2016 sunt
1773 2004 1788 2029 ,
1839 1966 2043 2018 invitus
2089 1969 2389 2034 nolensque

1316 2037 1608 2088 descendit.
1636 2038 1811 2088 Debet
1835 2053 1964 2104 ergo
2006 2039 2309 2090 obedientia
2336 2051 2390 2089 et

1317 2106 1376 2157 in
1417 2108 1654 2158 adversis
1686 2123 1751 2158 ex
1787 2124 1887 2159 suo
1917 2109 2123 2176 aliquid
2173 2109 2388 2167 babere,

1317 2188 1370 2231 et
1405 2194 1619 2230 rursum
1655 2178 1715 2230 in
1766 2181 2036 2247 prosperis
2060 2196 2126 2232 ex
2155 2196 2255 2231 suo
2284 2180 2389 2231 ali-

1315 2251 1450 2318 quid
1495 2251 1723 2302 omnino
1769 2268 1881 2303 non
1928 2254 2163 2304 habere:
2199 2263 2389 2318 quate·-

1318 2341 1423 2376 nus
1451 2325 1509 2375 in
1533 2325 1771 2376 adversis
1807 2337 1953 2376 tanto
1985 2327 2056 2376 sit
2082 2325 2388 2392 gloriosior,

1315 2406 1517 2461 quanto
1545 2394 1731 2444 divino
1760 2396 1935 2445 ordini
1961 2396 2121 2446 etiam
2148 2411 2215 2446 ex
2243 2393 2390 2445 desi-

1315 2465 1465 2516 derio
1484 2464 1727 2529 jungitur
1743 2481 1759 2528 ;
1782 2465 1914 2516 etin
1944 2464 2214 2532 prosperis
2242 2475 2389 2515 tanto

1316 2538 1387 2590 sit
1434 2537 1630 2597 verior,
1682 2548 1885 2603 quanto
1927 2554 1959 2588 a
1996 2537 2242 2603 praesenti
2273 2536 2390 2602 ipsa

1315 2624 1483 2675 quam
1516 2607 1778 2658 divinitus
1809 2607 2034 2674 percipit
2062 2607 2249 2673 gloria,
2274 2607 2391 2657 fun-

1314 2680 1462 2730 ditus
1516 2694 1581 2729 ex
1623 2688 1802 2729 mente
1847 2688 2118 2743 separatur
2155 2694 2171 2728 ι
2211 2698 2235 2724 1·
2276 2678 2389 2729 haec

1317 2750 1641 2815 Gregorius·
1695 2748 1765 2799 Ut
1791 2758 1970 2799 autem
1994 2748 2128 2798 dicit
2155 2749 2391 2798 Bernar-

1316 2823 1419 2871 dus
1449 2836 1464 2869 :
1496 2839 1525 2867 α
1553 2819 1683 2870 Tria
1730 2820 1944 2869 vincula
1993 2820 2148 2870 debet
2195 2820 2389 2870 habere

1316 2909 1437 2945 vera
1467 2893 1792 2955 obedientia,
1823 2893 2070 2945 videlicet
2100 2910 2114 2942 z
2145 2892 2389 2943 celerita-

1314 2975 1426 3015 tem
1451 2964 1509 3013 in
1536 2963 1791 3028 jussione,
1816 2964 2207 3028 jucunditatem
2236 2963 2289 3012 in
2319 2963 2389 3011 la·

1318 3036 1466 3094 bore,
1510 3034 1956 3098 perseverantiam
1984 3033 2040 3083 in
2068 3032 2248 3099 operis
2275 3048 2389 3083 exe-

1317 3105 1553 3156 cutione.
1586 3125 1609 3150 »
1633 3105 1908 3165 Quantum
1927 3120 2050 3155 vero
2089 3105 2294 3155 bonum
2319 3103 2391 3154 sit

1317 3178 1622 3230 obedientia
1666 3187 1719 3229 et
1765 3194 1860 3243 per
1887 3177 2194 3244 oppositum
2225 3192 2390 3243 quan·

1315 3261 1436 3302 tum
1486 3250 1691 3300 malum
1753 3249 2150 3309 inobedientia,
2203 3257 2390 3298 osten-

1320 3320 1402 3371 dit
1427 3319 1786 3385 Augustinus,
1816 3319 2001 3369 dicens
2040 3334 2055 3367 z
2095 3337 2123 3365 ιι
2151 3316 2392 3368 Perfecte

1321 3393 1467 3442 Deus
1492 3390 1871 3456 evidenterque
1893 3390 2215 3440 monstravit
2232 3405 2392 3455 quan-

1320 3472 1438 3512 tum
1496 3460 1566 3510 sit
1617 3461 1823 3510 bonum
1869 3460 2175 3510 obedientia
2196 3498 2212 3520 ,
2267 3475 2390 3510 cum

1320 3531 1602 3582 hominem
1646 3530 1702 3581 in
1752 3530 1997 3597 paradiso
2041 3531 2279 3596 positum
2323 3529 2390 3578 ab

1318 3619 1381 3655 ea
1398 3619 1455 3654 re
1483 3602 1782 3671 prohibuit,
1812 3618 1934 3668 quae
1960 3617 2071 3651 non
2098 3611 2207 3651 erat
2233 3599 2388 3649 mala.

1319 3674 1445 3724 Sola
1499 3673 1578 3723 ibi
1636 3672 1940 3722 obedientia
1983 3671 2160 3737 potuit
2210 3679 2390 3719 tenere

1318 3735 1572 3825 palmam,
1626 3743 1740 3793 015
1790 3742 2156 3792 inobedientia
2198 3738 2392 3789 incidit

1319 3816 1380 3865 in
1417 3829 1721 3880 poenam.»
1759 3814 1910 3865 Unde
1967 3823 2019 3863 et
2068 3811 2389 3863 Bet-nardus

1317 3886 1398 3937 sic
1440 3887 1602 3937 habet
1652 3903 1667 3936 ι
1722 3904 1751 3933 ιι
1803 3884 2168 3935 Inobedientia
2214 3884 2388 3934 Deum
