2757 4413
291 279 395 331 510
928 279 1180 331 PRIMAE
1206 278 1456 347 PARTIS
1485 277 1727 329 CAPUT
1760 278 1895 331 LVI.

291 410 518 462 cunque.
577 393 813 456 Quidam
866 403 997 445 sunt
1060 393 1208 444 surdi
1263 408 1356 459 per

291 467 469 517 cordis
524 465 780 516 duritiam
848 475 901 516 et
968 464 1356 515 immisericor-

293 539 457 601 diam,
489 537 601 588 sive
627 538 692 588 ad
724 537 1117 603 praedicationis
1153 551 1356 595 vocem,

293 608 405 659 sive
430 607 495 657 ad
526 623 819 674 pauperum
851 609 1138 658 clamorem
1171 624 1185 657 :
1221 621 1359 673 quos

292 681 485 731 liberat
507 680 755 731 Christus
780 681 1087 731 inclinando
1122 689 1360 730 mentem

295 752 362 802 ad
389 752 536 802 verbi
578 751 675 801 Dei
710 762 762 801 et
800 766 1094 817 pauperum
1134 749 1362 800 obaudi-

296 821 521 873 tionem.
572 821 807 882 Quidam
852 832 981 871 sunt
1020 820 1218 871 mortui
1270 833 1364 886 per

298 895 496 961 peccati
569 894 812 945 mortalis
892 893 1313 944 obstinationem
1349 908 1362 941 :

302 984 441 1034 quos
496 968 687 1019 liberat
741 967 992 1018 Christus
1045 967 1366 1017 vivificando

300 1041 361 1089 et'
386 1039 690 1089 renovando
722 1050 956 1089 mentem
993 1049 1045 1090 et
1085 1037 1366 1088 hominem

303 1108 629 1159 interiorem.
674 1108 909 1172 Quidam
951 1118 1075 1159 sunt
1110 1122 1368 1174 pauperes

303 1195 335 1230 a
383 1180 689 1230 coelestibus
737 1179 921 1246 gratiis
970 1192 1023 1231 et
1075 1178 1370 1231 virtutibus

307 1251 439 1301 nudi
467 1263 518 1302 et
544 1252 726 1303 miseri
751 1270 765 1303 z
791 1269 930 1320 quos
959 1252 1207 1304 Christus
1228 1252 1371 1301 libe-

305 1332 387 1372 rat
426 1322 644 1372 ditando
679 1333 914 1373 mentem
951 1322 1136 1388 gratiis
1165 1331 1218 1371 et
1252 1335 1370 1371 eam

304 1393 578 1443 vestiendo
606 1393 912 1444 virtutibuS.
936 1395 1041 1444 Ista
1067 1402 1246 1443 autem
1276 1390 1373 1440 mi·

306 1466 485 1515 racula
512 1465 808 1530 spiritualia
836 1476 961 1517 sunt
988 1466 1187 1530 majora
1209 1479 1374 1530 quam

310 1538 621 1603 corporalia.
652 1538 822 1605 Magis
866 1539 1013 1589 enim
1050 1548 1148 1597 est,
1179 1552 1376 1587 secun-

311 1609 443 1659 dum
493 1610 889 1674 Augustinum,
936 1607 1221 1674 justificare
1267 1606 1377 1656 im-

313 1680 490 1745 pium,
526 1695 691 1745 quam
739 1696 915 1730 creare
938 1681 1132 1730 coelum
1175 1689 1227 1728 et
1266 1688 1378 1726 ter-

316 1764 460 1812 ram3
501 1751 622 1815 plus
672 1760 753 1801 est
802 1749 1091 1815 justificare
1140 1749 1376 1799 animam

313 1819 373 1870 in
415 1829 671 1870 aeternum
696 1820 976 1884 victuram,
1006 1835 1170 1887 quam
1205 1818 1381 1869 susci-

317 1900 430 1941 tare
485 1906 699 1941 carnem
769 1891 965 1943 iterum
1031 1891 1377 1952 morituram;

319 1962 442 2028 plus
477 1972 556 2012 est
591 1962 648 2012 in
688 1962 867 2014 anima
902 1962 1190 2014 reformare
1240 1961 1384 2011 ima-

321 2035 501 2102 ginem
532 2035 648 2096 Dei,
677 2052 841 2102 quam
868 2036 923 2087 in
961 2050 1185 2102 corpore
1210 2033 1386 2085 refor-

322 2121 469 2156 mare
494 2106 770 2157 materiam
798 2107 966 2157 nostri
991 2106 1126 2157 limi.

334 2237 339 2242 ,
382 2193 419 2243 4
452 2178 606 2228 Nauo
642 2194 695 2228 nt
734 2179 972 2230 Cunrsro
1012 2191 1390 2230 scammum

323 2264 509 2298 neum.
536 2277 596 2286 -
620 2248 831 2299 Deinde
860 2249 1126 2300 Dominus
1156 2249 1390 2313 subjun-

325 2318 403 2385 git
449 2336 462 2368 :
499 2319 579 2369 Et
613 2320 796 2369 beatus
830 2326 910 2371 est
948 2320 1040 2386 qui
1077 2334 1179 2370 non
1213 2317 1394 2384 fuerit

327 2390 731 2456 scandalizatus
763 2390 816 2440 in
845 2406 943 2454 me,
976 2390 1181 2441 scilicet
1213 2389 1269 2439 in
1304 2388 1393 2439 in-

329 2459 579 2510 firmitate
608 2470 660 2510 et
695 2460 1029 2512 humanitate
1060 2476 1196 2524 mea,
1231 2459 1394 2509 dubi-

328 2531 492 2581 tando
532 2532 596 2581 de
624 2531 817 2582 deitate
846 2542 896 2582 et
927 2532 1109 2582 divina
1136 2529 1393 2596 potentia,

329 2602 552 2651 credens
589 2618 676 2652 me
717 2618 913 2668 purum
946 2596 1226 2652 hominem
1259 2613 1395 2659 esse,

332 2673 461 2739 quia
502 2690 591 2724 me
632 2675 777 2725 videt
826 2676 882 2725 in
924 2673 1167 2740 passibili
1209 2686 1394 2733 carne3

333 2746 521 2795 beatus
564 2745 658 2811 qui
689 2762 776 2797 me
816 2746 925 2812 pati
963 2745 1156 2796 viderit
1198 2752 1251 2794 et
1286 2759 1397 2793 non
1432 2751 1441 2759 “

335 2831 425 2866 me
452 2816 683 2882 negabit,
710 2818 861 2883 cujus
893 2816 1016 2868 fidei
1051 2816 1192 2867 nihil
1222 2825 1400 2866 tenta-

334 2887 503 2938 menti
537 2887 766 2938 afferunt
793 2903 941 2947 crux,
966 2904 1113 2938 mors
1141 2896 1193 2936 et
1220 2887 1402 2951 sepul-

336 2970 473 3010 tura.
503 2959 653 3010 Unde
676 2969 729 3009 et
755 2960 890 3009 latro
921 2959 1024 3009 fuit
1050 2960 1252 3017 beatuS,
1275 2956 1405 3022 quia

340 3048 451 3082 non
480 3031 583 3082 fuit
607 3032 1013 3082 scandalizatus,
1048 3030 1214 3091 Quasi
1251 3029 1405 3080 dice-

342 3113 423 3153 ret
447 3120 461 3153 2
485 3102 634 3153 Licet
651 3118 838 3168 operer
866 3111 925 3153 ut
946 3102 1090 3154 Deus
1116 3100 1404 3160 mirabilia,

343 3174 474 3240 quia
510 3184 708 3234 tamen,
740 3182 798 3223 ut
837 3172 1002 3223 homo
1031 3189 1153 3223 sum
1189 3170 1408 3223 crucifi-

344 3246 571 3311 genduS,
596 3245 891 3295 cavendum
919 3255 999 3294 est
1035 3245 1187 3295 valde
1222 3241 1411 3294 homi-

346 3316 528 3379 nibuS,
556 3331 622 3365 ne
650 3315 709 3365 in
734 3331 821 3365 me
846 3325 1075 3365 mortem
1095 3314 1409 3381 despiciant,

345 3389 441 3455 qui
467 3389 622 3454 signa
639 3398 987 3439 venerantur:
1000 3388 1066 3438 Et
1086 3388 1218 3438 bene
1239 3387 1411 3437 dixit:

346 3460 402 3510 in
439 3474 546 3523 me,
596 3474 706 3509 non
750 3474 782 3509 a
824 3474 942 3519 me,
993 3458 1123 3524 quia
1165 3458 1414 3508 Christus

352 3544 633 3597 nunquam
671 3528 773 3579 fuit
807 3545 963 3581 causa
1001 3529 1237 3580 scandali
1278 3528 1415 3579 acti-

350 3619 433 3663 ve,
478 3603 570 3653 sed
612 3602 788 3667 potuit
809 3607 945 3663 {esse
988 3601 1224 3668 quodam
1253 3600 1416 3650 modo

353 3673 573 3723 materia
618 3673 846 3724 scandali
894 3682 948 3722 et
995 3671 1221 3722 occasio,
1263 3672 1419 3722 Unde

353 3757 406 3795 et
463 3745 657 3796 dicitur
715 3756 862 3811 petra
921 3742 1148 3795 scandali
1208 3758 1222 3792 :
1272 3752 1421 3809 petra

355 3818 499 3867 enim
523 3819 734 3869 nullum
756 3817 1090 3878 scandalizat,
1116 3815 1244 3882 quia
1271 3825 1422 3866 natu·

355 3905 427 3942 1·ae
455 3905 566 3942 suae
600 3890 842 3942 debitum
880 3889 1028 3953 facit3
1055 3889 1146 3939 sed
1175 3889 1242 3938 de
1275 3898 1422 3955 petra

1481 407 1689 457 οπως,
1736 395 1819 445 vel
1877 395 2121 448 incautus
2167 399 2563 453 scandalizatur

1489 464 1583 531 qui
1619 465 1847 518 laeditur.
1889 468 1948 517 In
1979 468 2083 518 hoc
2117 485 2243 535 ergo
2286 471 2563 524 Dominus

1492 535 1853 587 internuntios
1878 538 2098 588 Joannis
2120 540 2214 605 qui
2241 555 2364 590 eum
2389 542 2566 593 Chri-—

1492 617 1637 655 stum
1676 623 1784 656 non
1826 609 2108 659 credebant
2143 613 2390 676 percutit,
2436 623 2490 664 et
2530 627 2568 664 a

1496 676 1729 741 perfidiae
1744 679 1991 729 scandalo
2015 680 2252 746 castigat.
2277 683 2389 733 Hoc
2410 683 2567 734 enim

1496 747 1712 797 induxit
1739 756 1799 799 ut
1825 749 2049 800 Joannis
2077 751 2367 818 discipulos
2402 753 2470 803 ad
2506 767 2571 804 se

1498 818 1732 870 traheret
1781 821 1874 886 qui
1920 822 1987 872 de
2030 838 2093 873 eo
2135 824 2571 884 offendebantur,

1500 887 1627 953 quia
1679 889 1938 941 Joannes.
1965 891 2023 942 in
2081 894 2338 959 operibus
2394 895 2574 959 major

1499 958 1744 1010 clarebat.
1789 960 1953 1019 Quasi
1987 962 2066 1012 eis
2090 963 2293 1026 *diceret
2331 981 2344 1014 ε
2373 965 2577 1016 Videte

1503 1044 1571 1078 ne
1604 1030 2035 1082 scandalizemini
2073 1032 2128 1082 in
2170 1049 2274 1093 me,
2310 1044 2362 1084 et
2403 1049 2474 1085 ne
2510 1034 2575 1084 in

1502 1098 1686 1164 aliquo
1714 1100 1782 1150 de
1804 1116 1891 1151 me
1916 1101 2098 1152 minus
2122 1102 2383 1154 sentiatis·

1571 1169 1599 1220 5
1635 1170 1754 1220 Cun
1786 1172 2031 1223 Donmus
2057 1174 2298 1224 JOANNEM
2324 1190 2579 1225 coum-:N—

1507 1259 1753 1303 mvemr,
1779 1260 1847 1295 ετ
1888 1261 1942 1294 n«
1978 1263 2233 1297 Ansam-m
2262 1263 2582 1298 nxscmuco-

1506 1331 1618 1365 nun
1640 1315 1791 1366 mus?
1817 1345 1880 1355 —
1900 1317 2050 1368 Sicut
2069 1330 2246 1369 autem
2275 1321 2586 1369 Praecursor

1508 1388 1817 1439 intendebat
1892 1404 2138 1441 amovere
2210 1408 2241 1442 a
2327 1391 2585 1457 discipu-

1510 1461 1579 1510 lis
1627 1460 2020 1512 dubitationem
2071 1465 2137 1514 de
2194 1464 2411 1515 Christo
2436 1502 2450 1527 ‚
2499 1463 2586 1514 sic

1510 1535 1752 1585 Salvator
1802 1534 1918 1585 vice
1970 1551 2123 1586 versa
2171 1553 2202 1588 a
2267 1537 2440 1587 turbis
2509 1536 2586 1587 de

1512 1605 1859 1664 Praecursore,
1885 1607 2271 1657 commendans
2294 1623 2416 1657 eum
2443 1607 2590 1657 mul-

1512 1674 1766 1740 tipliciter
1820 1675 2026 1736 turbiS,
2081 1691 2202 1742 quae
2268 1677 2590 1727 nesciebant

1514 1744 1833 1811 mysterium
1889 1756 2186 1806 secretum,·
2216 1763 2310 1797 seu
2360 1762 2589 1797 causam

1514 1817 1965 1882 interrogationiS,
1996 1832 2065 1867 ne
2117 1818 2286 1868 turbae
2336 1817 2593 1883 suspica-

1515 1900 1701 1939 rentur
1718 1890 1976 1940 Joannem
2008 1890 2147 1940 male
2166 1899 2373 1940 motum
2394 1889 2591 1953 fuisse,

1517 1970 1569 2010 et
1610 1960 1730 2015 ideo
1775 1960 2070 2026 discipulos
2116 1960 2347 2021 misisse,
2387 1976 2448 2012 ac
2490 1975 2595 2026 per

1519 2032 1622 2081 hoc
1641 2031 1827 2081 minus
1849 2033 2123 2082 crederent
2140 2032 2424 2097 praeteritis
2443 2030 2598 2081 testi-

1521 2102 1723 2152 moniis
1780 2102 2018 2154 Joannis.
2072 2103 2366 2153 Audientes
2437 2101 2596 2152 enirn

1522 2172 1879 2240 quaestionem
1932 2189 1964 2224 a
2030 2174 2310 2240 discipulis
2363 2172 2599 2225 Joannis

1526 2247 1744 2298 Christo
1787 2247 2137 2313 propositam,
2190 2259 2376 2313 putare
2430 2255 2599 2312 pote-

1527 2332 1645 2380 rant
1666 2322 1928 2372 Joannem
1951 2322 2121 2373 levem
2150 2321 2206 2371 in
2232 2321 2354 2381 fide,
2378 2331 2429 2371 et
2457 2319 2604 2370 mol-

1528 2395 1634 2444 lem
1689 2392 1743 2443 in
1778 2394 1904 2454 vita,
1948 2393 2078 2459 quia
2112 2394 2390 2444 videbatur
2440 2392 2603 2458 prius

1529 2467 1661 2515 dum
1719 2475 1830 2516 erat
1875 2465 2012 2516 liber
2061 2466 2128 2516 de
2179 2465 2395 2515 Christo
2449 2462 2606 2514 affir-

1532 2551 1722 2596 masse,
1755 2551 1876 2601 quae
1905 2536 2067 2586 modo
2100 2536 2158 2585 in
2191 2550 2413 2594 carcere,
2439 2533 2606 2601 quasi

1530 2608 1847 2659 adversitate
1868 2608 2081 2673 fractuS,
2105 2610 2316 2660 videtur
2340 2623 2606 2674 quaerere.

1534 2679 1774 2739 LevitaS,
1817 2679 1883 2728 ad
1928 2680 2318 2731 haesitationem
2357 2679 2609 2741 rationis,

1534 2747 1810 2809 mollities,
1856 2750 1920 2799 ad
1971 2749 2453 2816 concupiscentiam
2498 2765 2612 2801 vo-

1535 2819 1753 2885 luptatis
1778 2818 2036 2885 pertinet3
2071 2830 2124 2870 et
2150 2831 2378 2886 utraque
2406 2820 2612 2870 Domi-—

1537 2905 1641 2940 nus
1673 2904 1704 2939 a
1732 2890 1939 2940 Joanne
1963 2891 2261 2955 concludit;
2295 2901 2349 2940 et
2376 2906 2504 2940 eum
2540 2890 2616 2941 de

1536 2960 1835 3023 contrariis,
1858 2970 1911 3010 et
1937 2960 2260 3026 quibusdam
2288 2961 2407 3011 aliis
2450 2976 2616 3011 com-

1540 3032 1769 3082 mendat.
1807 3031 1979 3097 Magis
2014 3041 2189 3082 autem
2230 3032 2403 3082 voluit
2450 3047 2618 3081 com-

1543 3102 1796 3152 mendare
1817 3101 2071 3152 Joannem
2099 3101 2156 3152 in
2180 3102 2420 3152 absentia
2443 3100 2620 3151 disci-

1542 3175 1796 3240 pulorum
1832 3176 1965 3238 ejuS,
2010 3191 2174 3241 quam
2208 3175 2264 3225 in
2305 3173 2619 3241 praesentia,

1544 3255 1604 3295 ut
1636 3246 1750 3310 ejus
1777 3246 2172 3296 commendatio
2196 3262 2303 3295 non
2335 3261 2402 3296 ex
2431 3244 2624 3296 favore.

1546 3319 1817 3379 human0,
1862 3320 1947 3369 vel
2001 3334 2066 3369 ex
2119 3319 2424 3370 adulatione
2446 3356 2460 3378 ,
2520 3318 2626 3368 sed

1545 3406 1729 3441 amore
1750 3390 1988 3440 veritatis
2011 3392 2294 3456 procedere
2316 3390 2594 3440 videretur
2607 3404 2627 3453 3

1549 3473 1602 3513 et
1633 3477 1724 3527 per
1750 3461 1853 3511 hoc
1879 3460 2065 3510 docuit
2095 3477 2195 3511 nos
2224 3460 2406 3526 fugere
2434 3470 2628 3510 notam

1547 3531 1873 3583 adulationis
1909 3531 1968 3581 in
1997 3530 2460 3582 commendatione
2486 3530 2632 3580 alio-

1549 3621 1692 3663 rum,
1713 3615 1766 3655 et
1786 3602 2021 3654 maxime
2041 3618 2378 3670 magnorum,
2404 3602 2461 3651 in
2488 3617 2634 3668 prae·

1552 3676 1724 3727 sentia
1745 3690 1951 3726 eorum.
1978 3675 2130 3726 Unde
2158 3674 2585 3740 chrysostomus
2606 3690 2631 3726 .-

1555 3767 1582 3793 «
1613 3748 1791 3808 Quam
1814 3747 1969 3806 bene,
1999 3745 2368 3796 recedentibus
2388 3744 2633 3810 discipu·

1551 3819 1639 3881 lis,
1692 3816 1854 3882 coepit
1902 3816 2116 3866 laudare
2167 3815 2461 3865 Joannem!
2495 3816 2629 3866 Non

1552 3890 1692 3941 sicut
1728 3887 1951 3954 quidam
1988 3886 2235 3937 homines
2271 3886 2630 3951 blanditores,
