2757 4413
356 295 359 298 ’
381 292 488 359 788

348 424 355 428 ·
381 406 482 456 sub
507 411 767 470 praetextu
787 397 1064 465 religionis
1091 397 1148 446 in
1176 396 1326 445 lucra
1348 409 1439 444 sa-

378 476 650 527 cerdotum
672 471 905 523 cedebat.
930 468 1082 519 Unde
1104 465 1441 528 instruebant

348 571 355 580 ·
374 544 517 595 filios
534 544 666 611 quid
690 541 868 609 egenis
885 538 1196 605 parentibus
1219 550 1441 600 respon-

372 620 580 678 derent,
606 627 659 669 et
687 617 788 666 hoc
813 623 895 663 est
924 611 1069 677 quod
1099 611 1335 660 Salvator
1363 608 1440 657 di-

346 689 446 740 -cit
484 707 506 740 ⁷:
544 689 650 739 Vos
696 692 888 745 autem,
927 681 1132 731 scilicet
1184 679 1437 729 adversa-

376 760 502 821 tive,
555 758 751 820 dicitis,
802 755 856 805 id
899 763 981 804 est
1039 752 1097 802 in
1153 748 1440 800 traditione

376 844 549 884 vestra
589 832 723 881 alios
760 826 1046 887 instruitiS‚
1074 823 1209 874 falso
1238 822 1439 872 scilicet

377 902 698 970 exponendo
726 900 1039 949 mandatum
1084 895 1179 946 Dei
1214 909 1310 960 pro
1347 894 1437 943 lu-

350 994 466 1029 ·cro
502 985 715 1027 vestro:
762 973 1071 1036 Quicunque
1112 968 1334 1031 dixerit,
1383 966 1440 1015 id

376 1058 458 1099 est
505 1047 679 1096 dicere
718 1043 930 1110 poterit,
962 1040 1119 1108 patri
1145 1039 1228 1090 vel
1255 1037 1437 1101 matri,

379 1139 412 1173 o
442 1132 591 1188 pater
619 1130 672 1171 et
700 1130 887 1179 mater,
909 1118 1004 1184 qui
1034 1116 1244 1181 indiges
1265 1123 1317 1164 et
1342 1128 1440 1179 pe-

353 1193 452 1245 ‘tis
483 1208 685 1243 munus
717 1206 749 1241 a
784 1205 890 1250 me,
934 1202 1124 1238 munus
1171 1186 1443 1252 quodcun-

379 1281 480 1333 que
498 1272 580 1316 est
602 1280 677 1315 ex
696 1279 800 1326 me,
835 1262 890 1312 id
926 1272 1006 1312 est
1037 1276 1100 1310 ex
1133 1272 1252 1308 mea
1273 1258 1443 1307 devo-

376 1340 525 1390 tione
571 1340 682 1389 Deo
728 1337 930 1387 scilicet
978 1340 1343 1384 consecratum
1392 1339 1445 1379 et

388 1414 647 1473 oblatum,
701 1411 796 1462 tibi
830 1409 1093 1475 proderit,
1126 1404 1337 1456 sci-licet
1369 1403 1443 1453 ad

379 1486 669 1536 utilitatem
724 1483 936 1539 animae,
978 1478 1152 1545 magis
1194 1492 1358 1543 quam
1396 1475 1441 1525 si

380 1557 564 1608 darem
616 1554 754 1615 tibi,
806 1553 934 1619 quia
978 1561 1113 1600 tunc
1168 1548 1443 1614 prodesset

354 1631 480 1681 ‘soli
518 1628 748 1696 corpori.
777 1627 892 1686 Vel,
930 1634 1107 1691 potest
1134 1622 1242 1688 {egi
1273 1622 1443 1671 inter-

378 1701 613 1767 rogative
641 1699 739 1762 sic,
768 1712 958 1747 munus
991 1694 1331 1761 quodcunque
1362 1696 1443 1741 est

373 1789 452 1825 ex
469 1788 568 1836 me,
590 1773 645 1822 id
673 1781 752 1821 est
778 1786 842 1820 ex
869 1768 1007 1818 meis
1035 1768 1196 1816 rebus
1213 1765 1324 1829 'jam
1358 1764 1442 1813 de-

375 1854 562 1895 votum
588 1844 721 1902 Dec,
748 1842 845 1891 tibi
855 1836 1146 1905 proderit?
1166 1835 1331 1896 Quasi
1353 1834 1443 1883 di-

379 1927 466 1967 cat
493 1932 506 1965 ε
537 1915 694 1975 Quod
724 1912 844 1964 vovi
876 1912 986 1961 Deo
1013 1910 1096 1960 vis
1119 1909 1228 1959 tuis
1251 1908 1445 1957 usibus

377 1986 658 2052 applicare,
690 1993 742 2033 et
787 1982 888 2032 tibi
935 1979 1216 2047 prodesse?
1266 1979 1441 2040 Absit,

355 2058 509 2125 ‘quia
541 2056 877 2122 sacrilegium
921 2054 1137 2114 facere5‚
1160 2053 1209 2103 si
1236 2052 1445 2117 accipe-

358 2131 484 2182 res.
514 2130 603 2181 Sic
634 2130 881 2180 dicebant
915 2128 1242 2194 parentibus»,
1274 2134 1336 2176 ut
1363 2125 1443 2175 illi

358 2203 634 2254 'timentes
683 2202 921 2268 accipere
954 2200 1100 2268 quod
1136 2200 1247 2250 Deo
1291 2196 1444 2248 vide-

362 2278 514 2328 ‘bant
554 2276 935 2342 mancipatum,
966 2284 1019 2324 et
1043 2271 1307 2338 sacrilegii
1335 2271 1445 2321 cri-

361 2359 506 2399 'men
585 2340 855 2398 incurrere
882 2384 897 2408 ,
964 2345 1190 2409 ‘inopem
1267 2341 1445 2406 magis

356 2420 582 2485 'vellent
607 2419 774 2469 vitam
817 2417 1010 2467 ducere
1041 2429 1205 2480 quam
1245 2414 1310 2462 de
1353 2427 1444 2462 sa-

382 2489 672 2541 cramentis
731 2488 1028 2538 comedere.
1088 2484 1161 2534 Et
1214 2492 1295 2533 est
1354 2483 1446 2532 hic

378 2560 702 2613 constructio
733 2557 1007 2609 defectiva.
1034 2555 1187 2606 Unde
1209 2562 1288 2603 est
1317 2568 1443 2603 sen-

377 2651 470 2686 sus
496 2653 510 2686 :
542 2634 848 2698 Quicunque
884 2628 1108 2690 dixerit,
1147 2636 1266 2690 etc.‚
1292 2625 1444 2675 scili-

368 2719 458 2760 ·cet
515 2708 688 2771 licite;
741 2715 793 2756 et
846 2704 987 2754 bene
1034 2708 1212 2766 potest
1269 2698 1443 2749 dicere

378 2780 533 2841 illud,
550 2791 607 2831 et
626 2779 817 2844 implet
837 2770 1179 2842 praeceptum'
1194 2769 1440 2820 divinum

374 2861 429 2900 et
457 2853 675 2918 Legem,
697 2860 751 2900 et
776 2858 855 2900 est
888 2847 1085 2912 dignus
1109 2843 1220 2894 vita
1248 2850 1443 2892 aeterna

377 2931 431 2971 et
456 2976 465 2980 ,
489 2937 655 2986 regno
711 2920 999 2982 coelorum;
1051 2914 1196 2982 quod
1262 2922 1441 2963 tamen

383 3001 465 3042 est
510 2991 727 3051 falsum,
778 2990 906 3057 quia
951 2987 1247 3038 secundum
1298 2985 1442 3034 veri-

381 3071 545 3112 tatem
598 3071 682 3112 est
750 3071 1109 3126 transgressor
1169 3056 1440 3122 praecepti.

381 3133 455 3184 Et
504 3132 608 3181 hoc
664 3141 745 3181 est
804 3131 949 3196 quod
1018 3127 1317 3180 subditur:
1365 3127 1444 3177 Et

381 3204 460 3254 sic
525 3217 620 3268 per
683 3212 891 3269 vestras
950 3200 1229 3251 suasiones
1295 3197 1443 3248 filius

381 3285 562 3342 postea
628 3288 730 3324 non
803 3271 1176 3339 honorificabit
1225 3276 1443 3337 patrem

358 3346 538 3398 suum
587 3351 638 3396 et
687 3349 928 3406 mairem,
967 3343 1099 3393 illud
1143 3342 1292 3409 quod
1333 3351 1445 3392 erat

381 3419 488 3470 sibi
530 3416 772 3468 debitum
812 3414 1194 3475 subtrahendo,
1247 3423 1317 3473 et,
1366 3413 1446 3463 ita

381 3492 593 3541 irritum
625 3487 847 3555 fecistis
878 3486 1184 3536 mandatum
1225 3485 1347 3548 Dei,
1377 3484 1445 3534 de

382 3563 694 3629 parentibus
753 3559 952 3611 scilicet
1018 3558 1346 3609 honorandis
1393 3567 1446 3608 et

377 3635 743 3688 sustentandis
760 3673 775 3696 ,
816 3638 1044 3701 propter
1104 3631 1444 3682 traditionem

380 3714 629 3771 vestram,
674 3721 796 3774 quae
835 3714 1025 3755 vestrae
1068 3703 1233 3753 servit
1263 3701 1443 3754 avari-

379 3779 490 3830 tiae.
526 3778 692 3839 Quasi
727 3777 965 3828 diceret:
1000 3775 1311 3826 Mandatum
1336 3773 1448 3840 pie-

376 3851 504 3901 tatis
549 3851 793 3902 deseritis
836 3859 1054 3917 propter
1097 3847 1444 3913 cupiditatem

374 3922 692 3987 impietatis.
721 3923 823 3974 Sed
850 3923 972 3974 vide
1012 3936 1080 3972 ne
1108 3919 1214 3970 hac
1256 3928 1444 3971 aucto-

963 283 1203 335 PRIMAE
1236 279 1485 331 PARTIS
1515 275 1753 329 CAPUT
1786 275 2112 326 LXXXVIII.

1555 392 1730 451 ritate,
1759 398 1821 441 ut
1858 390 2079 457 plurimi
2118 389 2342 451 faciunt,
2378 391 2636 441 abutaris

1555 480 1716 531 supra
1763 464 1988 514 modum
2041 464 2107 514 de
2162 463 2323 513 rebus
2366 463 2636 515 Ecclesia·-

1555 550 1608 589 et
1657 554 1955 605 pauperum
2011 552 2237 603 erogans
2322 537 2634 587 arentibus.

1554 608 1637 660 Ad
1667 611 1923 676 majorem
1951 618 2130 659 autem
2176 608 2259 658 int
2293 609 2522 658 llectum
2556 619 2637 659 est

1552 682 2019 742 considerandum,
2055 681 2201 747 quod
2233 691 2382 746 pater
2426 696 2528 747 per
2577 696 2637 732 se

1552 764 1769 804 tenetur
1819 754 1949 804 filiis
1995 754 2306 819 providere3
2362 752 2498 819 quia
2553 765 2638 805 est

1547 840 1713 875 causa
1753 840 1945 875 eorum
1997 834 2261 891 quantum
2307 826 2373 873 ad
2408 840 2555 885 esse,
2580 836 2637 876 et

1555 896 1679 946 ideo
1705 897 1871 949 debet
1903 897 1980 946 eis
2015 896 2411 946 nutrimentum
2444 905 2502 946 et
2532 897 2637 947 do·

1555 976 1887 1017 cumentum,
1942 967 2112 1017 Filius
2172 977 2355 1017 autem
2408 976 2636 1019 tenetur

1553 1038 1836 1103 providere
1888 1038 2220 1105 parentibus,
2270 1039 2339 1089 de
2375 1054 2635 1090 necessu-

1549 1109 1654 1159 riis
1695 1125 1788 1175 per
1826 1110 2094 1172 accidens,
2122 1110 2329 1160 scilicet
2348 1110 2394 1160 si
2427 1110 2510 1160 illi
2543 1110 2635 1160 in·-

1551 1179 1792 1246 -digeant,
1826 1190 1879 1231 et
1911 1182 2029 1246 ipse
2064 1180 2135 1230 sit
2167 1190 2374 1246 potens.
2395 1180 2476 1230 Et
2500 1180 2636 1232 ideo

1560 1253 1605 1303 si
1654 1263 1803 1319 pater
1830 1255 1937 1319 jam
1965 1254 2333 1304 necessitatem
2376 1253 2635 1305 incurre-

1527 1349 1530 1350 ν
1557 1333 1656 1385 ret,
1689 1324 1828 1374 bona
1861 1326 1933 1375 de
1959 1324 2163 1390 quibus
2191 1324 2341 1375 filius
2372 1334 2562 1390 potest
2579 1325 2636 1376 ei

1555 1396 1955 1457 administrare,
1992 1397 2098 1461 jam
2127 1395 2238 1445 sibi
2270 1396 2454 1447 debita
2481 1407 2636 1447 sunt.

1559 1469 1638 1518 De
1678 1468 1856 1518 alieno
1883 1477 2066 1517 autem
2095 1468 2278 1518 nullus
2312 1476 2493 1532 potest
2519 1469 2640 1519 Deo

1558 1538 1729 1589 facere
1767 1538 2108 1601 sacrificium,
2134 1548 2186 1588 et
2216 1538 2337 1588 ideo
2376 1540 2511 1590 talia
2546 1539 2639 1589 of-

1559 1610 1695 1661 ferre
1727 1627 1838 1661 non
1868 1621 1951 1662 est
1978 1609 2205 1674 licitum,
2236 1610 2364 1676 quia
2405 1611 2514 1661 hoc
2543 1620 2644 1661 est

1559 1684 1857 1751 transgredi
1916 1693 2241 1750 praeceptum
2295 1683 2364 1733 de
2422 1683 2640 1735 honere

1561 1766 1881 1821 parentum3
1931 1770 2085 1805 secus
2143 1764 2325 1805 autem
2374 1754 2421 1804 si
2477 1754 2638 1807 filins

1565 1828 1707 1877 bona
1729 1843 1828 1878 sua
1859 1827 2096 1878 vovisset
2121 1835 2411 1892 antequam
2436 1841 2638 1891 paren-

1558 1907 1638 1949 tes
1667 1898 1722 1947 in
1751 1896 2061 1948 necessitate
2079 1897 2241 1963 positi
2270 1907 2471 1958 essent,
2497 1899 2642 1964 quia

1557 1978 1691 2019 tune
1722 1985 1834 2018 non
1853 1978 2000 2019 esset
2038 1968 2251 2019 licitum
2283 1967 2353 2018 de
2385 1968 2467 2018 eis
2494 1984 2640 2034 pro·

1556 2039 1739 2090 videre
1771 2039 2105 2105 parentibus.

1624 2108 1652 2159 3
1702 2111 2017 2161 HrPocmsrs
2048 2110 2453 2159 PnanrsAEonux
2489 2125 2638 2159 nan-

1554 2198 1759 2234 nnun-
1800 2210 1859 2221 -—
1900 2181 2108 2232 Deinde
2153 2181 2481 2247 redarguens
2542 2195 2639 2234 eos

1559 2256 1627 2307 de
1667 2253 1963 2306 sanctitatis
1987 2253 2352 2314 simulatione,
2403 2254 2636 2305 subdit:

1559 2329 1903 2397 Hypoen'toe,
1954 2329 2080 2378 bene
2110 2327 2530 2394 prophetizavit
2574 2329 2644 2380 de

1560 2402 1710 2452 vobis
1760 2400 1959 2463 Isaiae,
2003 2399 2185 2449 dicens
2215 2416 2232 2448 .·
2268 2397 2518 2462 Populus
2551 2398 2643 2450 hic

1561 2473 1721 2524 labiis
1739 2485 1826 2522 me
1852 2471 2097 2534 honorat,
2125 2475 2417 2520 coi-autem
2445 2483 2642 2520 eorm

1561 2547 1723 2612 longe
1766 2550 1848 2595 est
1886 2558 1922 2594 a
1949 2557 2063 2606 me3
2109 2541 2239 2608 quia
2277 2541 2643 2593 ostendebant

1560 2619 1898 2670 sanctitatem
1935 2616 2002 2667 in
2041 2615 2224 2666 verbis
2271 2623 2327 2664 et
2373 2615 2639 2665 nteriori

1558 2689 1979 2748 conversatione,
2026 2701 2149 2738 cum
2177 2695 2359 2736 tamen
2390 2686 2639 2752 corrupti

1556 2770 1739 2814 essent
1764 2761 1908 2811 mala
1949 2758 2271 2809 intentione.
2303 2757 2426 2806 Hoc
2455 2768 2641 2822 potest

1558 2833 1663 2883 dici
1710 2832 1779 2883 de
1832 2829 2067 2896 illisqui
2115 2829 2253 2879 bene
2298 2826 2534 2889 docent,
2587 2839 2638 2880 et

1558 2905 1699 2955 male
1747 2903 1977 2966 vivunt;
2018 2899 2179 2950 labiis
2227 2897 2378 2949 enim
2424 2908 2481 2948 et
2521 2913 2634 2948 non

1558 2977 1717 3028 corde
1763 2977 1939 3027 Deum
1994 2973 2294 3029 honorare,
2351 2980 2438 3020 est
2493 2971 2637 3021 bene

1555 3049 1707 3116 loqui
1755 3057 1808 3098 et
1848 3046 1988 3096 male
2015 3045 2214 3096 vivere.
2260 3042 2394 3093 Sine
2437 3057 2628 3104 causa,

1558 3133 1611 3174 et
1634 3122 1849 3181 frustra,
1891 3119 2075 3170 colunt
2093 3131 2197 3180 me,
2232 3131 2343 3166 non
2367 3116 2634 3168 habentes

1560 3195 1796 3246 fructum
1822 3193 1982 3256 inde;
2015 3192 2155 3242 sicut
2178 3189 2327 3240 enim
2353 3188 2631 3240 medicina

1557 3267 1754 3317 dicitur
1789 3264 1990 3315 frustra
2032 3273 2084 3314 et
2105 3262 2222 3313 sine
2246 3275 2408 3312 eausa
2437 3260 2630 3327 propi-

1558 3338 1693 3400 nari,
1752 3351 1873 3405 quae
1921 3350 2028 3386 non
2071 3333 2282 3386 confert
2324 3332 2628 3390 sanitatem,

1561 3410 1641 3461 sic
1677 3409 1860 3460 cultus
1902 3406 2121 3458 divinus
2163 3404 2258 3471 qui
2305 3418 2427 3454 non
2480 3402 2631 3454 ducit

1560 3484 1627 3534 ad
1677 3482 2014 3543 felicitatem3
2057 3479 2304 3529 docentes
2343 3475 2629 3527 doce-inus

1561 3561 1614 3606 et
1658 3553 1913 3604 mandata
1950 3550 2234 3611 hominum,
2275 3556 2334 3596 et
2375 3556 2479 3611 per
2507 3545 2631 3596 hec

1559 3623 1855 3690 transgredi
1899 3620 1995 3672 Dei
2037 3619 2373 3677 mandatum,
2409 3624 2631 3682 propter

1560 3697 1836 3757 avaritiam
1864 3704 1917 3745 et
1950 3694 2184 3744 lucrum.
2225 3691 2295 3740 Et
2338 3687 2631 3741 confutatis

1561 3770 1809 3836 superbis
1865 3778 1921 3819 et
1976 3763 2367 3832 superstitiosis
2419 3760 2632 3812 Scribis

1559 3853 1613 3894 et
1665 3840 1968 3901 PharisaeiS‚
2015 3838 2109 3904 qui
2168 3837 2235 3887 ad
2281 3843 2493 3901 partem
2539 3831 2631 3884 vi·-

1559 3915 1754 3968 dentur
1783 3912 1892 3966 sibi
1942 3909 2192 3980 praedicta
2230 3917 2420 3959 contra
2470 3904 2631 3961 dinei—
