2757 4413
304 268 411 321 636

300 397 352 437 et
391 386 524 436 illud
552 383 747 435 Psalmi
781 401 795 435 ε
830 385 964 435 Cum
1010 385 1127 452 ipso
1153 400 1273 436 sum
1309 385 1365 436 in

300 460 654 511 tribulatione.
687 488 747 498 -
777 460 958 510 Tertia
1001 469 1081 510 est
1125 460 1261 510 mala
1313 470 1366 510 et

301 530 526 588 turbata,
555 544 676 596 quae
697 545 805 579 non
835 539 1045 580 tantum
1075 529 1233 579 timet
1249 545 1366 596 pec-

299 610 496 660 catum,
520 610 783 666 quantum
812 601 1134 666 deprehendi
1164 599 1218 649 in
1242 616 1363 666 pec—

301 683 435 736 cato,
464 682 515 723 et
542 674 725 724 minus
751 673 907 723 timet
948 673 1045 724 Dei
1083 672 1360 735 offensam,

302 761 465 811 quam
493 746 689 811 peccati
714 745 1015 809 infamiam;
1047 745 1114 796 de
1153 762 1261 812 qua
1304 746 1361 796 in

304 818 519 868 Psalmo
549 834 562 868 ε
588 818 653 868 In
678 818 926 885 operibus
950 833 1199 869 manuum
1227 834 1362 869 sua-

301 884 420 940 rum
453 890 857 954 comprehensus
885 896 964 940 est
984 896 1258 955 peccator.
1294 891 1364 941 Et

301 958 528 1009 iterum:
558 960 728 1025 Imple
753 961 937 1025 facies
978 976 1159 1011 eorum
1198 961 1363 1028 igno-

302 1030 484 1094 minia,
513 1036 565 1080 et
591 1036 831 1095 quoerent
854 1046 1038 1083 nomen
1065 1038 1227 1096 tuum,
1257 1032 1365 1084 Do-

302 1099 456 1149 mine.
486 1128 547 1137 -
580 1101 781 1161 Quarta
821 1112 901 1152 est
937 1103 1074 1153 mala
1118 1112 1172 1152 et
1211 1112 1363 1152 tran-

301 1170 469 1236 quilla
494 1186 554 1222 ac
579 1187 671 1237 per
691 1174 793 1223 hoc
812 1189 1023 1225 summe
1043 1175 1359 1240 periculosa;

298 1242 404 1292 ista
427 1256 522 1292 nec
567 1243 723 1295 timet
749 1245 920 1296 Deum
956 1245 1242 1310 offendere,
1267 1258 1365 1295 nec

300 1311 578 1365 hominem
603 1324 817 1367 veretur
836 1317 1209 1382 scandalizare3
1241 1330 1364 1382 quae

910 268 1152 318 PRIMAE
1179 269 1430 320 PARTIS
1462 269 1695 321 CAPUT
1728 269 1915 319 LXIX.

1472 402 1597 436 cum
1632 386 1834 437 venerit
1858 387 1911 437 in
1924 386 2255 452 profundum
2274 395 2521 455 peccato-

1470 473 1604 520 rum,
1636 457 1919 509 contemnit
1926 477 1948 521 ,·
1990 466 2043 507 et
2070 456 2189 507 ideo
2232 457 2288 506 in
2320 469 2523 524 peccatu

1470 527 1649 593 quiete
1697 537 1896 578 manet.
1944 527 2048 578 Sed
2095 526 2235 577 nihil
2292 538 2374 579 est
2421 545 2526 595 quo

1471 608 1679 648 tantum
1713 609 2026 665 provocetur
2048 598 2285 650 vindicta
2309 601 2337 650 J
2342 600 2524 664 udicis,

1469 670 1607 720 sicut
1630 686 1753 720 cum
1779 670 2058 721 securitate
2088 685 2317 735 peccare,
2351 680 2404 721 et
2425 686 2527 722 non

1469 744 1723 794 desistere
1767 759 1799 795 a
1828 743 2077 809 peccatis,
2116 744 2264 794 Talis
2287 754 2369 794 est
2413 760 2530 796 con—

1468 810 1688 865 scie'ntia
1717 815 2095 880 quorumdam,
2144 813 2238 880 qui
2285 830 2412 864 cum
2447 830 2532 866 er-

1469 893 1590 935 rant
1621 895 1672 935 et
1700 884 2057 950 malefaciunt,
2086 884 2156 935 ita
2196 885 2343 951 quod
2374 886 2534 937 etiam

1469 958 1739 1024 Scriptura
1768 958 1852 1009 vel
1886 958 2089 1009 ratione
2131 958 2372 1009 convinci
2412 975 2535 1025 pos-

1470 1041 1617 1091 sunt,
1652 1030 1947 1097 postposito
1975 1031 2072 1081 Dei
2102 1030 2315 1091 timore,
2352 1031 2536 1083 dicunt

1470 1104 1615 1168 quod
1646 1118 1753 1152 non
1780 1101 1980 1152 faciunt
1999 1101 2102 1152 sibi
2133 1102 2534 1164 conscientiam,

1471 1183 1714 1238 putantes
1751 1172 1897 1239 quod
1936 1172 2098 1231 Deus,
2139 1172 2196 1222 in
2231 1172 2537 1238 judicandO,

1471 1262 1656 1297 eorum
1680 1256 1935 1313 sequatur
1962 1245 2277 1312 opinionem
2318 1247 2540 1311 phanta-

1469 1316 1673 1384 sticam,
1700 1328 1753 1370 et
1778 1316 2045 1382 relinquat
2063 1316 2346 1383 justitiam.

1280 1510 1554 1562 ORATIO

367 1678 599 1728 Domine
635 1679 761 1730 Jesu
806 1679 1039 1741 Christe,
1069 1679 1164 1746 qui
1207 1679 1456 1745 superbis
1498 1677 1722 1739 resistis,
1751 1688 1804 1729 et
1831 1675 2135 1729 humilibus
2167 1677 2261 1726 das
2285 1674 2545 1742 gratiam,

308 1749 374 1798 da
403 1750 609 1800 cunctis
640 1760 841 1801 statum
882 1752 1157 1818 dignitatis
1185 1759 1239 1801 et
1274 1750 1553 1817 regiminis
1591 1767 1689 1818 pro
1725 1751 1868 1802 bono
1901 1748 2224 1801 obedientiae
2266 1749 2547 1801 humiliter

308 1832 360 1871 et
402 1821 523 1871 sine
562 1822 862 1874 ambitione
895 1824 1332 1889 suscipientibus,
1363 1835 1414 1875 et
1440 1824 1517 1876 sic
1546 1825 1603 1875 in
1631 1841 1693 1876 eo
1719 1823 2197 1891 perseverantibus,
2229 1823 2464 1888 gratiam
2491 1822 2546 1873 in

309 1892 578 1956 praesenti,
607 1901 659 1941 et
694 1894 919 1958 gloriam
948 1894 1006 1945 in
1035 1894 1251 1958 futui-03
1279 1906 1331 1946 et
1356 1896 1606 1946 resistere
1646 1894 1970 1954 ambitiosis,
2011 1893 2270 1959 sepiendo
2314 1893 2432 1945 vias
2456 1908 2549 1944 eo-

309 1979 428 2014 rum
458 1963 649 2029 spinis,
682 1981 749 2015 ne
774 1978 1157 2032 prosperentur
1178 1968 1237 2018 in
1263 1968 1362 2028 eis,
1399 1969 1473 2018 ita
1500 1979 1559 2019 ut
1588 1985 1763 2036 neque
1792 1981 2020 2035 praeesse
2046 1964 2375 2015 hominibus
2401 1967 2549 2016 dele-

308 2043 532 2094 ctentur‚
580 2050 753 2101 neque
790 2036 1011 2088 honoris
1050 2038 1136 2088 sui
1174 2038 1548 2104 singularitate
1575 2041 1843 2103 laetentur,
1871 2037 2056 2104 sicque
2085 2037 2305 2087 tandem
2337 2037 2553 2088 illumi-—

310 2105 439 2164 nati,
469 2115 522 2155 et
547 2107 613 2155 ad
640 2122 735 2157 cor
761 2110 972 2170 reversi,
1000 2126 1031 2162 a
1057 2110 1310 2177 pestifero
1332 2111 1467 2162 vitio
1500 2113 1817 2165 ambitionis
1851 2111 2130 2171 desistant,
2171 2119 2229 2160 et
2261 2110 2399 2162 tales
2435 2124 2549 2162 esse

308 2177 571 2243 desinant,
595 2189 671 2241 ut,
697 2188 748 2231 te
775 2180 1079 2246 miserante,
1104 2183 1162 2236 in
1187 2193 1451 2237 aeternum
1475 2201 1587 2238 non
1609 2196 1844 2251 pereant.
1866 2187 2059 2236 Amen.

1123 2560 1457 2632 CAPUT
1497 2564 1736 2634 LX1X

312 2862 415 2930 De
450 2859 526 2932 e.)
563 2869 749 2955 quod
783 2868 1128 2938 Dominus
1161 2892 1377 2962 supra
1418 2894 1610 2942 mare
1650 2872 2056 2956 ambulavit,
2098 2885 2167 2944 et
2212 2876 2546 2956 Petrum,

985 3005 1064 3051 ne
1099 2997 1568 3076 mergeretur,
1611 2989 1863 3058 erexit.

1103 3294 1394 3359 Matthaei
1434 3316 1567 3380 cap.
1624 3317 1724 3380 14.

1474 3542 1554 3594 eis
1614 3543 1942 3595 contrarius,
2012 3543 2099 3594 Ex
2159 3559 2269 3609 quo
2331 3543 2552 3595 adverte

1473 3632 1636 3681 quam
1663 3616 2002 3667 formidanda
2032 3616 2104 3668 sit
2128 3616 2330 3667 Christi
2355 3617 2554 3667 absen-

1471 3689 1563 3747 tia,
1613 3687 1745 3753 quia
1794 3686 1871 3737 illi
1931 3687 2025 3753 qui
2070 3686 2272 3737 Christi
2314 3685 2549 3738 societa-

1472 3767 1523 3807 te
1551 3768 1733 3809 carent
1767 3756 2154 3808 tentationibus
2181 3766 2547 3822 exponuntur.

1471 3827 1732 3894 Conspice
1762 3829 1930 3894 igitur
1957 3845 2067 3889 eos,
2092 3838 2145 3879 et
2170 3827 2302 3893 ipsis
2330 3842 2548 3892 compa·

1470 3909 1598 3960 tere,
1632 3900 1760 3966 quia
1803 3900 1861 3950 in
1904 3916 2097 3967 magna
2140 3910 2267 3950 sunt
2294 3897 2547 3963 angustia

374 3539 393 3575 1
428 3525 633 3577 D1vrsto
652 3544 850 3580 ,noct-is
869 3546 925 3580 m
952 3546 1205 3590 Quaruoa
1229 3557 1364 3591 mn-

302 3607 413 3644 res.
442 3624 503 3633 —
530 3599 752 3648 Interim
780 3611 958 3652 autem
996 3608 1141 3670 quod
1168 3609 1361 3660 Domi—

301 3678 405 3739 nus
429 3667 598 3718 oravit
616 3668 674 3719 in
699 3682 883 3722 monte
899 3674 1064 3737 solus,
1094 3678 1357 3743 navicula,

300 3747 355 3814 tn
382 3749 487 3800 qua
512 3750 658 3789 erant
684 3739 934 3807 discipuli
969 3744 1022 3795 in
1047 3748 1217 3798 medio
1240 3764 1361 3798 ma-

300 3819 380 3854 rzs
400 3808 721 3889 jactabatur
756 3815 1022 3882 fluctibuS,
1058 3830 1111 3872 et
1145 3822 1358 3873 labora-

302 3874 426 3928 bant
455 3895 510 3930 ιι]
532 3885 863 3951 remigandO,
886 3890 1014 3957 quia
1033 3898 1219 3947 ventus
1241 3901 1360 3947 erat
