2757 4413
323 251 427 319 746
462 240 468 251 “

323 393 412 444 nis
457 410 567 444 non
611 394 797 445 leviter
839 405 918 445 est
964 394 1384 460 procedendum.

322 463 480 524 Nam,
502 463 664 513 etiam
687 465 983 514 secundum
1011 466 1154 529 leges
1182 463 1384 528 civileS‚

324 534 556 600 diligens
588 536 873 602 inquisitio
908 537 1064 586 debet
1093 537 1387 602 praecedere

324 607 662 670 sententiam3
712 608 802 656 sed
842 607 919 657 illi
962 608 1214 658 volebant
1265 623 1386 672 per-

325 689 474 724 verse
514 685 637 725 ante
678 691 793 724 esse
838 676 1178 726 damnatores
1222 691 1387 742 quam

324 746 646 811 cognitores,
676 746 934 796 Credebat
963 747 1305 808 Nicodemus,
1340 747 1387 796 si

323 819 701 869 tantummodo
737 819 1035 870 Dominum
1066 821 1249 870 Jesum
1286 822 1391 870 vel-

325 894 439 943 lent
486 894 746 958 patienter
797 894 1017 954 audire,
1070 895 1215 960 quod
1265 910 1388 944 ver-

326 965 458 1014 bum
500 965 703 1015 Christi
747 976 887 1016 esset
932 976 1092 1016 tantae
1142 965 1390 1016 efficaciae

324 1034 471 1100 quod
508 1033 645 1084 forte
674 1035 879 1086 similes
907 1034 1096 1085 fierent
1133 1035 1259 1094 illis,
1291 1036 1388 1102 qui

323 1105 390 1155 ad
420 1106 713 1155 tenendum
742 1122 867 1157 eum
898 1107 1053 1157 missi
1082 1107 1311 1167 fuerant,
1338 1117 1391 1157 et

323 1176 390 1227 ad
436 1177 597 1226 verba
626 1177 741 1241 ejus
787 1177 1029 1228 conversi
1070 1187 1194 1227 sunt
1236 1178 1292 1228 in
1326 1194 1390 1228 eo

324 1247 462 1298 facto
499 1248 563 1297 ad
593 1249 737 1313 quod
786 1249 937 1299 missi
986 1259 1153 1309 erant,
1185 1258 1237 1299 et
1269 1266 1390 1299 cre-

325 1320 542 1380 derent,
596 1321 736 1370 sicut
785 1321 866 1371 illi
909 1322 1268 1373 crediderunt.
1325 1323 1392 1371 Et

326 1393 449 1444 ideo
492 1394 704 1444 volebat
747 1409 841 1460 per
874 1394 977 1444 hoc
1018 1410 1109 1444 eos
1140 1394 1391 1444 inducere

326 1465 393 1514 ad
433 1465 763 1515 audiendum
816 1465 1116 1524 Christum,
1155 1474 1216 1514 ut
1259 1481 1388 1515 con-

324 1544 656 1584 verterentur
709 1551 803 1600 per
846 1536 1007 1585 verba
1062 1536 1207 1600 ejus,
1255 1535 1393 1584 sicut

297 1606 490 1676 ‚etiam
520 1608 633 1672 ipse
662 1606 766 1657 fuit
803 1623 1104 1658 conversuS.
1141 1606 1391 1657 Pharisaei

326 1694 454 1730 vero
476 1679 673 1728 invidia
696 1690 745 1728 et
774 1679 1048 1728 iracundia
1070 1678 1253 1744 agitati
1284 1694 1393 1728 non

327 1748 644 1813 recipientes
700 1750 765 1798 de
808 1749 1030 1798 veritate
1084 1748 1392 1813 persuasio-

328 1833 472 1880 nem,
504 1819 596 1867 sed
638 1819 812 1884 magis
854 1817 1149 1867 Nicodemo
1176 1829 1392 1869 contra-

327 1887 582 1947 dicentes,
611 1889 823 1937 tandem
852 1888 1057 1938 reversi
1101 1895 1225 1938 sunt
1258 1905 1394 1939 ‚con-

325 1957 434 2008 fusi
474 1958 528 2007 in
562 1957 771 2008 domum
795 1973 965 2022 suam,
993 1968 1045 2009 et
1068 1958 1125 2009 in
1156 1960 1390 2026 propria,

852 251 1090 302 PRIMAE
1126 251 1374 302 PARTIS
1410 248 1645 300 CAPUT
1679 249 1935 300 LXXXII.

1495 393 1646 443 nullo
1688 392 1918 458 perfecto
1960 392 2193 457 negoti0,
2239 389 2402 441 vacui
2454 389 2571 452 fide,

1497 474 1549 514 et
1588 463 1816 514 fraudati
1857 478 1888 512 a
1934 464 2074 512 malo
2132 462 2412 512 desiderio
2458 478 2572 520 su0,

1495 537 1598 596 vel,
1628 537 1682 586 in
1711 536 1921 586 domum
1947 550 2118 598 suam,
2140 533 2208 608 jd
2235 543 2322 583 est
2351 532 2413 582 in
2445 549 2571 600 pro-

1497 610 1669 676 priam
1712 610 1891 668 ,cordis
1940 609 2218 670 malitiam,
2257 607 2474 658 scilicet
2517 607 2570 657 in

1497 680 1866 732 infidelitatem
1918 691 1970 731 et
2017 680 2353 744 impietatem
2400 693 2571 741 suam,

1498 754 1649 803 valde
1677 754 1935 815 dolentes,
1964 752 2109 818 quod
2140 750 2315 800 facere
2352 766 2465 799 non
2489 765 2572 815 po-

1499 837 1718 877 tuerunt
1743 827 2035 876 voluntatis
2061 840 2172 875 suae
2202 824 2570 890 propositum,

1500 897 1628 963 quia
1655 898 1943 948 consilium
1982 912 2168 946 eorum
2198 911 2294 960 per
2336 894 2570 944 divisio-

1501 983 1626 1017 nem
1654 967 1758 1017 fuit
1785 967 2126 1032 dissipatum.

1571 1037 1628 1088 13
1682 1039 2038 1088 Consunruno
2083 1039 2305 1088 Cuius-n
2362 1052 2420 1085 m
2464 1035 2568 1084 ΒΕ-

1499 1126 1736 1161 THANIAM
1765 1126 2116 1160 navi-:aranuh
2158 1137 2218 1146 —
2260 1111 2438 1159 Jesus
2474 1123 2571 1157 au-

1502 1189 1629 1244 tem,
1689 1182 1784 1248 qui
1836 1179 2214 1231 misericordiae
2267 1177 2570 1229 visceribus

1500 1253 1821 1312 abundabat,
1840 1253 2095 1319 perr-exit
2123 1253 2174 1302 in
2204 1257 2441 1302 montem
2466 1248 2571 1298 Oli-

1500 1323 1620 1385 veti,
1654 1323 1710 1371 in
1740 1323 1890 1387 cujus
1933 1323 2092 1373 latere
2129 1321 2398 1371 Bethania
2443 1328 2565 1378 erat,

1501 1404 1552 1444 et
1579 1395 1774 1443 domus
1803 1394 2046 1456 Marthae,
2077 1394 2132 1443 in
2166 1409 2272 1459 qua
2304 1390 2567 1458 hospitari

1500 1464 1735 1526 solebat3
1793 1479 1917 1513 nam
1958 1464 2226 1514 Dominus
2278 1463 2425 1512 hanc
2464 1460 2564 1511 sibi

1501 1534 1943 1596 consuetudinem
1964 1533 2171 1594 fecerat,
2191 1545 2252 1584 ut
2278 1550 2380 1599 per
2405 1532 2562 1589 diem,

1500 1608 1713 1673 quando
1741 1608 2089 1672 Jerosolymis
2115 1617 2244 1666 erat,
2290 1607 2349 1657 in
2381 1604 2565 1654 diebus

1501 1677 1650 1727 festis
1670 1678 1725 1726 i'n
1751 1679 1952 1743 templo
1980 1677 2307 1744 praedicaret,
2339 1675 2495 1742 signa
2518 1682 2566 1723 et

1503 1747 1760 1798 miracula
1797 1749 2118 1808 ostenderet,
2147 1758 2199 1798 et
2226 1749 2285 1797 in
2327 1763 2449 1798 sero
2480 1760 2560 1795 re—

1500 1820 1804 1869 vertebatur
1855 1819 1911 1868 in
1968 1819 2321 1882 Bethaniam,
2379 1827 2441 1868 ut
2492 1813 2559 1864 ibi

1503 1889 1826 1955 hospitando
1855 1890 2168 1955 quiesceret.

1320 2156 1590 2209 ORATIO

386 2324 618 2375 Domine
648 2325 775 2375 Jesu
814 2324 1047 2385 Christe,
1090 2324 1157 2375 da
1201 2325 1340 2376 mihi
1391 2326 1548 2377 corde
1586 2336 1637 2377 et
1677 2324 1943 2376 desiderio
1974 2324 2259 2376 ascendere
2302 2326 2373 2375 ad
2418 2324 2551 2373 diem

323 2394 523 2446 festum
570 2396 929 2447 solemnitatis
975 2406 1219 2460 aeternae‚
1250 2407 1301 2447 et
1332 2412 1419 2447 me
1461 2413 1672 2462 semper
1701 2396 1766 2447 ad
1812 2396 1960 2446 illam
2004 2411 2317 2462 praeparare,
2354 2407 2412 2446 ut
2439 2408 2552 2444 curn

323 2475 537 2533 tempus
564 2467 888 2518 visitationis
920 2478 1025 2517 tuae
1066 2468 1357 2527 advenerit,
1394 2469 1459 2517 ad
1502 2467 1973 2533 contemplandum
2015 2478 2067 2517 te
2114 2467 2246 2517 facie
2275 2468 2342 2516 ad
2375 2466 2566 2516 faciem.

325 2554 535 2589 merear
570 2540 696 2589 illuc
736 2538 956 2589 feliciter
988 2540 1278 2605 pervenire.
1323 2539 1371 2589 O
1407 2540 1529 2591 fons
1562 2555 1714 2605 aquae
1750 2539 1901 2600 vivae,
1930 2539 2055 2589 sitio
2085 2549 2138 2589 et
2170 2540 2418 2590 desidero
2442 2552 2548 2603 ege,

326 2613 509 2673 miser,
540 2614 765 2679 gratiam
790 2623 965 2675 tuam3
993 2612 1150 2662 venio
1179 2623 1229 2662 et
1253 2613 1466 2678 suspiro
1494 2613 1559 2663 ad
1587 2624 1637 2663 te
1663 2623 1775 2662 toto
1802 2612 1990 2663 affectu
2018 2614 2295 2679 requirens
2326 2627 2469 2674 eam;
2493 2610 2552 2658 da

327 2700 454 2750 ergo
482 2685 621 2734 mihi
652 2685 852 2743 bibere,
886 2695 937 2734 et
977 2695 1087 2735 tam
1118 2685 1452 2735 abundanter
1480 2685 1547 2735 de
1574 2700 1635 2734 ea
1662 2685 1950 2751 percipere,
1987 2696 2048 2736 ut
2095 2687 2237 2736 dona
2266 2686 2547 2752 gratiarum

327 2763 380 2805 et
409 2755 548 2804 mihi
576 2755 857 2816 sufficiant,
887 2765 940 2806 et
967 2772 1061 2821 per
1088 2756 1518 2807 benevolentiam
1546 2771 1577 2805 a
1605 2769 1693 2805 me
1732 2756 1796 2805 ad
1823 2757 2100 2822 proximos
2140 2758 2328 2820 fluant,
2378 2756 2550 2819 eisque

326 2827 622 2892 proficiant,
680 2841 740 2880 ut
785 2841 845 2880 tu
883 2830 1071 2880 videns
1104 2829 1159 2879 in
1203 2845 1290 2879 me
1317 2846 1454 2895 opus
1495 2828 1894 2891 misericordiae,
1935 2831 2197 2881 movearis
2241 2830 2548 2895 ampliorem

326 2897 553 2963 gratiam
581 2900 718 2950 mihi
752 2901 1054 2953 infundere.
1081 2902 1273 2953 Amen.

1258 3399 1640 3525 Q
