2757 4413
212 309 299 359 DE
325 307 681 368 QUATUOR
711 307 806 357 AD
830 306 1132 368 TURBAS,
1163 304 1259 356 ET
1291 303 1547 356 TRIBUS
1568 304 1663 354 AD
1691 304 1934 356 DISCIP.
1968 306 2213 357 PARAB.
2264 306 2362 359 585

147 425 329 485 anima,
359 424 570 490 sepitur
599 422 735 487 fide,
775 431 954 472 aratur
994 420 1192 487 praedi-

148 496 348 556 catione,
371 495 706 561 compluitur
733 494 912 560 pluvia
937 493 1120 559 gratiae
1141 500 1194 542 et

147 582 247 618 rore
283 564 689 616 misericordiae.
738 564 981 614 Secunda
1014 563 1195 628 itaque

149 638 375 702 parabola
436 646 521 687 est
559 637 626 686 de
668 635 891 685 zizaniis
931 643 983 684 et
1028 632 1193 695 loliis,

148 709 268 759 bono
314 706 519 758 semini
570 705 1027 772 superseminatis,
1072 718 1196 771 quae

146 778 379 829 describit
415 787 618 829 coetum
671 776 1069 827 haereticorum.
1110 775 1198 825 Si-

147 850 251 901 mile
277 855 362 901 est
397 849 538 900 enim
566 862 793 914 regnum
823 847 1105 908 coelorum,
1139 845 1194 895 id

147 930 210 971 est
226 920 458 971 Ecclesia
483 919 745 981 militans,
765 933 859 969 seu
879 926 1048 969 status
1060 917 1194 981 ejus,

146 992 337 1053 homini,
370 991 575 1041 scilicet
601 990 841 1050 Christe,
869 989 963 1056 qui
976 990 1077 1038 -dat
1104 1003 1197 1038 re-

147 1063 369 1129 gnarein
400 1062 741 1125 coelestibus,
785 1071 836 1111 et
874 1060 960 1112 cui
995 1058 1197 1113 servire

146 1150 342 1201 regnare
376 1143 486 1200 est3
523 1135 632 1200 qui,
661 1149 756 1200 per
796 1148 853 1183 se
879 1141 932 1184 et
971 1133 1198 1197 Aposto-

146 1210 226 1268 los,
241 1209 531 1260 seminavit
556 1207 611 1256 in
638 1221 783 1271 agro
813 1220 928 1270 sun,
957 1205 1110 1256 idest
1133 1204 1193 1254 in

148 1283 347 1342 mundo,
395 1297 494 1332 seu
530 1282 589 1332 in
636 1279 871 1331 Ecclesia
915 1278 1098 1329 labore
1141 1286 1197 1329 et

147 1355 389 1419 sanguine
440 1353 648 1404 Christi
721 1354 955 1411 exculta,
1007 1352 1197 1403 bomem

149 1439 294 1477 semen
303 1465 321 1490 ,
354 1426 410 1475 id
444 1436 528 1476 est
554 1434 790 1476 sanctam
818 1424 1118 1476 doctrinam
1144 1433 1199 1474 et

147 1498 287 1550 fidem
312 1498 654 1559 catholicam,
679 1514 738 1548 ac
767 1513 861 1549 eos
887 1513 1027 1563 quos
1054 1497 1200 1547 filios

148 1571 277 1637 regni
320 1580 499 1621 vocat.
539 1570 606 1619 Et
651 1578 780 1620 nota
811 1569 902 1619 hic
942 1567 1091 1635 quod
1135 1567 1196 1618 in

148 1642 247 1693 istis
288 1640 560 1709 parabolis
604 1656 713 1691 non
761 1640 823 1691 fit
870 1638 1198 1705 comparatio

149 1730 364 1780 personae
407 1714 478 1763 ad
518 1728 829 1779 personam,
860 1712 953 1762 sed
994 1709 1197 1776 negotii

151 1784 203 1834 ad
224 1784 525 1851 negotium,
569 1798 667 1833 seu
704 1782 826 1833 facti
868 1783 936 1834 ad
975 1781 1197 1833 factum.

152 1855 212 1905 Ac
234 1856 277 1907 si
308 1855 511 1905 diceret
551 1872 567 1905 ι
601 1855 822 1904 Factum
850 1853 996 1920 quod
1021 1853 1200 1919 agitur

152 1927 265 1978 circa
295 1943 523 1993 regnum
559 1927 820 1978 coelorum
853 1935 907 1977 et
936 1925 1072 1976 circa
1101 1925 1199 1976 Ec-

152 1999 375 2060 clesiam,
422 1997 606 2050 simile
658 2008 741 2049 est
786 1997 880 2049 tali
929 1997 1070 2049 facto
1111 1997 1198 2047 vel

154 2071 362 2136 negotio,

200 2139 538 2193 6'D01unr10
584 2156 956 2192 pmcn-enuit
990 2157 1062 2193 m
1104 2155 1199 2191 εε-

154 2229 263 2264 mu
298 2231 535 2266 onnon.
574 2244 639 2253 —
676 2214 814 2265 Cum
849 2221 1025 2266 autem
1061 2213 1196 2265 dor-

154 2286 320 2337 mirent
369 2286 635 2349 hominm,
688 2285 745 2336 id
799 2297 881 2337 est
948 2286 1199 2339 custodes

154 2355 385 2421 interiuS,
413 2358 512 2423 qui
559 2358 627 2408 ad
670 2358 893 2409 tutelam
920 2368 974 2409 et
1011 2367 1200 2408 custo-

155 2426 275 2478 diam
303 2438 429 2479 sunt
460 2427 720 2494 deputati,
744 2444 840 2494 per
861 2444 1000 2496 quos
1022 2429 1201 2495 signi-

156 2496 353 2550 ficantur
379 2500 607 2565 praelati,
632 2515 865 2582 quorum
896 2516 1110 2560 somno,
1143 2499 1199 2549 id

156 2580 222 2620 est
239 2570 580 2651 negligentia,
598 2570 996 2632 interveniente,
1024 2570 1203 2621 diabo

157 2639 227 2691 lus
261 2641 654 2707 superseminat
690 2641 950 2692 zizaniam
983 2657 1080 2692 seu
1111 2641 1201 2691 lo-

159 2711 287 2762 lium.
325 2713 623 2764 Dormiunt
661 2713 806 2764 enim
848 2712 1049 2778 praelati
1094 2712 1201 2761 tri-

162 2781 374 2846 pliciter.
422 2785 511 2835 vel
558 2800 683 2834 cum
723 2793 937 2850 torpent
976 2783 1196 2843 inertia,

164 2854 228 2903 vel
273 2871 388 2906 cum
432 2856 780 2905 resolvuntur
822 2854 1056 2916 lascivia,
1115 2855 1200 2905 vel

166 2938 259 2976 cum
324 2935 650 2993 premuntur
718 2925 1018 2993 ignorantia
1089 2926 1201 2978 sive

165 2997 302 3063 culpa.
326 3000 456 3048 Haec
481 3007 664 3048 autem
689 2998 946 3049 dormitio
974 3014 1087 3049 non
1119 3014 1206 3050 so-

165 3082 236 3117 um
257 3068 516 3135 significat
544 3068 882 3133 superiorum
912 3070 1200 3150 negligen-

163 3136 266 3188 tiam
308 3139 447 3190 circa
501 3138 801 3189 custodiam
855 3140 1049 3206 gregis,
1110 3141 1203 3190 sed

163 3209 294 3260 etiam
332 3208 722 3276 negligentiam
759 3210 1045 3275 cujuslibet
1071 3211 1209 3262 circa

164 3282 430 3331 custodiam
469 3295 584 3331 suae
620 3281 849 3346 propriae
881 3296 1127 3348 personae
1155 3292 1208 3332 et

162 3351 336 3403 salutis.
383 3353 685 3417 Utramque
730 3352 877 3402 enim
924 3352 1209 3418 negligen-

162 3420 268 3473 tiam
310 3425 556 3490 explorat
584 3424 878 3476 diabolus·
922 3435 975 3477 et
1009 3425 1086 3476 sic
1112 3441 1207 3491 per

163 3494 506 3559 suggestiones
516 3494 685 3545 malas
699 3495 927 3546 seminat
944 3495 1206 3549 zizaniam

162 3561 208 3613 in
247 3567 494 3616 cordibus
541 3565 812 3618 humanis.
869 3567 1004 3619 Cum
1066 3580 1202 3634 ergo

164 3634 459 3700 dormirent,
505 3636 651 3687 venit
699 3637 971 3701 inimicust,
1025 3637 1079 3687 id
1126 3652 1207 3689 est

163 3702 397 3767 diabolus,
436 3713 490 3758 et
543 3708 990 3772 superseminavit
1043 3709 1204 3776 ziza-

164 3776 297 3842 niam,
347 3780 404 3831 id
449 3789 532 3832 est
573 3796 780 3832 errores
822 3792 874 3833 et
917 3793 1204 3849 sequentes

161 3847 467 3919 iniquitates,
496 3869 558 3904 ac
585 3869 679 3905 eos
702 3870 840 3921 quos
877 3854 1021 3906 filios
1051 3855 1205 3906 mali-

165 3922 237 3984 gui
268 3924 534 3976 Dominus
571 3925 967 3993 interpretatur,
994 3927 1050 3978 in
1088 3941 1202 3978 me-

1300 419 1392 469 dio
1413 418 1600 482 tritici,
1633 418 1689 469 id
1712 427 1792 468 est
1819 418 2127 479 electorum,
2166 419 2269 470 hoc
2289 430 2370 472 est

1301 490 1583 540 haereticos
1627 489 1943 555 permiscuit
1972 491 2172 541 electis.
2213 492 2369 543 Ziza-

1303 560 1391 611 nia
1430 560 1536 611 alio
1582 561 1804 611 nomine
1839 560 2036 611 dicitur
2063 562 2285 626 lolium;
2317 572 2370 613 et

1300 641 1383 682 est
1406 631 1646 682 feminini
1668 632 1888 699 generis
1906 632 1959 681 in
1982 633 2261 699 singulari,
2278 636 2375 686 sed

1302 701 1478 752 neutri
1509 703 1594 753 vel
1620 702 1872 753 feminini
1897 704 1956 753 in
1975 705 2187 770 plurali.
2220 706 2373 757 Unde

1303 784 1385 825 est
1405 789 1594 825 versus
1611 791 1639 825 ·:

1302 917 1414 968 Est
1449 905 1690 984 zizania,
1737 925 1862 971 sunt
1906 919 2127 987 zizania
2175 920 2362 987 plura,

2122 988 2370 1057 [niaeque.

1304 1140 1376 1190 Et
1422 1140 1611 1191 dicunt
1658 1140 1828 1207 aliqui
1872 1143 2020 1208 quod
2064 1143 2268 1194 zizania
2306 1142 2365 1193 in

1304 1210 1565 1277 singulari
1588 1211 1944 1276 penultimam
1975 1213 2240 1278 producit,
2270 1213 2364 1264 sed

1304 1280 1362 1330 in
1419 1281 1610 1346 plurali
1665 1282 1901 1347 corripit.
1960 1284 2199 1349 Vigilent
2246 1298 2371 1351 ergo

1304 1351 1577 1417 praepositi
1603 1352 1850 1403 Ecclesiae
1866 1362 1920 1403 et
1942 1354 2165 1415 subditi,
2188 1370 2256 1404 ne
2280 1370 2376 1421 per

1302 1438 1491 1473 eorum
1519 1423 1905 1489 negligentiam
1932 1425 2179 1475 diabolus
2205 1427 2375 1477 valeat

1301 1495 1560 1546 zizaniam
1592 1497 1876 1548 seminare.
1900 1499 2031 1548 Cum
2051 1506 2227 1549 autem
2251 1514 2377 1551 cre-

1304 1570 1469 1620 visset
1495 1570 1674 1633 herba,
1710 1587 1806 1637 per
1830 1571 2126 1637 profectum
2150 1572 2293 1633 fidei,
2323 1580 2375 1624 et

1292 1640 1542 1706 fructum
1565 1640 1812 1706 fecisset,
1846 1658 1939 1707 per
1960 1642 2207 1692 effectum
2236 1658 2373 1709 ope-

1304 1712 1380 1763 ris
1424 1713 1573 1777 boni,
1608 1713 1737 1779 quia
1771 1713 1921 1780 fides
1967 1715 2082 1765 sine
2126 1716 2375 1780 operibus

1305 1789 1519 1833 mortua
1546 1790 1660 1847 est5
1689 1813 1753 1821 -
1778 1791 1900 1835 tunc
1925 1793 2294 1852 apparuerunt
2320 1794 2374 1839 et

1304 1858 1543 1924 zizania,
1573 1873 1669 1924 per
1691 1858 2184 1909 manifestationem
2221 1876 2374 1911 erro-

1304 1944 1428 1978 rum
1474 1938 1526 1979 et
1555 1929 1798 1980 sordium
1838 1930 2064 1996 peccati,
2098 1941 2150 1982 et
2188 1947 2375 1997 perse·
2419 1982 2424 1989 ,

1304 2000 1579 2051 cntionem
1619 2000 1862 2052 fidelium
1891 2002 2117 2053 Christi.
2146 2003 2218 2054 Et
2246 2020 2371 2055 cum

1303 2071 1441 2121 servi
1461 2072 1565 2122 hoc
1583 2072 1821 2123 Domino
1839 2073 2095 2134 dicerent,
2118 2075 2200 2125 ait
2219 2075 2333 2127 illis
2352 2090 2369 2125 ε

1303 2141 1560 2192 Inimicus
1597 2141 1750 2194 homo
1786 2143 1885 2193 hoc
1912 2142 2071 2209 fecit.
2115 2145 2376 2196 Diabolus

1303 2212 1502 2263 dicitur
1524 2213 1770 2264 inimicus
1795 2215 1948 2265 homo
1957 2253 1975 2278 ,
2006 2214 2135 2281 quia
2164 2217 2268 2267 sub
2292 2216 2375 2269 si-

1304 2282 1611 2333 militudine
1637 2284 1862 2334 rationis
1896 2285 2150 2335 humanae
2178 2286 2369 2338 homi-

1304 2368 1431 2403 uem
1475 2352 1707 2418 decipit;
1761 2354 1843 2404 vel
1882 2369 1948 2404 ex
1989 2371 2053 2405 eo
2086 2358 2232 2422 quod
2269 2357 2378 2407 ho·

1306 2424 1443 2475 mini
1511 2441 1542 2476 a
1592 2426 1859 2493 principio
1912 2428 2221 2479 inimicatus
2271 2429 2373 2493 sit;

1304 2495 1387 2547 vel
1414 2496 1481 2546 ab
1509 2506 1722 2560 eventu,
1751 2497 1882 2564 quia
1920 2498 2201 2550 hominem
2229 2500 2377 2560 vicit,

1305 2566 1443 2617 sicut
1474 2566 1543 2617 ab
1570 2566 1750 2618 Africa
1788 2567 1984 2618 dicitur
2014 2569 2194 2635 Scipio
2222 2569 2378 2621 Afri-

1306 2652 1491 2698 canus,
1534 2638 1629 2705 qui
1675 2637 1912 2689 Africam
1963 2638 2173 2692 devicit.
2225 2640 2373 2692 Servi

1306 2710 1397 2761 isti
1421 2721 1550 2762 sunt
1575 2720 1752 2777 patres
1779 2712 2008 2778 antiqui,
2030 2713 2124 2779 qui
2155 2713 2375 2767 fuerunt

1307 2783 1364 2833 in
1396 2784 1671 2850 primitiva
1710 2784 1943 2835 Ecclesia
1984 2803 1998 2836 :
2054 2785 2149 2852 qui
2192 2786 2374 2837 admi-

1306 2866 1487 2906 rantes
1523 2854 1802 2921 perfidiam
1840 2855 2059 2906 haeresis
2085 2856 2378 2924 insurgen-

1308 2937 1417 2977 tem
1468 2926 1526 2976 in
1569 2941 1656 2988 ea,
1707 2937 2045 2978 accesserunt
2088 2928 2155 2978 ad
2202 2929 2376 2981 Deum

1309 3014 1405 3064 per
1451 2997 1785 3059 orationem,
1839 2998 2176 3064 inquirentes
2231 3001 2377 3050 unde

1309 3068 1541 3118 oriretur
1578 3068 1701 3118 talis
1751 3068 1975 3136 perfidia
1995 3108 2010 3130 ,
2044 3070 2245 3136 quibus
2273 3069 2376 3121 fuit

1310 3138 1573 3190 divinitus
1600 3141 1910 3200 revelatum,
1940 3142 2086 3207 quod
2124 3142 2228 3193 hoc
2265 3153 2375 3193 erat

1311 3226 1376 3260 ex
1403 3210 1602 3260 diaboli
1645 3227 1821 3277 opere,
1864 3213 1978 3262 Deo
2009 3212 2375 3278 permittente,

1311 3282 1542 3347 factum3
1585 3292 1637 3334 et
1674 3283 1777 3334 hoc
1804 3294 1864 3335 ut
1888 3285 2151 3336 stabilitas
2178 3286 2381 3350 proba-

1312 3362 1459 3403 retur
1477 3352 1738 3405 fidelium.
1768 3354 2029 3405 Diabolus
2061 3356 2282 3421 quidem
2312 3356 2371 3406 in

1313 3426 1518 3476 mundo
1582 3427 1936 3479 seminaverat
2007 3429 2107 3479 tria
2173 3429 2380 3479 semina

1313 3498 1579 3565 pestifera,
1603 3500 1833 3551 scilicet:
1855 3502 2215 3567 ignorantiam
2238 3502 2380 3552 obte-

1313 3571 1644 3632 nebrantem,
1698 3573 1908 3639 culpam
1951 3571 2374 3639 infrigidantem,

1311 3651 1362 3692 et
1386 3642 1658 3693 miseriam
1688 3644 2125 3710 ignominiosam.
2153 3645 2274 3694 Ideo
2310 3643 2377 3693 de

1311 3713 1445 3763 coelo
1490 3713 1639 3764 venit
1674 3710 1904 3766 coelestis
1945 3714 2205 3779 agricola,
2262 3729 2379 3778 por·

1310 3793 1432 3834 tans
1463 3784 1566 3835 tria
1587 3785 1793 3836 semina
1817 3785 1927 3836 illis
1952 3783 2232 3843 contraria,
2268 3784 2378 3835 sci-

1309 3853 1436 3904 licet
1487 3871 1503 3904 z
1566 3855 1887 3920 sapientiam
1944 3852 2372 3918 illuminantem,

1308 3925 1535 3993 gratiam
1580 3925 2026 3987 inflammantem,
2065 3934 2118 3976 et
2145 3926 2373 3992 gloriam
