2757 4413
952 262 1058 315 DE
1084 263 1406 315 RASTORE
1435 264 1683 318 OVIUM..

210 378 625 444 contempserit.
678 379 822 429 Bona
860 378 1068 429 oblivio
1112 378 1158 430 si
1199 388 1281 430 te·-

212 450 398 517 ipsum
424 449 655 510 nescias,
691 459 751 500 ut
787 452 1035 517 proximo
1070 450 1275 516 prosis!

215 522 356 571 Sane
382 520 441 570 in
476 530 622 571 tanta
649 521 920 573 oblivione
942 521 1024 572 sui
1066 537 1280 573 necesse

203 603 285 643 est
309 607 405 642 cor
430 593 569 642 bene
588 608 703 643 esse
731 594 1008 644 conscium
1027 593 1150 654 sibi,
1167 609 1277 660 quo

207 679 264 714 se
294 663 355 712 in
392 663 540 712 lucra
566 663 805 714 securius
831 663 975 715 foras
1014 666 1275 726 extendat,

208 752 338 787 cum
397 751 640 787 securam
695 737 836 788 intra
892 754 949 789 se
1000 739 1278 805 reliquerit

209 808 619 860 conscientiam.
674 810 821 872 Quid
871 811 1008 861 enim
1047 811 1279 878 prodest

207 880 411 931 homini
439 881 490 931 si
509 883 757 932 mundum
784 882 1084 933 universum
1110 883 1279 934 lucre-

207 959 323 1015 tur-5
366 953 565 1005 animae
616 970 741 1006 vero
765 970 879 1006 suae
906 955 1276 1006 detrimentum

199 1024 504 1090 patiatur?
537 1025 642 1076 Sed
668 1036 719 1076 et
741 1026 949 1077 ordinis
981 1026 1148 1093 exigit
1175 1042 1276 1076 ra-

199 1094 296 1155 ῑὶο,
321 1105 384 1146 ut
418 1096 513 1162 qui
540 1098 605 1148 ad
633 1097 720 1148 sui
749 1114 1058 1148 mensuram
1089 1097 1278 1165 proxi-

211 1182 367 1217 mum
418 1167 635 1233 jubetur
679 1169 921 1236 diligere,
981 1168 1132 1234 prius
1183 1184 1273 1219 se-

207 1237 394 1304 ipsum
443 1238 674 1305 diligere
729 1240 892 1291 norit.
934 1241 1119 1306 Itaque
1163 1241 1275 1290 duo

205 1318 354 1369 sunt,
396 1325 519 1375 quae
543 1322 664 1376 post
696 1320 904 1377 peccata
927 1311 1124 1361 bonam
1148 1311 1275 1361 red-

202 1379 342 1431 dunt
383 1380 778 1432 conscientiam
825 1399 842 1432 z
901 1381 1159 1448 poenitere
1209 1381 1276 1431 de

209 1450 389 1510 malis,
420 1461 473 1502 et
500 1452 764 1503 abstinere
781 1469 812 1503 a
829 1453 1021 1519 malis3
1047 1452 1150 1503 hoc
1174 1460 1274 1512 est,

204 1533 265 1574 ut
311 1523 478 1574 verba
513 1525 706 1590 loquar
735 1524 873 1575 beati
915 1523 1181 1591 Gregorii,
1225 1534 1277 1575 et

206 1593 500 1653 commissa
531 1595 674 1655 flere,
701 1604 752 1645 et
781 1594 955 1645 flenda
984 1610 1092 1644 non
1120 1609 1275 1643 com-

208 1668 447 1727 mittere,
501 1666 699 1718 horum
749 1677 1003 1718 neutrum
1060 1664 1271 1717 sufficit.

211 1737 506 1803 Utriusque
567 1738 784 1788 virtutis
829 1739 965 1788 bene
1024 1736 1274 1787 conscius

207 1809 440 1868 animus,
488 1824 671 1859 secure
711 1811 816 1874 jam
850 1809 1087 1875 seipsum
1131 1809 1274 1858 dese·

211 1888 302 1938 rat,
332 1888 386 1928 et
414 1879 818 1943 quodammodo
839 1880 1038 1945 perdat,
1061 1888 1121 1929 ut
1140 1878 1274 1929 alios

213 1949 506 2000 lucrifaciat
537 1965 599 1999 z»
632 1950 746 2001 haec
777 1951 1111 2001 Bernartius,

266 2035 298 2087 9
329 2020 494 2079 Qum
537 2035 734 2071 onavr».
778 2036 962 2071 cntra:
1005 2035 1073 2070 m·
1103 2036 1274 2072 seau-

206 2105 339 2139 mm
375 2105 750 2141 rafim-tonum
774 2091 785 2142 !
813 2121 872 2129 —
915 2091 1145 2141 Caveant
1174 2106 1273 2140 au-

205 2170 311 2212 tem
340 2172 584 2228 pastores
615 2172 667 2213 et
700 2163 904 2229 praelati
930 2178 999 2214 ne
1030 2161 1273 2213 subditos

206 2235 572 2285 scandalizent
593 2273 606 2297 ‚
662 2237 744 2285 vel
796 2236 874 2286 eis
937 2235 1272 2285 occasionem

217 2305 391 2355 ruinae
419 2305 710 2370 praebeant.
761 2307 857 2357 Vae
883 2307 1028 2357 enim
1068 2315 1274 2356 aeternae

198 2461 298 2513 per
343 2461 499 2512 quem
530 2449 843 2499 scandalum
880 2450 1037 2512 venit,
1068 2459 1120 2499 et
1149 2447 1274 2497 ani-

205 2535 422 2570 marum
468 2521 701 2586 pericula
748 2522 1061 2587 procedunt.
1114 2521 1270 2580 Nam,

205 2591 504 2641 secundum
532 2592 874 2657 Gregorium‚
906 2601 984 2642 tot
1005 2592 1273 2641 mortibus

206 2662 411 2726 praelati
442 2661 592 2727 digni
617 2673 762 2722 sunt,
784 2672 917 2728 quot
935 2664 1000 2713 ad
1026 2661 1272 2712 subditos

199 2749 329 2784 suos
359 2734 682 2800 perditionis
723 2735 965 2800 exempla
990 2733 1272 2785 transmit-

203 2815 366 2867 tunt;
428 2814 498 2865 et,
549 2807 848 2855 secundum
874 2807 1269 2872 Augustinum,

199 2876 297 2943 qui
334 2875 549 2925 animas
578 2877 642 2926 ad
672 2879 1005 2943 peccandum
1051 2877 1273 2927 inflam-

201 2955 373 3006 mant,
429 2955 482 2996 et
531 2947 643 2997 Deo
694 2947 1050 3008 subtrahunt,
1101 2946 1273 3013 magis

203 3029 441 3086 peccant,
494 3035 658 3086 quam
701 3021 795 3086 qui
826 3036 1039 3071 carnem
1070 3019 1273 3069 Christi

203 3090 613 3153 crucifixerunt;
659 3100 727 3154 et,
752 3093 1049 3143 secundum
1088 3093 1274 3144 Isido-

201 3177 342 3224 rum,
370 3161 465 3227 qui
499 3162 765 3228 exemplis
786 3163 953 3214 vitam
990 3179 1275 3229 moresque

207 3232 486 3282 bonorum
539 3244 926 3299 corrumpunt,
983 3234 1274 3285 deteriores

205 3312 335 3352 sunt
391 3301 480 3351 his
524 3303 618 3369 qui
666 3304 992 3355 substantias
1042 3305 1273 3355 aliorum

207 3372 521 3438 praediaque
566 3373 847 3440 diripiunt.
893 3375 1016 3425 Non
1065 3391 1275 3441 praesu-

207 3456 358 3496 mant
383 3446 517 3495 tales
541 3446 608 3496 de
630 3447 1202 3512 quibusdam,justitiis
1225 3458 1276 3498 et

209 3516 467 3583 operibus
519 3516 653 3576 suis,
691 3534 786 3568 nec
817 3529 1029 3585 sperent
1064 3518 1273 3582 salvari,

203 3587 324 3638 aliis
337 3589 611 3654 neglectis,
630 3591 848 3651 Nam,ut
861 3591 936 3643 ait
951 3591 1275 3658 Gregorius:

211 3680 238 3708 α
264 3660 420 3710 Nihil
468 3660 516 3711 ei
561 3663 888 3728 suajustitia
934 3663 1273 3728 suffragatur,

195 3731 273 3780 .de
299 3732 451 3797 cujus
478 3747 645 3783 manu
673 3734 853 3783 anima
874 3736 1147 3800 pereuntis
1172 3735 1279 3784 exi-

197 3811 378 3865 getur.
410 3822 437 3850 »
488 3804 640 3854 Unde
690 3815 741 3855 et
800 3805 1224 3871 chrysostomus
1258 3825 1274 3857 .-

212 3889 241 3918 ε(
270 3873 543 3935 Sacerdos,
560 3874 658 3925 etsi
690 3875 961 3941 propriam
994 3877 1136 3927 bene
1156 3876 1275 3927 dis-

2345 283 2450 336 7317

1386 380 1689 446 pensaverit
1707 380 1891 445 vitam,
1924 382 2155 433 aliorum
2176 399 2300 434 vero
2334 399 2448 435 non

1384 468 1507 502 cum
1521 451 1813 535 diligentia
1826 468 2014 503 curam
2039 454 2308 514 habuerit,
2323 471 2449 506 cum

1384 522 1703 588 perniciosis
1754 523 1811 574 in
1850 524 2159 590 gehennam
2195 526 2387 578 vadit:
2416 544 2447 576 n

1387 593 1500 644 haec
1524 594 1963 660 Chryso-stomata.
1983 597 2277 647 Attendant
2288 597 2448 653 etiam

1385 672 1641 728 pastoreS,
1699 663 1829 728 quia
1883 664 2220 714 subditorum
2269 667 2452 732 culpas

1384 733 1528 783 Deus
1562 748 1657 798 per
1684 733 1831 800 ipsos
1855 734 2023 785 levius
2049 736 2318 799 vindicat;
2355 737 2449 787 sed

1377 805 1731 870 praelatorum‘
1770 807 1910 856 mala
1953 822 2047 873 per
2097 807 2448 873 semetipsum

1384 876 1598 940 gravius
1624 876 1860 927 damnat.
1913 878 2070 928 Unde
2096 878 2404 944 Gregorius
2426 896 2447 930 .-

1387 968 1409 993 α
1439 947 1545 1005 Qui
1577 948 1741 997 modo
1767 949 2109 999 subditorum
2140 951 2321 1015 culpas
2354 965 2449 1017 per

1381 1019 1698 1084 praepositos
1749 1019 2041 1081 ulciscitur,
2073 1031 2202 1071 tunc
2231 1036 2450 1087 praepo-

1384 1089 1614 1139 sitorum
1644 1090 1784 1140 mala
1835 1106 1929 1156 per
1974 1092 2326 1158 semetipsum
2358 1107 2450 1144 sae-

1382 1161 1535 1212 viens
1558 1161 1794 1212 damnat.
1808 1164 2098 1215 Attendant
2119 1175 2299 1215 autem
2327 1163 2451 1215 sub-

1384 1232 1484 1282 diti
1514 1248 1581 1282 ne
1612 1242 1830 1299 propter
1855 1234 2184 1300 negligentes
2205 1246 2255 1286 et
2279 1236 2452 1286 malos

1377 1311 1639 1368 pastores,
1692 1317 1723 1353 a
1780 1319 1939 1365 cursu
1989 1306 2300 1357 certaminis
2344 1304 2448 1357 sibi

1384 1373 1650 1440 propositi
1697 1372 1961 1434 deficiant,
2011 1376 2103 1425 sed
2132 1377 2452 1441 aspicientes

1384 1444 1441 1493 in
1497 1444 1700 1505 Jesum,
1759 1444 1926 1495 totius
1960 1446 2093 1496 boni
2145 1449 2448 1512 speculum,

1382 1514 1544 1565 etiam
1609 1516 1800 1566 talium
1856 1516 2118 1581 judicium
2187 1518 2452 1584 patienter

1380 1588 1711 1655 suscipiant;
1765 1591 1893 1657 quia
1932 1601 2058 1641 tunc
2099 1593 2447 1657 postmodum

1384 1675 1495 1708 non
1528 1660 1805 1711 habebunt
1829 1661 1973 1712 aliud
2013 1662 2292 1727 judicium,
2325 1675 2448 1713 cum

1383 1746 1494 1780 non
1523 1732 1712 1798 puniat
1753 1734 1897 1783 Deus
1921 1733 2006 1783 bis
2041 1734 2096 1783 in
2126 1734 2385 1800 idipsum.
2417 1754 2442 1780 ι

1383 1805 1536 1854 Unde
1586 1821 1749 1871 super
1781 1806 1914 1856 illud
1966 1807 2192 1857 verbum
2239 1807 2390 1857 Isaiae
2430 1822 2446 1856 t

1378 1878 1661 1943 Numquid
1684 1885 1797 1929 tota
1842 1879 1927 1929 die
1964 1881 2146 1930 arabit
2167 1895 2354 1939 aranS,
2390 1886 2450 1931 ut

1378 1954 1556 2013 serat,
1615 1948 1754 1999 etc.?
1799 1950 1932 1999 dicit
1986 1952 2249 2016 glossator
2292 1951 2447 2002 Her—

1380 2034 1570 2070 ναῖκες
1599 2038 1627 2067 ι
1655 2019 1735 2070 De
1776 2021 1928 2071 milio
1976 2031 2156 2072 autem
2213 2031 2263 2072 et
2312 2022 2448 2072 vicia

1380 2105 1488 2138 non
1514 2089 1643 2138 dicit
1668 2099 1844 2139 textus
1872 2105 1937 2139 an
1967 2091 2265 2149 trituretur,
2321 2090 2448 2156 quia

1381 2159 1599 2225 subjecti
1621 2160 1882 2226 quotidie,
1913 2161 1978 2211 de
2007 2161 2120 2211 suis
2144 2160 2449 2212 actibusin·

1377 2231 1569 2291 firmiS,
1598 2247 1693 2297 per
1713 2231 1960 2297 praelatos
1988 2232 2310 2296 judicantur.
2339 2231 2447 2281 »Et

1377 2303 1424 2351 si
1452 2315 1691 2367 praesens
1733 2299 1996 2365 judicium
2028 2302 2292 2367 patienter
2320 2316 2446 2351 sus-

1375 2373 1633 2438 ceperint,
1663 2388 1722 2423 ac
1767 2373 1833 2422 de
1884 2383 2058 2422 cetero
2106 2387 2283 2421 mores
2317 2386 2447 2423 suos

1380 2444 1797 2504 emendaverint,
1822 2459 1931 2492 non
1957 2445 2095 2493 ultra
2122 2442 2445 2509 judicabun-

1383 2528 1493 2580 tur;
1544 2517 1789 2584 alioquin
1818 2526 1868 2567 et
1897 2518 2000 2582 ipsi
2045 2517 2443 2581 judicabuntur.

1377 2591 1672 2641 Attendant
1707 2590 1871 2640 etiam
1901 2590 2106 2640 subditi
2154 2600 2206 2640 et
2252 2587 2445 2639 humi-

1381 2664 1596 2723 lientur,
1624 2663 1753 2728 quia
1781 2662 2015 2713 defectus
2045 2672 2096 2712 et
2120 2660 2445 2728 negligentia

1380 2743 1656 2798 pastorum
1705 2749 1847 2798 saepe
1874 2734 2120 2799 provenit
2148 2735 2214 2783 de
2237 2732 2445 2783 meritis

1377 2804 1742 2863 subditorum,
1785 2813 1836 2853 et
1878 2819 1909 2853 a
1940 2805 2050 2854 Deo
2094 2804 2443 2868 idcircoper·

1380 2873 1633 2938 mittitur,
1663 2875 1791 2941 quia
1812 2874 1988 2925 bonos
2011 2885 2247 2940 pastores
2274 2874 2445 2924 habe-
2484 2917 2493 2925 .

1381 2965 1436 2999 re
1460 2965 1569 2999 non
1601 2958 1891 2999 merentur.
1948 2949 2102 3001 Unde
2139 2947 2446 3015 Gregorius

1373 3022 1521 3071 clero
1551 3019 1957 3080 Mediolanensi,
1991 3031 2260 3087 pastorem
2285 3020 2352 3070 ab
2382 3034 2446 3071 eo

1374 3091 1702 3156 postulanti,
1767 3092 1907 3142 inter
1968 3102 2136 3142 cetera
2191 3091 2378 3143 scribit
2430 3106 2445 3140 ε

1382 3161 1820 3211 «Verumtamen
1864 3162 1991 3228 quia
2041 3164 2279 3229 antiquae
2313 3173 2446 3212 meae

1381 3231 1782 3282 deliberationis
1804 3233 2034 3284 intentio
2064 3245 2162 3294 est,
2182 3236 2247 3283 ad
2272 3232 2448 3282 susci-

1382 3304 1574 3369 pienda
1625 3305 1903 3370 pastoralis
1951 3322 2091 3358 curae
2141 3321 2301 3356 onera
2350 3319 2447 3370 pro

1383 3375 1589 3425 nullius
1634 3391 1876 3443 unquam
1919 3377 2134 3427 misceri
2191 3389 2446 3441 persona,

1382 3446 1716 3497 orationibus
1783 3463 2074 3514 prosequar
2128 3447 2449 3497 electionem

1381 3529 1631 3580 vestram,
1662 3529 1721 3569 ut
1750 3521 2095 3586 omnipotens
2123 3520 2268 3569 Deus
2286 3518 2448 3568 talem

1380 3588 1538 3639 vobis
1591 3599 1857 3656 pastorem
1898 3591 2145 3656 praebeat,
2192 3590 2247 3638 in
2296 3589 2447 3654 cujus

1383 3662 1569 3728 lingua
1597 3673 1650 3714 et
1681 3665 1924 3715 moribus
1949 3663 2336 3714 exhortationis
2356 3662 2447 3712 di-

1382 3733 1523 3784 vinae
1553 3751 1748 3801 pascua
1790 3735 2007 3786 valeatis
2036 3735 2292 3786 invenire.
2339 3735 2446 3786 Sed

1383 3806 1511 3872 quia
1548 3808 1694 3873 juxta
1722 3807 1976 3856 meritum
1995 3807 2243 3873 'plebium
2268 3807 2446 3858 solent

1383 3893 1620 3944 superno
1649 3878 1851 3944 judicio
1891 3893 2132 3943 personae
2175 3878 2442 3943 provideri
