2757 4413
376 238 478 307 596

1035 233 1272 285 PRIMAE
1303 231 1385 283 ΡΑ
1394 231 1556 281 RTIS
1583 229 1825 282 CAPUT·
1844 230 2001 282 LXV.

1211 640 1549 712 CAPUT
1621 639 1817 707 LXV

380 951 482 1019 De
526 950 825 1019 adventu
874 946 1173 1017 Domini
1213 947 1286 1015 in
1330 945 1696 1037 Nazareth]
1736 946 2015 1037 quando
2064 944 2248 1036 legit
2293 944 2371 1013 in
2409 966 2604 1040 syna-

566 1087 763 1157 goga
798 1085 1063 1146 eorum,
1109 1073 1174 1133 et
1217 1061 1357 1155 ipsi
1391 1061 1708 1132 volebant
1738 1060 2206 1155 praecipitare
2234 1083 2415 1130 eum.

726 1341 961 1405 Matth.
991 1352 1127 1423 cap.
1170 1343 1270 1419 13¹,
1306 1341 1504 1403 Marc.
1540 1358 1677 1422 cap.
1714 1340 1756 1402 6
1780 1350 1843 1400 et
1873 1339 2031 1401 Luc.
2065 1358 2199 1421 cap.
2228 1359 2294 1420 4.

445 1621 468 1656 ι
497 1607 653 1656 JEsUs
684 1619 962 1655 mcnssssus
988 1619 1294 1656 smmum
1327 1605 1445 1654 NA-

374 1695 580 1730 zmra
620 1694 781 1728 LEGrr
807 1679 960 1728 Isnm
1004 1693 1357 1729 norm-:rum
1385 1706 1448 1714 —

375 1749 449 1800 Et
492 1748 693 1798 factum
737 1757 817 1798 est
853 1763 977 1797 cum
1016 1757 1449 1798 consummasset

375 1820 529 1870 Jesus
556 1820 836 1885 parabolas
883 1818 1028 1879 istas,
1060 1819 1275 1869 transiit
1321 1819 1447 1869 inde

379 1909 503 1943 cum
531 1891 812 1959 discipulis
832 1892 964 1952 suis,
984 1902 1036 1942 et
1058 1892 1190 1943 abiit
1224 1907 1318 1957 per
1345 1907 1447 1958 pa-

378 1963 538 2014 triam
577 1963 752 2024 illam,
801 1962 1003 2014 scilicet
1047 1963 1343 2023 Galilaeam,
1397 1969 1449 2014 et

378 2035 600 2085 docebat
645 2034 698 2083 in
748 2035 1061 2100 synagogis
1086 2048 1291 2098 eorum„
1328 2044 1447 2084 tum

380 2116 599 2173 propter
627 2105 866 2171 plurium
907 2106 982 2157 ibi
1014 2107 1446 2157 convenientium

376 2177 665 2230 utilitatem
688 2217 703 2240 ,
753 2187 870 2227 tum
915 2187 1131 2243 propter
1190 2177 1447 2243 majorem

374 2250 774 2312 auctoritatem3
837 2255 890 2300 et
963 2248 1445 2316 magnificabatur,

377 2331 594 2388 propter
636 2320 891 2371 doctrinae
954 2329 1006 2371 et
1065 2321 1448 2370 miraculorum

375 2392 765 2451 excellentiam,
814 2392 883 2441 ab
948 2391 1206 2454 omnibuS,
1259 2390 1313 2442 id
1369 2400 1452 2441 est

375 2465 642 2531 pluribus,
696 2473 749 2513 et
792 2463 858 2513 de
906 2462 1058 2513 omni
1109 2472 1282 2524 statu,
1328 2480 1450 2515 >non

376 2545 559 2586 tamen
615 2535 685 2584 ab
735 2534 994 2584 omnibus
1057 2533 1449 2595 universaliter,

375 2624 499 2659 cum
542 2607 702 2658 multi
754 2622 879 2658 eum
933 2615 1353 2667 contemnerent,
1397 2617 1451 2659 et

375 2679 482 2729 sibi
503 2677 943 2729 contradicerent.
969 2678 1047 2727 Et
1069 2678 1212 2727 venit
1238 2678 1292 2728 in
1319 2679 1450 2729 Na-

374 2750 580 2816 zareth,
625 2750 714 2800 ubi
753 2755 877 2800 erat
917 2749 1171 2811 nutrituS,
1218 2748 1343 2799 licet
1390 2749 1452 2799 in·

376 2822 693 2872 Bethlehem
752 2820 942 2873 fuisset
987 2831 1161 2872 natus.
1219 2821 1312 2884 Et,
1362 2822 1458 2872 die

377 2894 584 2944 sabbati
633 2894 851 2959 quando
921 2895 1103 2960 plures
1156 2893 1452 2944 convenie-

320 3018 327 3026 ‚
379 2964 540 3024 bant,
590 2963 814 3013 intravit
849 2963 1132 3014 secundum
1169 2970 1455 3014 consuetu-

377 3036 557 3086 dinem
609 3048 763 3085 suam
824 3035 879 3084 in
921 3049 1292 3101 synagogam,
1326 3051 1449 3100 quae

379 3114 492 3157 erat
518 3105 671 3156 locus
696 3104 957 3156 orationis
981 3115 1034 3156 et
1067 3105 1322 3156 doctrinae
1341 3107 1448 3156 Le-

377 3175 480 3243 gis,
523 3176 724 3243 quibus
760 3175 951 3237 Judaei,
976 3177 1267 3227 secundum
1306 3192 1451 3243 prae-

377 3258 592 3314 ceptum
647 3247 827 3315 LegiS,
857 3263 1040 3298 vacare
1084 3247 1349 3298 debebant
1392 3248 1450 3298 in

378 3320 635 3371 sabbatis.
655 3321 732 3370 Et
762 3320 1010 3370 surrexit
1034 3320 1229 3386 legere,
1255 3330 1315 3371 ut
1336 3337 1448 3371 non

378 3394 686 3461 praedicaret
716 3393 954 3460 seipsum
991 3395 1156 3444 verbo
1185 3410 1285 3444 suo
1328 3404 1452 3446 tan-

377 3475 523 3528 tum;
580 3465 672 3515 sed
718 3464 880 3514 etiam
933 3463 1240 3514 testimonio
1286 3480 1449 3516 sacrae

376 3536 684 3602 Scripturae.
711 3534 856 3601 Ergo
893 3551 1002 3585 non
1037 3544 1117 3585 est
1161 3535 1449 3600 legendum

378 3608 434 3658 in
484 3605 719 3657 Ecclesia
759 3605 863 3656 nisi
893 3606 1102 3666 stand0,
1134 3605 1358 3671 psallere
1378 3616 1452 3656 ta-

379 3696 504 3731 men
542 3693 832 3746 possumus
872 3678 1122 3728 sedendo.
1165 3677 1243 3727 Et
1269 3678 1449 3728 tradi-

380 3757 468 3802 tus
521 3756 603 3801 est
637 3750 703 3812 ei,
762 3764 792 3799 a
861 3748 1143 3810 ministris,
1214 3763 1446 3813 quorum

378 3820 620 3875 officium
652 3821 755 3872 hoc
789 3830 916 3882 erat,
948 3820 1080 3871 liber
1108 3818 1275 3871 Isaiae
1297 3820 1447 3871 Pro-

1544 1603 1742 1669 phetae,
1772 1604 2003 1663 chusia,
2033 1603 2129 1670 qui
2170 1604 2235 1653 de
2278 1603 2500 1655 Christo
2526 1604 2602 1653 lo-

1552 1676 1737 1742 quitur
1766 1676 2018 1742 apertius,
2041 1687 2116 1738 et,
2142 1678 2439 1728 secundum
2477 1677 2609 1727 Hie·-

1551 1765 1855 1817 ronymnm,
1893 1766 2001 1800 non
2023 1761 2134 1801 tam
2163 1751 2434 1817 Propheta
2456 1765 2604 1816 quam

1553 1822 1890 1888 Evangelista
1946 1833 2028 1874 est
2073 1824 2355 1875 dicendus.
2404 1822 2606 1889 Mystioe

1552 1902 1751 1952 autem,
1802 1893 2096 1944 secundum
2160 1893 2454 1957 Glossam,
2498 1893 2606 1944 ideo

1552 1962 1781 2013 traditus
1836 1973 1918 2014 est
1971 1963 2026 2014 ei
2065 1964 2202 2014 libet
2242 1964 2606 2047 propheticus

1551 2044 1620 2090 ut,
1640 2035 2012 2086 ostenderetur
2034 2051 2153 2086 esse
2174 2037 2274 2101 qui
2307 2037 2512 2086 locutus
2534 2045 2606 2084 est

1554 2103 1612 2153 in
1644 2105 1958 2170 Prophetis;
2006 2115 2060 2156 et
2098 2107 2243 2172 quod
2290 2122 2479 2157 omnes
2504 2120 2608 2171 pro-

1555 2177 1754 2242 phetiae
1786 2178 1851 2228 ad
1887 2178 2066 2244 ipsum
2115 2178 2389 2245 pertinent
2411 2218 2425 2240 ,
2466 2188 2514 2229 et
2554 2176 2603 2227 in

1555 2250 1673 2316 ipso
1720 2252 2030 2318 implentur,
2068 2262 2120 2304 et
2159 2268 2251 2318 per
2287 2253 2467 2319 ipsum
2490 2267 2604 2317 ape-

1554 2321 1799 2385 riuntur3
1834 2322 1982 2383 item,
2035 2332 2096 2372 ut
2132 2322 2190 2372 in
2230 2322 2337 2372 hoc
2367 2322 2603 2372 ostende-

1555 2402 1700 2443 retur
1723 2394 1868 2458 quod
1914 2409 2103 2443 ornnes
2147 2393 2430 2458 Prophetae
2456 2393 2606 2442 libros

1557 2480 1684 2515 suos
1715 2464 1761 2515 ei
1792 2464 2143 2525 tradiderunt,
2174 2464 2228 2514 id
2248 2475 2332 2515 est
2361 2464 2441 2516 illi
2469 2462 2612 2514 ascri·

1555 2544 1779 2601 pserumt
1819 2534 2085 2600 quidquid
2132 2534 2406 2590 dixerunt.
2448 2534 2521 2584 Et
2558 2536 2606 2581 ut

1555 2605 1795 2667 revolvit,
1839 2605 1898 2654 id
1931 2614 2012 2655 est
2053 2605 2264 2671 aperuit
2294 2606 2512 2665 librum,
2559 2603 2607 2652 in

1556 2693 1665 2744 quo
1695 2677 1994 2745 intelligere
2021 2678 2170 2728 dedit
2208 2693 2265 2729 se
2315 2679 2470 2729 illum
2505 2689 2607 2728 esse

1555 2749 1650 2817 qui
1704 2750 1934 2814 aperiret
1988 2750 2319 2816 Scripturas,
2392 2748 2605 2808 invenit,

1557 2835 1668 2869 non
1697 2834 1728 2869 a
1773 2834 1918 2881 casu,
1960 2822 2051 2871 sed
2085 2836 2152 2871 ex
2178 2821 2473 2886 proposrtO,
2494 2816 2607 2884 quia

1513 2920 1517 2925 -
1557 2891 1755 2941 sciebat
1798 2907 1987 2957 pasms
2014 2892 2306 2957 Scripturae
2344 2893 2609 2957 loquentes

1556 2962 1630 3011 de
1645 2976 1720 3022 se,
1759 2961 1938 3012 locum:
1972 2962 2079 3023 ubi,
2115 2962 2411 3012 secundum
2446 2971 2608 3011 trans-

1556 3032 1813 3083 lationem
1885 3049 1989 3083 Lxx
2060 3034 2440 3098 interpretum,
2504 3034 2608 3080 erat

1558 3104 1813 3169 scriptum
1854 3121 1872 3154 .·
1913 3103 2158 3171 Spiritus
2212 3104 2434 3154 Domini
2463 3113 2607 3168 super

1556 3189 1654 3237 me,
1680 3184 1801 3237 etc„
1827 3187 1987 3242 prout
2020 3176 2221 3241 patebit
2254 3175 2413 3225 infra.

1618 3260 1649 3294 2
1687 3246 2013 3297 APPchno
2082 3262 2247 3297 nusus
2317 3253 2608 3297 morus-ru:

1557 3318 1793 3369 Cnmsro
1836 3335 1904 3369 m·
1950 3334 2195 3369 emmim-r
2245 3326 2605 3368 PRAEchrom.

1515 3403 1516 3408 ’
1554 3417 1616 3427 -
1646 3389 1796 3441 Circa
1828 3392 1974 3456 quod
2019 3390 2315 3452 sciendum,
2335 3388 2476 3455 quod
2518 3385 2605 3435 Ju-

1553 3462 1653 3513 daei
1679 3472 1985 3528 exspectant
2013 3462 2103 3512 illa
2137 3478 2258 3528 quae
2287 3462 2364 3512 eis
2394 3455 2608 3534 promit-.-

1554 3541 1740 3583 tuntur
1795 3533 1852 3583 in
1905 3533 2006 3584 hac
2051 3530 2356 3598 prophetia,
2409 3523 2603 3594 impleri

1555 3623 1649 3673 per
1694 3606 1964 3667 Messiam,
1994 3623 2157 3673 quem
2186 3613 2487 3671 exspectant
2524 3600 2605 3650 fu-

1556 3691 1759 3740 turum,
1791 3689 1843 3729 et
1873 3680 1972 3730 toti
2006 3679 2211 3730 mundo
2261 3673 2605 3742 temporaliter

1556 3750 1962 3803 dominaturum
1987 3790 1999 3811 ‚
2058 3761 2109 3802 et
2147 3751 2460 3801 educturum
2512 3743 2601 3794 Ju—

1556 3823 1703 3873 daeos
1747 3822 1813 3873 de
1856 3822 2175 3889 captivitate,
2228 3831 2281 3873 et
2323 3817 2603 3886 positurum
