2757 4413
431 317 537 372 680

434 432 600 494 Quasi
625 434 823 486 diceret
853 454 865 485 z
896 439 1000 496 Tu,
1023 437 1295 503 generatio
1315 450 1493 501 prava,

437 507 575 571 petis
631 507 849 572 signum
903 511 1134 571 eoeleste‚
1191 518 1242 558 et
1275 509 1496 573 signum

441 577 693 641 potentiae
722 580 805 628 vel
834 579 1017 645 gloriae
1058 580 1125 628 de
1149 577 1401 640 sublimi;
1450 588 1502 627 et

440 647 540 699 tibi
566 662 673 699 non
707 648 939 709 dabitur,
964 649 1072 698 nisi
1101 648 1320 713 signum
1344 659 1506 698 terre-

444 733 578 770 num
607 729 656 770 et
685 719 906 783 signum
949 719 1219 785 passionis
1263 729 1317 769 et
1347 718 1505 769 infir-

443 787 664 846 mitatis,
693 789 1050 853 significatum
1089 789 1245 854 signo
1281 798 1332 839 et
1369 788 1507 838 facto

442 859 590 908 Jonae
617 859 913 922 Prophetae.
938 861 1112 911 Jonas
1127 858 1406 924 enimfuit
1423 859 1510 908 si-

444 945 610 996 gnum
658 931 924 982 Ninivitis
952 931 1255 996 dupliciter,
1303 930 1509 981 scilicet

445 1001 609 1054 verbo
658 1011 710 1052 et
762 1001 915 1054 facto.
965 1003 1162 1061 verbe,
1209 1002 1335 1067 quia
1389 1001 1509 1052 viva

443 1086 570 1123 voce
596 1070 692 1121 eis
710 1071 1030 1136 significavit
1074 1072 1221 1138 quod
1250 1071 1508 1137 perirent,

446 1142 553 1195 nisi
582 1155 1033 1198 converterentur.
1057 1145 1238 1206 Facto,
1270 1159 1334 1194 eo
1359 1143 1506 1209 quod

434 1214 614 1279 suerit
653 1214 706 1266 in
740 1222 920 1267 ventre
949 1216 1070 1279 ceti,
1114 1216 1284 1268 tribus
1322 1216 1509 1265 diebus

445 1291 500 1336 et
529 1286 699 1337 tribus
723 1288 979 1339 noctibus.
1014 1288 1116 1339 Ubi
1141 1287 1361 1338 fuerunt
1386 1287 1507 1348 tria,

445 1355 650 1410 scilicet
682 1357 975 1423 absorpti0,
1011 1358 1269 1417 detentio,
1304 1357 1513 1408 evomi-

441 1427 543 1480 tio.
580 1428 874 1493 Absorptio
921 1429 1024 1481 fuit
1051 1429 1272 1494 signum
1321 1429 1513 1480 mortis

450 1499 684 1562 Christi;
707 1500 964 1561 detentiO,
985 1503 1297 1567 sepulturae3
1317 1499 1516 1551 evomi-

450 1568 549 1628 tio,
573 1570 991 1623 resurrectionis.
1013 1572 1077 1624 Et
1099 1571 1178 1622 sic
1201 1571 1416 1622 dabitur
1437 1570 1515 1621 eis

449 1639 690 1706 signum,
721 1642 775 1692 id
804 1652 882 1693 est
925 1642 1247 1708 significatio
1290 1643 1347 1693 in
1376 1642 1514 1692 facto

449 1714 613 1772 Jonae,
666 1724 726 1766 ut
773 1714 981 1767 scilicet
1028 1725 1402 1766 convertantur
1461 1723 1515 1764 et

452 1783 737 1835 salventur.
793 1785 914 1837 Non
972 1785 1075 1836 hoc
1111 1794 1208 1834 est
1266 1785 1475 1835 dictum
1499 1822 1512 1842 ,

457 1851 612 1917 quasi
636 1852 740 1904 alia
767 1852 922 1917 signa
949 1863 1073 1905 ante
1105 1864 1333 1905 mortem
1363 1853 1517 1904 Chri-

456 1922 529 1975 sti
557 1938 664 1973 non
693 1922 897 1975 fuerint
922 1928 1071 1987 data3
1097 1925 1190 1976 sed
1221 1925 1351 1991 quia
1370 1939 1518 1975 mors

455 2001 511 2043 et
530 1992 712 2045 Passio
737 1993 939 2046 Christi
963 1993 1065 2046 fuit
1086 1994 1304 2061 signum
1330 1994 1519 2060 praeci-

460 2078 630 2130 puum
661 2074 712 2113 et
752 2062 1025 2124 ultimum,
1076 2075 1129 2117 et
1178 2066 1398 2131 signum
1435 2064 1520 2125 ,si-

459 2149 711 2199 gnorum,
744 2134 802 2184 in
832 2136 978 2201 quod
1018 2136 1203 2189 omnia
1232 2136 1386 2202 signa
1414 2136 1521 2186 du-

460 2208 648 2261 cebant
664 2226 679 2272 ;
700 2208 823 2260 ideo
836 2210 1075 2262 dandum
1096 2211 1121 2260 J
1125 2210 1291 2262 udoeis
1306 2210 1521 2269 dicitur,

427 2313 432 2317 -
459 2278 590 2346 quia
612 2278 656 2330 si
691 2279 768 2331 illi
791 2281 1081 2340 crederent,
1110 2282 1457 2343 salvarentur,
1476 2279 1523 2331 si

459 2365 569 2401 non
609 2350 902 2413 crederent,
944 2352 1359 2414 damnarentur-3
1390 2350 1526 2401 sicut

357 2463 367 2473 .
457 2423 624 2475 Jonas
669 2421 773 2474 fuit
809 2422 1027 2489 signum
1063 2423 1336 2484 Ninivitis,
1389 2433 1450 2473 ut
1479 2421 1524 2473 si

460 2494 658 2545 vellent
681 2496 910 2556 credere,
939 2496 1294 2558 salvarentur3
1327 2494 1414 2545 sin
1439 2509 1528 2544 au-

378 2589 384 2595 ·
463 2574 594 2626 tem,
641 2565 1089 2618 subverterentur.
1132 2566 1252 2616 Non
1280 2580 1409 2629 ergo
1439 2564 1530 2614 dat

463 2636 545 2688 eis
574 2637 789 2701 signum
810 2637 1108 2688 divinitatis
1130 2638 1197 2688 de
1216 2638 1352 2687 coelo
1382 2636 1526 2703 quod

466 2708 794 2773 quaerebant,
824 2708 952 2773 quia
982 2718 1197 2773 propter
1225 2722 1413 2759 eorum
1445 2722 1531 2757 cu-

466 2777 764 2831 riositatem
792 2788 846 2828 et
874 2777 1133 2830 malitiam
1161 2777 1341 2827 videre
1387 2776 1531 2827 indi-

392 2852 396 2856 ’
468 2849 561 2916 gni
590 2860 763 2911 erant3
788 2850 880 2900 sed
926 2850 993 2901 de
1014 2850 1210 2915 abysso
1249 2847 1432 2908 maris,
1481 2858 1532 2898 et

469 2919 740 2987 profundo
763 2921 979 2983 inferni,
1011 2922 1169 2988 quale
1188 2921 1346 2971 Jonas
1369 2936 1402 2970 a
1418 2930 1532 2971 ceto

468 3002 707 3053 voratus,
739 2993 832 3044 sed
863 2994 928 3045 de
954 2995 1149 3060 abysso
1178 2991 1371 3044 mortis
1395 2993 1533 3044 libe—-

469 3073 642 3125 ratus3
686 3074 737 3115 et
790 3064 990 3130 accepit
1039 3074 1092 3116 et
1136 3064 1283 3115 dedit
1312 3063 1530 3130 signum

471 3132 719 3185 videlicet
749 3135 1152 3196 incarnationiS‚
1186 3151 1296 3187 non
1327 3134 1532 3186 divini-

468 3203 597 3257 tatis
608 3219 623 3267 ;
659 3204 950 3265 PassioniS,
978 3221 1083 3257 non
1114 3204 1532 3271 glorificationis

471 3275 764 3342 Discipulis
800 3288 977 3330 autem
1033 3278 1149 3329 suis
1195 3278 1415 3344 signum
1463 3278 1536 3349 ¹de

471 3347 606 3401 coelo
637 3348 801 3409 dedit,
827 3347 1027 3414 quibus
1050 3359 1262 3401 aeternoe
1304 3348 1538 3400 beatitu-

473 3417 621 3467 dinis
671 3418 918 3484 gloriam,
965 3429 1015 3469 et
1049 3419 1199 3484 prius
1245 3418 1539 3485 figuraliter

475 3488 536 3540 in
566 3500 750 3540 monte
792 3487 1217 3555 transfiguratus,
1265 3505 1323 3541 ac
1356 3500 1543 3560 postea

472 3561 731 3613 veraciter
752 3561 809 3611 in
830 3562 1024 3612 coelum
1039 3562 1347 3614 sublevatus
1366 3572 1543 3613 osten-

474 3633 572 3686 dit.
601 3635 744 3695 Quia
768 3634 913 3686 enim
943 3634 1116 3687 Judaei
1147 3636 1343 3687 terreni
1372 3646 1425 3686 et
1451 3636 1542 3686 in-

475 3704 593 3768 fimi
620 3718 785 3767 erant,
799 3706 919 3760 ideo
940 3707 1008 3759 de
1025 3707 1249 3760 terrenis
1269 3718 1321 3758 et
1339 3706 1545 3758 infimis

479 3778 698 3844 signum
726 3781 986 3833 debebant
1027 3780 1241 3831 habere.
1270 3780 1423 3830 Unde
1455 3781 1546 3829 dat

482 3850 563 3901 eis
582 3851 799 3917 signum
831 3853 898 3904 de
926 3852 1037 3904 imo
1067 3867 1177 3902 suae
1204 3850 1472 3901 Passionis
1494 3860 1546 3900 et

483 3924 791 3988 sepulturae,
828 3923 1046 3977 dicens:
1080 3923 1239 3976 Sicut
1271 3920 1410 3973 enim
1426 3921 1546 3987 suit

1014 315 1253 367 PRIMAE
1286 314 1536 365 PARTls
1568 312 1802 364 CAPUT
1833 312 2067 363 LXXIV.

1606 437 1780 486 Jonas
1807 435 1860 485 in
1883 440 2065 484 ventre
2081 433 2183 483 ceti
2204 433 2381 483 tribus
2413 433 2625 483 diebuset

1611 507 1780 557 tribus
1814 505 2078 564 noctibus‚·
2104 504 2181 553 ita
2212 504 2319 553 erit
2344 503 2516 553 Filius
2547 504 2627 552 Ιιο-

1611 576 1768 625 minis
1793 575 1847 624 in
1884 575 2045 625 corde
2066 580 2241 636 terrae,
2285 573 2451 623 tribus
2480 573 2628 622 diebus

1610 652 1664 696 et
1700 645 1870 696 trihus
1895 645 2134 695 noctibus
2163 660 2258 709 per
2279 643 2625 709 synecdochen.

1611 714 1918 781 accipiendo
1947 715 2147 767 scilicet
2175 723 2380 780 partem
2403 723 2547 763 sextae
2564 712 2628 762 fe·

1613 787 1707 837 riae
1735 796 1787 837 et
1814 795 1979 836 totam
2026 786 2170 835 diem
2193 783 2419 844 sabbati,
2448 793 2497 833 et
2532 797 2631 849 par-

1614 868 1722 907 tem
1769 857 1875 906 diei
1921 857 2215 906 Dominicae
2245 853 2632 911 resurrectionis,

1616 944 1713 994 pro
1742 928 1918 978 tribus
1947 928 2137 978 diebus
2180 937 2232 977 et
2280 926 2532 976 noctibus.
2561 925 2633 974 Per

1615 999 1746 1049 istos
1766 999 1858 1064 qui
1882 998 2191 1064 quaerebant
2209 996 2425 1063 signum
2439 997 2499 1046 de
2512 994 2635 1052 eoelo,

1615 1071 1899 1135 signantur
1942 1068 2134 1118 curiosi
2192 1078 2247 1117 et
2294 1067 2518 1132 superbi,
2561 1063 2631 1130 qui

1617 1156 1778 1207 supra
1817 1141 1957 1192 vines
2004 1139 2244 1191 ooelestia
2293 1140 2557 1196 rimantur,
2598 1146 2633 1185 et

1616 1213 1781 1263 nimis
1805 1214 2017 1263 curiose
2046 1212 2232 1263 divina
2258 1219 2566 1271 scrutantur3
2588 1208 2635 1255 de

1617 1285 1750 1334 coelo
1776 1295 1825 1334 et
1862 1284 2170 1335 coelestibus
2209 1298 2270 1333 ac
2302 1280 2509 1332 secretis
2525 1277 2635 1328 divi-

1619 1354 1705 1403 nis
1732 1355 2087 1420 disputantes,
2117 1355 2200 1404 vel
2243 1355 2312 1404 de
2339 1347 2636 1402 revelationi-

1619 1427 1722 1476 bus
1772 1436 1824 1478 et
1872 1426 2183 1477 visionibus
2252 1432 2607 1491 praesumentes
2626 1457 2637 1477 2

1618 1496 1821 1546 omissa
1849 1496 1952 1556 via,
2005 1497 2209 1546 scilieet
2249 1494 2517 1561 praeceptis
2551 1492 2636 1540 Do-

1620 1569 1759 1619 mini
1785 1578 1836 1619 et
1867 1567 2129 1628 consiliiS,
2158 1568 2362 1634 quibus
2384 1565 2574 1617 venitur
2590 1562 2636 1612 ad

1618 1641 1728 1698 illa,
1741 1650 1957 1705 propter
1969 1639 2115 1705 quod
2135 1640 2505 1704 opprimuntur
2516 1633 2639 1698 agit>

1621 1715 1729 1776 ria,
1746 1713 1875 1779 quia
1893 1729 1986 1778 per
2001 1713 2103 1763 hoc
2123 1713 2415 1779 aliquando
2432 1710 2640 1760 labuntur

1620 1784 1680 1833 in
1729 1798 1952 1834 erronea
1997 1784 2343 1841 documenta,
2393 1781 2470 1831 vel
2507 1791 2636 1843 quan-

1621 1856 1801 1920 doque
1828 1855 1884 1905 in
1906 1866 2117 1920 pecoeta
2148 1853 2450 1919 spiritualia
2480 1862 2528 1900 et
2563 1861 2643 1897 car·

1623 1926 1779 1985 nalia,
1806 1935 2024 1991 propter
2049 1927 2195 1991 quod
2223 1925 2424 1975 dicitur
2447 1922 2546 1972 eis:
2566 1918 2642 1969 Ge-

1625 1996 1835 2047 ner-atio
1861 1996 2005 2047 mala
2035 2003 2089 2047 et
2117 1996 2389 2057 adultera,
2418 2003 2526 2050 etc„
2544 2000 2645 2054 quia

1625 2076 1872 2132 quaerunt
1898 2082 2019 2132 quae
2047 2082 2156 2117 non
2182 2075 2315 2116 sunt
2347 2063 2554 2119 scibilia,
2572 2070 2644 2109 nec

1627 2140 1692 2189 ad
1719 2137 1880 2189 fidem
1911 2139 1994 2189 vel
2046 2154 2224 2189 mores
2272 2137 2426 2189 utilia
2471 2144 2516 2185 et
2551 2131 2643 2181 ideo

1629 2227 1729 2263 non
1755 2211 1970 2262 dabitur
1991 2212 2069 2262 eis
2089 2211 2327 2276 signum,
2350 2209 2450 2259 nisi
2467 2206 2642 2284 sign-urs!

1628 2287 1785 2336 Jonae
1830 2284 2134 2350 Prophetoe,
2187 2298 2356 2349 quem
2404 2280 2645 2345 deglutivit

1630 2365 1802 2417 cetus;
1836 2364 1887 2405 et
1913 2355 1991 2407 sic
2035 2354 2240 2404 deludit
2266 2364 2325 2403 et
2343 2348 2554 2417 deglutit
2577 2357 2648 2396 eos

1631 2426 1897 2476 diabolus·

1692 2511 1729 2559 4
1758 2496 2121 2546 mevmnuu
2164 2510 2270 2545 emt
2316 2494 2507 2544 JUDAEls
2537 2499 2643 2538 cox-

1632 2580 1877 2616 namo.
1917 2593 1976 2601 —
1999 2564 2205 2614 Deinde
2234 2564 2533 2613 Judaeorum
2556 2569 2647 2606 ma·

1631 2635 1823 2697 litiam,
1853 2650 2017 2700 quam
2043 2634 2441 2700 obstinatamet
2470 2629 2653 2705 obdura·

1634 2719 1761 2770 tam,
1810 2707 2080 2758 Dominus
2120 2707 2387 2773 praevidit,
2436 2699 2653 2765 exemphs

1634 2779 1961 2845 quibusdam
2014 2781 2356 2839 condemnat»,
2393 2777 2515 2844 quia
2549 2787 2654 2851 con-

1633 2852 1808 2904 versio
1848 2851 2216 2903 Ninivitarum
2243 2862 2300 2902 et
2327 2851 2511 2902 factum
2537 2857 2654 2920 regl-

1634 2937 1717 2972 nae
1743 2921 1927 2973 Austri
1955 2921 2193 2972 ostendit
2223 2920 2359 2972 istos
2386 2919 2442 2970 in
2478 2913 2653 2989 judicio3

1636 3011 1747 3059 quo
1790 3010 1984 3046 omnes
2017 3004 2128 3044 tam
2174 2994 2303 3044 boni
2359 3006 2516 3059 quam
2556 2984 2653 3036 mah

1636 3074 1872 3129 surgent,
1892 3064 2106 3130 gravius
2124 3063 2464 3129 puniendos3
2489 3067 2535 3108 et
2556 3068 2657 3106 con·

1637 3134 1911 3185 demnabit
1950 3150 2060 3194 eos,
2091 3134 2144 3183 id
2181 3143 2263 3185 est
2288 3132 2521 3184 ostendet
2551 3138 2658 3175 con-

1637 3203 1987 3264 demnandos,
2030 3202 2158 3269 quia
2200 3217 2264 3253 ex
2302 3203 2513 3252 illorum
2545 3194 2657 3244 sotto

1638 3274 1917 3339 apparebit
1942 3274 2083 3338 justa
2116 3272 2344 3324 istorum
2373 3269 2659 3339 condemna-

1642 3346 1738 3396 tio.
1772 3347 1927 3397 Unde
1953 3345 2083 3396 dicit
2112 3362 2128 3395 ι
2170 3346 2287 3396 Viri
2305 3341 2660 3399 Ninivitae,qu1

1641 3429 1771 3470 sunt
1789 3419 2014 3485 Assyrii,
2043 3426 2286 3486 surgent,
2305 3417 2499 3469 scilicet
2523 3413 2570 3462 in
2593 3421 2663 3458 re-

1643 3492 1972 3544 surrectione
2004 3491 2252 3556 generali,
2283 3492 2336 3541 in
2352 3479 2660 3562 judictatu-

1646 3575 1785 3623 turo,
1829 3578 1945 3613 cum
1970 3562 2315 3628 generatione
2341 3562 2462 3620 Ista,
2495 3554 2663 3606 scilicet

1646 3636 1880 3694 Judaica,
1909 3650 2033 3702 quae
2059 3634 2308 3685 similiter
2354 3642 2478 3683 tunc
2496 3630 2662 3689 surget,

1649 3713 1700 3759 et
1731 3706 2144 3758 condemnabunt
2177 3720 2309 3768 eam,
2354 3702 2408 3753 id
2439 3710 2513 3750 est
2554 3707 2663 3745 con-

1649 3778 2013 3830 demnandam
2070 3779 2379 3834 ostendent,
2430 3770 2607 3847 scilieet
2651 3776 2661 3806 ἰ

1652 3848 1829 3916 primo
1868 3864 1934 3899 ex
1979 3848 2367 3913 comparatione
2405 3839 2571 3910 popull
2612 3831 2665 3883 nd

1653 3919 1937 3985 populum,
1955 3918 2086 3985 quia
2122 3917 2198 3968 ibi
2223 3914 2484 3973 Ninivitae,
2503 3911 2665 3960 Genu·
