2757 4413
310 296 414 348 688

311 414 402 464 sed
447 412 512 461 de
553 408 759 461 intimis
791 409 967 459 cordis
1002 410 1196 476 ipsius;
1241 410 1370 460 item

313 484 571 551 patienter
599 498 708 532 non
750 497 873 531 cum
909 483 1098 543 taedios
1112 484 1193 532 vel
1221 497 1372 532 mur-

312 574 465 609 mure
502 567 554 607 et
595 555 940 619 detractione;
968 555 1095 606 item
1126 555 1374 605 obedien-

313 642 422 689 ter,
486 639 548 678 ut
604 626 805 677 scilicet
857 627 1003 691 quod
1054 627 1180 693 quis
1225 625 1373 676 audit

313 715 471 765 opere
495 698 730 763 impleat.
770 695 895 746 Mali
923 696 1151 747 libenter
1177 697 1372 746 debent

310 771 496 820 audire
525 768 750 819 verbum
789 767 885 817 Dei
915 778 977 817 ut
1016 769 1369 833 corrigantur,

311 858 438 892 nam
466 841 689 891 verbum
730 839 827 889 Dei
856 849 935 889 est
964 840 1227 890 medicina
1248 839 1371 889 ani-

313 929 412 963 mae
454 921 639 962 contra
685 909 938 959 morbum
982 911 1199 975 peccati.
1233 909 1370 960 Boni

310 986 498 1044 etiam,
549 981 644 1048 qui
687 991 812 1031 sunt
859 981 915 1031 in
970 992 1110 1032 statu
1151 981 1368 1047 triplici,

309 1055 538 1105 libenter
558 1052 754 1102 debent
775 1052 958 1102 audire
984 1054 1209 1103 verbum
1234 1052 1331 1102 Dei
1354 1068 1366 1102 :

309 1125 690 1193 incipientibus
725 1125 870 1175 enim
898 1125 1002 1174 hoc
1024 1126 1273 1176 convenit
1311 1134 1370 1174 ut

309 1199 637 1257 erudiantur,
668 1209 717 1249 et
750 1198 858 1248 illis
885 1201 1109 1249 verbum
1146 1199 1244 1249 Dei
1287 1208 1370 1248 est

309 1275 423 1335 lac3
472 1271 875 1337 proficientibus
919 1273 1078 1323 etiam
1124 1272 1371 1323 convenit

307 1345 492 1395 audire
531 1344 755 1394 verbum
804 1345 921 1406 Dei,
967 1355 1027 1395 ut
1073 1345 1370 1410 dirigantur

307 1415 367 1465 in
407 1415 491 1465 via
533 1413 798 1480 profectus
840 1415 1161 1480 spiritualis3
1191 1414 1367 1480 perfe-

307 1487 407 1537 ctis
447 1487 608 1538 etiam
645 1487 893 1537 convenit
928 1488 1111 1538 audire
1143 1489 1365 1556 verbum

306 1559 422 1619 Dei,
466 1570 529 1610 ut
569 1558 800 1624 amplius
836 1559 1193 1624 perficiantur,
1240 1560 1367 1625 qui-

306 1629 409 1679 bus
443 1630 667 1679 verbum
701 1629 796 1679 Dei
828 1640 910 1680 est
953 1631 1159 1681 solidus
1194 1631 1364 1681 cibus.

303 1699 404 1749 Est
430 1700 577 1750 enim
612 1700 841 1749 verbum
877 1701 972 1750 Dei
1016 1716 1216 1752 manna
1254 1718 1365 1752 coe-

304 1770 451 1831 leste,
476 1779 526 1819 et
548 1770 685 1834 sapit
711 1770 940 1835 quilibet
968 1787 1064 1835 pro
1092 1787 1190 1821 suo
1211 1773 1364 1822 velle.

305 1840 458 1890 Unde
490 1840 755 1903 Origenes
784 1857 799 1888 .·
830 1857 856 1884 ι(
886 1841 1043 1890 Nunc
1071 1856 1199 1906 ergo
1225 1840 1368 1891 festi-

306 1925 497 1959 nemus
551 1910 763 1959 coeleste
817 1925 1012 1960 manna
1066 1912 1361 1977 suscipere;

305 1982 438 2032 illud
490 1982 638 2031 enim
685 1997 877 2032 manna
931 1994 1090 2048 prout
1135 1985 1366 2050 quisque

297 2053 589 2113 desiderat,
615 2052 773 2102 talem
822 2068 1065 2118 saporem
1104 2055 1278 2105 reddit
1306 2056 1363 2105 in

302 2139 396 2173 ore
436 2125 568 2189 ejuS.
612 2124 696 2173 Tu
736 2139 861 2190 ergo
902 2125 947 2174 si
989 2127 1213 2177 verbum
1245 2128 1363 2187 Dei,

302 2196 446 2262 quod
490 2196 544 2247 in
590 2195 821 2246 Ecclesia
869 2198 1212 2262 praedicatur,
1254 2210 1367 2250 tota

299 2266 407 2317 fide
470 2277 524 2316 et
575 2276 684 2316 tota
733 2267 1016 2319 devotione
1069 2270 1360 2336 suscipiaS‚

300 2335 389 2387 fiet
418 2337 517 2387 tibi
547 2336 728 2402 ipsum
756 2338 979 2389 verbum
1003 2342 1363 2407 quodcunque

301 2410 589 2460 desideraS.
615 2411 777 2462 Verbi
806 2411 1021 2477 gratia:
1059 2414 1105 2463 si
1136 2415 1363 2466 tribula-

301 2480 392 2539 riS,
424 2482 734 2531 consolatur
758 2491 826 2540 te,
860 2482 1088 2534 dicens·
1114 2485 1228 2535 Cor
1248 2500 1367 2537 con—

293 2553 487 2603 tritum
535 2559 587 2603 et
629 2553 990 2619 humiliatum,
1035 2556 1205 2618 Deus,
1260 2573 1366 2609 non

297 2622 584 2688 desp1c1285
624 2623 669 2674 si
711 2623 905 2674 laetaris
949 2640 1229 2690 prospere,
1271 2627 1365 2677 fu·-

298 2704 542 2745 tutorum
602 2697 838 2747 cumulat
888 2696 988 2748 tibi
1034 2698 1246 2762 gaudia,
1291 2700 1367 2749 di·

295 2779 420 2815 cens
450 2783 465 2816 :
495 2767 783 2816 Laetamini
814 2767 867 2817 in
899 2768 1132 2819 Domino
1164 2775 1216 2819 et
1256 2785 1364 2821 ex-

297 2837 496 2887 sultate
548 2837 729 2903 justi,-
761 2839 839 2902 *si
911 2838 1203 2891 iracundus
1266 2856 1365 2901 ω,

297 2904 508 2970 mitigat
544 2917 613 2965 te,
646 2907 829 2957 dicens
858 2924 874 2956 ε
893 2908 1091 2960 Desine
1115 2910 1183 2960 ab
1210 2909 1287 2960 ira
1314 2921 1366 2961 et

297 2974 547 3039 delinque
586 2975 855 3038 furorem;
903 2979 950 3027 si
990 2978 1046 3029 in
1086 2980 1364 3032 doloribus

297 3062 372 3106 55,
406 3058 557 3097 sanat
592 3059 661 3111 te,
700 3048 883 3099 dicens
919 3067 935 3101 :
974 3051 1241 3103 Dominus
1287 3070 1367 3105 sa-

296 3127 388 3167 nat
433 3133 624 3167 omnes
673 3119 957 3183 languores
1007 3132 1157 3185 tuos3
1206 3123 1251 3173 si
1304 3123 1360 3173 in

296 3200 603 3255 paupertate
649 3194 1012 3254 consumeris,
1056 3197 1366 3247 consolatur·

294 3269 364 3319 te,
393 3259 620 3310 dicens:
651 3260 918 3314 Dominus
944 3265 1132 3315 allevat
1160 3267 1225 3317 de
1262 3277 1362 3318 ter—

295 3344 354 3379 ra
400 3330 649 3395 inopem,
691 3341 746 3381 et
796 3332 863 3381 de
918 3343 1148 3386 stercore
1202 3337 1359 3403 erigit

293 3415 600 3465 pauperem.
657 3401 747 3451 Sic
795 3417 924 3469 ergo
967 3420 1163 3457 manna
1208 3408 1358 3458 verbi

292 3469 391 3520 Dei
456 3471 639 3522 reddet
702 3470 757 3520 in
812 3488 906 3522 ore
962 3484 1056 3525 tuo
1112 3493 1358 3543 saporem

291 3557 668 3610 quemcunque
704 3545 939 3596 volueris
977 3562 990 3594 ε
1027 3566 1055 3594 »
1082 3548 1197 3600 haec
1238 3550 1357 3602 Ori·

290 3627 475 3676 genes

358 3682 385 3732 3
423 3685 531 3743 Qm
569 3699 804 3735 Burnus
847 3686 1046 3736 Donum
1091 3705 1145 3739 m
1194 3706 1353 3742 seusu

291 3770 576 3806 urrann
604 3773 672 3806 Εἰ·
698 3757 946 3808 nst-ico?
974 3787 1034 3798 ·-
1050 3762 1239 3812 Adhuc
1263 3778 1356 3813 au-

292 3831 409 3889 tem,
468 3828 702 3879 Domino
747 3829 875 3880 Jaeu
923 3831 1254 3895 praedicante‚
1303 3845 1354 3885 et

291 3911 420 3961 quae
455 3914 621 3966 supra
664 3900 809 3952 dicta
851 3903 1132 3967 sunt,-ad
1170 3904 1354 3957 turbas

892 290 1127 342 PRIMAE
1162 287 1410 340 PARTIS
1444 287 1676 339 CAPUT
1705 287 1909 339 LXXV.

1480 409 1736 476 loquente,
1769 417 1942 463 mater
1980 411 2096 478 ejus
2127 417 2176 461 et
2197 410 2424 476 fratres,
2460 409 2510 459 id

1478 493 1559 531 est
1579 482 1961 548 consanguinei
1986 491 2263 540 venerunt,
2285 495 2511 547 quaeren-

1481 558 1559 602 tes
1588 568 1735 616 eum3
1765 554 1887 604 licet
1906 554 2053 604 enirn
2083 552 2330 603 Pharisaei
2353 562 2516 602 essent

1481 624 1635 674 mixti
1666 642 1785 676 cum
1822 625 2015 684 turbiS,
2048 634 2227 675 tamen
2267 622 2515 690 principa-

1479 697 1600 747 liter
1635 695 1949 763 praedicabat
1977 708 2189 764 propter
2214 697 2391 746 turbas
2417 712 2519 746 eru·

1479 768 1717 821 diendaS.
1749 771 1813 821 Et
1841 770 1969 835 quia
1992 769 2214 819 faciliter
2242 783 2363 817 eum
2390 767 2519 817 adire

1479 855 1587 904 prae
1610 842 1765 891 turba
1791 858 1898 891 non
1922 849 2178 906 poterant,
2202 849 2254 889 et
2281 839 2433 888 etiam
2460 853 2518 888 ne

1479 911 1709 971 fructum
1773 914 1945 964 divini
1990 913 2139 964 verbi
2189 911 2515 978 impedirent,

1466 983 1619 1048 foris
1658 985 1892 1049 stabant,
1922 996 1973 1036 et
2006 986 2271 1035 miserunt
2306 984 2370 1033 ad
2406 997 2516 1031 eum

1475 1068 1719 1110 vocantes
1746 1060 1943 1125 ipsum.
1978 1060 2189 1110 Fratres
2216 1059 2305 1115 hic
2336 1073 2514 1107 vocan-

1476 1139 1564 1179 tur
1607 1131 1915 1183 consobrini
1953 1130 2193 1190 Domini,
2240 1129 2514 1179 secundum

1475 1215 1681 1251 morem
1723 1202 2025 1268 Scripturae,
2068 1217 2189 1268 quae
2219 1216 2358 1266 saepe
2395 1214 2513 1248 con-

1475 1272 1797 1337 sanguineos
1835 1274 1970 1323 solet
2013 1272 2201 1323 fratres
2242 1271 2515 1322 nominare.

1474 1343 1546 1393 Et
1595 1360 1716 1394 cum
1770 1347 2039 1396 Dominus
2083 1357 2195 1396 erat
2250 1353 2517 1409 occupatus

1474 1416 1534 1466 in
1571 1417 1745 1468 officio
1782 1418 2131 1484 praedicandi,
2171 1419 2347 1484 primo
2387 1430 2515 1467 unus

1474 1498 1525 1538 et
1558 1499 1679 1554 post
1709 1489 1865 1539 illum
1896 1490 2076 1555 plures
2102 1490 2169 1539 de
2198 1490 2351 1538 turba
2377 1487 2514 1537 dixe·

1474 1569 1602 1609 runt
1634 1559 1681 1609 ei
1714 1576 1726 1609 :
1752 1560 1894 1610 Ecce
1920 1566 2091 1610 mater
2117 1565 2229 1619 tua,
2255 1567 2303 1609 et
2315 1559 2514 1624 fratres

1475 1633 1551 1683 tui
1563 1633 1715 1698 foris
1738 1639 1885 1683 stant
1911 1639 2210 1698 quaerentes
2239 1639 2304 1684 te.
2333 1632 2421 1682 Isti
2442 1631 2515 1681 in-

1474 1704 1638 1755 sidias
1667 1705 1968 1764 tendebant,
1997 1720 2056 1755 ac
2086 1705 2350 1755 malitiose
2376 1715 2423 1753 et
2448 1702 2518 1753 in·

1474 1774 1721 1825 sidiando
1768 1775 1881 1825 haec
1920 1774 2185 1835 dicebant,
2228 1774 2421 1825 scilicet
2457 1771 2514 1824 ad

1474 1847 1791 1895 tentandum
1819 1854 1871 1896 et
1904 1846 2312 1910 explorandum,
2339 1845 2383 1894 si
2411 1859 2515 1893 car-

1477 1915 1564 1964 nis
1587 1915 1777 1965 affectu
1806 1915 2242 1980 praedicationem
2271 1916 2513 1980 inceptam

1472 1985 1781 2045 dimitteret,
1809 1987 1899 2036 vel
1932 1986 2372 2052 interrumperet3
2397 1996 2450 2034 ut
2472 1983 2513 2033 si

1473 2056 1735 2122 spirituali
1757 2057 1907 2122 operi
1937 2056 2208 2122 praeferret
2237 2073 2435 2108 carnem
2468 2066 2513 2105 et

1473 2127 1820 2193 sanguinem,
1869 2138 2150 2193 arguerent
2199 2129 2378 2194 ipsum
2412 2140 2512 2176 esse

1471 2216 1666 2265 purum
1719 2198 1999 2250 hominem
2019 2238 2032 2259 ‚
2089 2210 2279 2250 natum
2320 2199 2513 2266 pr'opter

1470 2270 1805 2321 affectionem
1828 2270 2109 2329 carnalem,
2133 2280 2187 2320 et
2215 2280 2277 2320 ut
2302 2269 2512 2335 populus

1470 2341 1657 2391 videns
1692 2340 1841 2406 quod
1877 2350 2120 2405 parentes
2159 2341 2388 2390 carnales
2419 2339 2511 2388 ha-

1471 2412 1635 2472 beret,
1668 2411 1850 2476 ipsum
1881 2410 2081 2460 Filium
2123 2411 2221 2461 Dei
2265 2427 2373 2460 non
2405 2425 2508 2462 cre-

1470 2486 1635 2544 deret,
1663 2500 1788 2535 cum
1827 2483 1971 2533 Deus
1999 2484 2279 2535 carnaliter
2300 2500 2401 2532 non
2425 2497 2510 2548 ge-

1473 2564 1638 2605 neret.
1697 2556 1763 2606 Et
1819 2553 1941 2604 ideo
2002 2554 2201 2606 multas
2255 2553 2513 2620 implicant

1472 2624 1898 2676 circumstantias
1939 2640 2061 2689 quae
2103 2624 2281 2690 ipsum
2319 2637 2515 2675 movere

1473 2706 1717 2762 poterant
1761 2696 1827 2745 ad
1869 2698 2204 2756 cessandum,
2248 2697 2514 2747 dicentes:

1441 2777 1447 2784 ·
1471 2769 1613 2820 Ecce
1635 2775 1806 2819 mater
1829 2774 1938 2830 tua,
1967 2784 2087 2832 quae
2112 2770 2409 2835 praecipitur
2432 2769 2512 2818 ho·

1473 2840 1668 2900 norari,
1698 2846 1750 2891 et
1778 2838 1998 2905 fratres
2035 2837 2131 2903 tui,
2167 2856 2306 2905 quos
2344 2850 2397 2889 et
2426 2853 2511 2888 na-

1473 2921 1591 2961 tura
1611 2920 1661 2961 et
1684 2911 1793 2961 Lex
1811 2910 1958 2976 jubet
1984 2910 2158 2976 diligi,
2176 2912 2308 2977 for
2290 2926 2336 2961 ι5
2362 2914 2509 2971 stant,

1472 2992 1833 3048 exspectantes
1892 2992 1944 3032 te
1988 2981 2047 3030 in
2094 2983 2214 3032 loco
2262 2978 2509 3038 exteriori,

1471 3052 1565 3104 ubi
1601 3053 1962 3114 verecundum
1993 3061 2074 3102 est
2099 3063 2258 3111 stare,
2281 3064 2508 3117 quaeren-

1471 3130 1551 3175 tes
1584 3131 1652 3187 te,
1674 3123 1828 3190 quasi
1854 3134 2070 3188 propter
2100 3134 2151 3173 te
2190 3134 2391 3173 tantum
2422 3135 2506 3170 ve-

1470 3194 1673 3256 nerint3
1712 3202 1765 3243 et
1790 3193 1910 3243 ideo
1938 3194 2098 3244 debes
2127 3194 2317 3244 merito
2339 3193 2399 3252 ad
2424 3204 2507 3241 eos

1467 3264 1662 3330 egredi.
1692 3264 1845 3315 Unde
1871 3264 2333 3332 Chrysostomus:
2360 3283 2383 3309 ι
2412 3259 2503 3311 Vi·

1465 3336 1599 3386 dens
1623 3335 1868 3385 diabolus
1895 3334 2023 3400 quia
2057 3334 2397 3400 persuadebat
2423 3346 2489 3397 po

1466 3406 1593 3470 pulo
1635 3404 1882 3455 Christus
1915 3420 1972 3455 se
2010 3420 2125 3456 esse
2164 3405 2362 3455 Filium
2395 3399 2503 3459 Dei,

1464 3475 1645 3527 dicens
1687 3492 1701 3528 z
1743 3476 1822 3526 Et
1849 3490 1965 3526 ecce
1997 3476 2127 3541 plus
2150 3491 2321 3559 ‘quam
2350 3471 2500 3524 Salo-

1463 3563 1583 3600 mon
1625 3548 1735 3611 hic,·
1774 3548 1975 3598 timens
2013 3564 2078 3599 ne
2119 3548 2165 3599 si
2205 3548 2375 3599 Filius
2412 3541 2501 3595 Dei

1463 3629 1881 3687 cognosceretur,
1907 3619 2023 3685 qui
2020 3623 2309 3687 putabatur
2331 3620 2502 3674 homo,

1462 3692 1577 3758 ipse
1591 3692 2048 3758 derelinqueretur
2065 3694 2132 3744 ab
2156 3692 2425 3753 omnibus;
2442 3684 2501 3737 ad

1462 3763 1856 3816 convincendos
1896 3778 2173 3816 sermones
2214 3764 2341 3828 ejuS,
2381 3758 2500 3818 sub-³

1464 3833 1763 3885 introduxit
1794 3844 2039 3899 parentes
2067 3836 2235 3902 ipsius
2262 3830 2496 3888 carnalem

1462 3915 1524 3956 ut
1560 3921 1653 3972 per
1680 3921 1870 3957 eorum
1895 3906 2393 3974 contemplationem
2416 3897 2497 3950 di·-
