2757 4413
954 312 1055 364 ET
1084 309 1559 394 NUMERORUM.
1607 287 1618 300 ‘
2283 321 2382 375 831

143 445 205 481 12
239 430 359 481 Hoc
387 437 662 497 peccatum
689 438 769 479 est
803 427 1054 479 obstina-
1320 424 1383 476 16
1439 425 1615 485 Quam
1669 428 1959 480 debeamus
2010 447 2071 482 os
2119 450 2224 485 no-

206 504 290 555 tio
320 503 520 554 mentis
543 518 607 553 ex
628 501 1054 569 praesumptione
1375 510 1550 550 strum
1573 502 1859 555 custodire.
2268 512 2384 580 675,

199 574 290 625 vel
320 572 694 640 desperatione
724 570 1033 636 procedens.
1099 568 1198 635 671
1319 586 1382 637 17
1413 571 1534 621 Non
1585 581 1665 622 est
1686 572 1751 623 de
1781 574 2026 641 proximo
2064 577 2216 641 judi-

147 644 209 695 13
240 644 558 695 Similitudo
585 642 794 693 arboris
826 641 1054 707 ejusque
1373 642 1622 696 candum.
1835 659 1840 663 ·
2262 654 2368 722 676

202 716 501 767 fructuum.
1100 711 1204 780 672
1319 711 1382 763 18
1412 713 1669 780 Quinque
1685 717 1970 769 locutionis
1992 720 2197 772 circum
2275 729 2278 732 '

151 801 219 851 14
247 788 370 848 Quo
405 801 569 837 sensu
623 800 688 835 ex
728 784 1053 835 abundantia
1374 784 1607 835 stantiae.
2264 796 2369 863 575

208 857 390 907 cordis
418 873 480 907 os
505 858 775 921 loquatur.
1100 851 1203 920 673
1319 870 1383 923 ¹9
1409 854 1745 924 Quandoque
1761 849 2091 915 iaciturnitas
2115 867 2218 916 cul-

152 927 213 978 15
244 929 323 979 De
349 927 501 978 omni
527 926 690 977 verbo
721 925 897 976 otioso
916 924 1053 976 ratio
1374 925 1546 991 panda
1573 936 1669 978 est.
2259 936 2364 1005 677

209 1001 479 1052 reddenda
505 1009 602 1052 est.
1100 995 1210 1063 674

351 1222 589 1275 CAPUT
616 1224 851 1277 LXXIV.
877 1252 938 1262 -
962 1223 1045 1273 De
1064 1221 1279 1273 Judaeis
1295 1221 1511 1288 signum
1540 1221 1607 1271 de
1632 1221 1767 1273 coelo
1790 1225 2168 1292 quaerentibus,

644 1320 698 1365 et
719 1314 784 1365 de
805 1314 1005 1380 spiritu
1032 1311 1298 1364 immundo
1331 1310 1461 1362 olim
1492 1311 1659 1378 ejecto
1688 1312 1756 1362 ab
1783 1311 1882 1363 eis,

192 1500 211 1535 1
244 1486 553 1538 Judaeorum
610 1485 764 1552 signa
812 1485 877 1536 de
922 1485 1054 1537 coelo
1346 1483 1382 1534 6
1407 1483 1551 1544 Quid
1572 1484 1628 1534 in
1656 1500 1819 1537 sensu
1838 1486 2087 1553 mystico,
2118 1499 2225 1540 tro·

214 1556 515 1622 petentium
539 1556 680 1606 mala
707 1554 957 1605 intentio·
1104 1552 1209 1620 678
1380 1555 1625 1621 pologico
1659 1566 1711 1607 et
1737 1558 1947 1618 morali,
1978 1559 2226 1611 Ninivitae

185 1642 214 1676 2
242 1627 353 1678 Eos
386 1628 650 1694 vituperat
676 1625 946 1676 Christus·
1105 1623 1210 1691 679
1380 1634 1433 1675 et
1461 1625 1645 1691 regina
1666 1627 1884 1678 Austri?
2271 1633 2369 1686 681

187 1695 213 1746 3
245 1697 388 1757 Quid
418 1713 518 1763 per¹
538 1697 756 1763 signum
783 1696 935 1747 Jonae
965 1694 1057 1745 in-
1350 1711 1384 1763 7
1417 1696 1667 1747 Parabola
1695 1697 1761 1747 de
1778 1697 1971 1763 spiritu
1990 1698 2222 1751 immun-

216 1768 608 1834 telligendum?
1104 1762 1211 1831 679
1382 1766 1451 1815 do
1478 1765 1646 1829 ejecto
1686 1777 1738 1818 et
1777 1769 2033 1820 redeunte
2062 1773 2225 1838 appli-

186 1851 221 1901 4
276 1838 645 1889 Ninivitarum
692 1852 817 1887 cum
860 1834 1059 1887 Judaeis
1383 1846 1495 1888 cata
1520 1838 1740 1889 Judaeis.
2274 1845 2375 1899 682

222 1908 567 1974 comparatio·
1108 1903 1215 1954 680
1353 1907 1387 1958 8
1416 1908 1614 1959 Eadem
1669 1909 1922 1975 parabola
1966 1915 2225 1976 peccatori

197 1979 223 2029 5
252 1980 474 2046 Reginae
502 1978 686 2028 Austri
706 1992 829 2028 cum
864 1975 1062 2028 Judaeis
1385 1978 1693 2031 recidivanti
1717 1980 1993 2048 applicata.
2277 1987 2384 2055 684

219 2062 270 2104 et
291 2051 615 2104 Christianis
634 2049 986 2117 comparatio.
1109 2047 1208 2098 681

306 2282 544 2333 CAPUT
566 2282 772 2333 LXXV.
795 2309 856 2319 -
883 2279 967 2330 De
984 2277 1206 2328 muliere
1224 2292 1403 2330 vocem
1430 2278 1498 2329 de
1520 2279 1679 2330 turba
1708 2280 2017 2345 extollente,
2051 2296 2120 2333 ac
2146 2283 2213 2333 de

607 2375 775 2420 matre
792 2373 845 2419 et
857 2366 1139 2434 fratribus
1158 2366 1378 2418 Domini
1399 2379 1517 2418 eum
1535 2369 1911 2434 quaerentibus·

201 2585 219 2620 1
247 2569 520 2621 Laudatur
565 2568 815 2619 Christus
849 2583 882 2619 a
916 2568 1067 2618 Mar-
1392 2567 1686 2621 litterali.et
1712 2567 1970 2635 mystico?
2284 2569 2389 2631 688

223 2639 621 2694 cellaEcclesiae
646 2649 834 2707 typum
862 2654 1058 2705 geren-
1359 2654 1398 2704 4
1449 2640 1572 2690 Non
1628 2638 2024 2690 intermittenda
2065 2638 2236 2690 officia

226 2722 294 2763 te.
1116 2709 1219 2761 685
1394 2710 1579 2761 divina
1625 2720 1842 2777 propter
1892 2710 2233 2777 propinquo-

197 2801 225 2835 2
259 2784 542 2835 Beatitudo
585 2799 792 2843 eorum,
831 2782 926 2848 qui
972 2797 1071 2833 au-
1214 2832 1223 2847 „
1397 2798 1519 2833 rum
1548 2783 1816 2834 affectum.
1932 2787 1938 2791 ’
2285 2784 2390 2854 689

224 2855 380 2906 diunt
416 2856 642 2905 verbum
672 2852 769 2904 Dei
807 2862 859 2903 et
886 2862 1071 2902 custo-
1368 2850 1397 2904 5
1428 2854 1598 2904 Amor
1627 2851 1920 2920 spiritualis
1949 2852 2238 2918 praeferen-

225 2927 380 2978 diunt
406 2925 558 2976 illud.
1118 2921 1225 2973 686
1398 2924 1501 2974 dus
1526 2933 1608 2974 est
1628 2922 1849 2974 carnali.
2287 2923 2392 2995 689

200 2995 227 3047 3
250 2997 356 3058 Qui
376 2996 566 3047 fratres
584 2994 802 3046 Domini
832 2993 888 3044 in
907 3009 1069 3044 sensu
1751 3018 1756 3023 ·

522 3219 756 3271 CAPUT
784 3219 1018 3272 LXXVI.
1049 3247 1110 3259 -—
1138 3190 1223 3271 De
1250 3219 1613 3285 increpatione
1633 3218 2043 3272 Pharisaeorum

1009 3317 1063 3363 et
1086 3311 1566 3379 Legisperitorum.

210 3523 228 3557 1
261 3506 533 3559 Dominus
563 3508 705 3574 apud
733 3505 1072 3558 Pharisaeum
1376 3506 1405 3559 3
1461 3508 1559 3559 Per
1608 3508 2005 3574 eleemosynam
2061 3513 2248 3554 conta-

234 3578 538 3639 manducat,
576 3592 686 3627 non
727 3577 854 3628 lotis
895 3576 1078 3629 mani·
1406 3578 1556 3646 gium
1593 3579 1834 3645 corporis
1861 3575 2116 3628 mundare
2151 3574 2249 3623 de·-

234 3651 352 3703 buS.
411 3657 416 3662 '
1125 3648 1224 3718 691
1406 3649 1616 3701 bemus·
2297 3638 2399 3708 692

209 3738 237 3772 2
269 3723 526 3776 Pharisaei
548 3739 826 3790 perperam
840 3721 907 3773 de
926 3738 1080 3773 mun·
1374 3734 1412 3786 4
1434 3720 1846 3787 Redarguuntur
1869 3713 2117 3766 Pharisaei
2138 3729 2254 3780 pro-

236 3794 366 3846 ditia
402 3794 652 3846 exteriori
685 3805 898 3846 tantum
926 3793 1081 3844 solli-
1192 3815 1197 3820 ·
1410 3801 1527 3858 pter
1555 3790 1849 3844 avaritiam
1895 3797 1948 3839 et
1982 3786 2252 3853 cupidita·-

241 3865 348 3918 citi.
1129 3861 1226 3931 691
1412 3872 1541 3915 tem.
2300 3851 2402 3922 093
