2757 4413
306 284 414 350 780

311 401 471 453 tendo
516 415 661 461 eum,
710 408 762 450 et
818 397 1042 465 gloriam
1079 398 1211 463 ejus,
1253 412 1372 446 non

309 471 472 522 aliam
501 470 707 537 ubique
729 469 1044 536 quaerend0‚
1073 469 1234 536 eique
1263 484 1375 518 mn·

315 542 405 592 nia
423 540 727 602 tribuendo,
751 541 867 592 hoec
881 539 1242 591 testimonium
1255 553 1377 605 per—

311 612 494 663 hibent
543 613 610 663 de
647 625 746 674 me,
795 622 849 662 et
889 612 958 661 de
992 625 1118 661 mea
1141 611 1372 672 deitate3

307 681 443 749 quia
487 683 698 732 scilieet
751 697 868 731 non
919 690 1150 746 possunt
1188 680 1293 732 nisi
1342 694 1380 729 a

313 755 427 805 Deo
449 753 585 815 fieri,
615 765 670 804 et
693 753 818 803 ideo
854 753 1140 804 manifeste
1159 763 1380 820 apparet

311 827 464 892 quod
519 842 550 877 a
595 827 707 876 Deo
763 825 907 876 veni.
973 826 1140 886 Quasi
1196 827 1337 877 dicat
1359 844 1377 877 ⁷:

315 900 547 950 Vultisa
565 914 653 949 me
670 899 856 950 audire
883 898 931 949 si
955 915 1056 965 ego
1080 915 1204 950 sum
1227 900 1383 950 Chri-

309 980 461 1033 ⁴stus;
488 978 543 1019 et
570 984 670 1033 ego
699 971 998 1036 respondeo
1021 970 1199 1031 vobis,
1232 972 1380 1037 quod

315 1056 426 1090 non
461 1050 674 1106 oportet
710 1050 770 1091 ut
807 1057 914 1108 ego
965 1042 1143 1093 dicam
1177 1042 1378 1107 ¹wei-bis,

314 1112 445 1177 quia
477 1125 647 1177 opera
676 1125 798 1178 ςυστ
828 1127 936 1179 ego
955 1114 1132 1178 jacio,
1173 1113 1276 1163 illa
1293 1119 1382 1163 te-

310 1181 618 1232 stimonium
652 1183 936 1248 perhibent
978 1185 1044 1234 de
1079 1198 1178 1235 me.
1221 1185 1287 1235 Et
1329 1185 1380 1235 si

310 1250 569 1316 operibus
603 1268 714 1303 non
738 1253 973 1319 creditis,
998 1255 1228 1322 qualiter
1251 1270 1382 1306 ver—

315 1324 403 1374 bis
425 1325 691 1377 credetis?
741 1326 813 1377 Et
851 1328 929 1377 sic
962 1343 1075 1377 non
1112 1328 1249 1379 dixit
1279 1344 1384 1379 ex-

315 1411 499 1461 presse
553 1412 613 1447 se
670 1413 788 1448 esse
843 1399 1125 1450 Christum
1148 1437 1163 1463 ‚
1234 1400 1383 1466 quod

317 1468 653 1534 quaerebant3
692 1472 786 1520 sed
821 1470 958 1520 dixit
980 1471 1190 1537 aliquid
1214 1471 1386 1537 tequi-

316 1542 497 1592 valens
518 1581 533 1603 ,
582 1542 667 1593 vel
718 1544 894 1609 majus
916 1582 931 1604 ,
983 1544 1128 1609 quod
1202 1554 1384 1595 tamen

316 1614 395 1665 eis
445 1631 561 1665 non
617 1616 935 1677 sufficiebat,
997 1627 1058 1667 ut
1107 1617 1384 1668 veritatem

322 1686 698 1750 responderet,
758 1696 815 1736 et
867 1687 1153 1737 calumniae
1222 1687 1385 1737 mali-

319 1754 453 1804 tiam
523 1756 840 1806 excluderet.
878 1755 1003 1805 -Sic
1069 1771 1194 1822 ergo
1237 1767 1386 1806 tem-

319 1826 527 1889 peravit
588 1839 941 1890 responsum,
1002 1835 1068 1875 'ut
1119 1841 1221 1876 nec
1276 1827 1388 1878 illis

319 1893 394 1943 sit
439 1894 724 1944 calumniae
779 1895 961 1958 locus3
1011 1905 1070 1946 et
1131 1896 1389 1948 ‘fidelibus

319 1974 540 2029 propter
569 1978 709 2029 quos
754 1965 868 2016 haec
909 1966 1247 2027 ‘refici-untur,
1277 1984 1392 2019 ma-

323 2034 517 2085 nifeste
547 2046 796 2101 appareat
826 2037 972 2104 quod
1002 2038 1119 2105 ipse
1139 2039 1218 2089 sit
1237 2039 1393 2090 Chri-

307 2114 465 2166 stus,
527 2121 640 2155 non
692 2106 865 2157 homo
910 2118 1154 2169 tantum,
1199 2120 1264 2161 ut
1309 2111 1392 2161 ini

317 2187 529 2245 putant,
573 2179 670 2230 sed
712 2181 954 2232 Verbum
1003 2182 1173 2235 Patris
1212 2193 1264 2235 et
1294 2178 1420 2235 Dei·

314 2253 506 2304 Filius.
540 2254 622 2304 Illi
671 2255 822 2305 enim
868 2257 1150 2308 Christum
1193 2275 1391 2325 purum

279 2324 599 2386 ‚hominem
661 2329 886 2379 credunt
917 2341 1238 2394 venturum,
1298 2334 1392 2383 sed

317 2413 427 2464 prae
473 2401 732 2452 omnibus
761 2413 1111 2468 regnaturum
1161 2423 1271 2456 non
1299 2422 1395 2457 er-

316 2483 384 2535 go
435 2481 656 2537 propter
701 2473 823 2522 illos
862 2483 1074 2524 tantum
1118 2476 1399 2541 respondit

315 2541 413 2602 eis,
447 2544 541 2592 sed
567 2553 623 2593 et
657 2554 877 2609 propter
900 2555 1146 2610 posteros
1190 2547 1396 2599 fideles.

314 2611 435 2663 Alia
521 2613 832 2664 testimonia
894 2619 1038 2682 quod
1094 2617 1164 2667 sit
1240 2634 1399 2668 verus

316 2682 479 2742 Deus,
518 2694 578 2734 et
617 2701 776 2735 verus
803 2686 1177 2754 hom0‚‘ponit
1230 2689 1398 2740 Ioan-

318 2768 429 2814 nes,
451 2756 635 2808 dicens
667 2774 680 2807 ε
719 2759 860 2809 Tnes
887 2760 1122 2826 suntqm’
1152 2762 1397 2812 testimo-

315 2824 462 2875 nium
518 2828 649 2878 dant
704 2831 756 2880 in
789 2830 925 2882 coelo
965 2848 982 2880 .·
1020 2832 1208 2893 Pater,
1259 2833 1399 2882 Ver-

320 2891 455 2955 bum,
491 2903 546 2946 et
590 2900 832 2964 Spiritus
879 2902 1125 2952 Sanctus.
1173 2902 1252 2951 Et
1286 2907 1401 2952 tres

315 2971 443 3013 Sunt
478 2969 570 3031 qza‘
595 2972 947 3021 testimonium
973 2973 1106 3023 dant
1131 2973 1184 3022 in
1211 2978 1358 3023 terra
1380 2994 1396 3026 .-

320 3034 566 3099 spiritus,
617 3054 778 3105 aqua,
827 3048 884 3092 et
928 3044 1176 3109 sanguis.
1234 3043 1396 3103 Quod

321 3109 468 3159 enim
528 3112 777 3165 Christus
815 3116 983 3167 fuerit
1039 3118 1293 3178 coelestis,
1336 3119 1394 3169 id

317 3189 401 3229 est
432 3196 590 3233 verus
631 3184 792 3245 Deus,
819 3188 1197 3239 testimonium
1241 3190 1396 3241 dedit

323 3250 501 3315 Pater,
535 3257 753 3322 quando
786 3259 920 3310 dixit
949 3278 963 3311 :
1002 3261 1090 3312 Tu
1122 3275 1180 3312 es
1210 3261 1393 3313 Filius

319 3345 467 3383 meus
512 3330 774 3393 dilectum
818 3333 1195 3384 testimonium
1235 3334 1391 3385 dedit

313 3402 553 3469 Spiritus
580 3403 825 3462 SanctuS,
861 3405 1079 3469 quando
1105 3405 1167 3455 in
1208 3405 1386 3471 specie

319 3475 584 3526 columbae
636 3488 801 3539 snper
838 3473 1022 3539 ipsum
1062 3476 1388 3541 baptizatum

320 3545 621 3607 descendit3
652 3544 1032 3595 testimonium
1080 3547 1229 3598 dedit
1265 3548 1391 3613 vipse

317 3616 363 3667 F
366 3617 510 3678 ilius,
535 3616 751 3683 quando
775 3615 913 3666 dixit
939 3634 953 3665 ε
985 3617 1116 3683 Ego
1140 3626 1191 3669 et
1214 3620 1388 3670 Pater

320 3701 481 3739 unum
540 3703 740 3738 summ.
790 3687 948 3748 Quod
985 3699 1168 3738 autem
1211 3689 1386 3740 fuerit

325 3759 606 3818 terrestris,
646 3759 698 3809 id
731 3770 818 3810 est
850 3773 1011 3809 verus
1056 3759 1242 3820 homo,
1278 3769 1389 3810 tres

323 3836 485 3878 testes
516 3839 663 3889 sunt,
685 3830 890 3880 scilicet
909 3847 932 3879 ἐ
961 3829 1205 3896 spiritus⁹
1229 3831 1287 3878 id
1302 3841 1390 3880 est

319 3899 517 3962 anima,
539 3917 702 3967 quam
724 3902 781 3952 in
810 3917 963 3953 cruce
991 3901 1201 3965 emisit3
1234 3916 1390 3968 aqua,

815 281 1062 333 PRIMAE
1091 277 1353 331 PARTIS
1396 276 1640 330 CAPUT
1671 278 1977 331 Lxxxvn.

1481 410 1605 461 quae
1624 395 1698 446 de
1729 396 1845 461 ejus
1869 397 2064 462 latene3
2088 404 2150 447 et
2168 396 2420 462 sanguis,
2455 399 2564 464 qui

1480 468 1547 517 de
1575 468 1690 532 ejus
1716 467 1870 518 venis
1897 467 2120 518 effluxit.

1547 538 1576 590 3
1605 541 1784 592 Cnosii
1794 555 2229 591 πῃπῇ-ηις
2243 541 2274 591 J
2280 555 2566 592 nouom

1481 626 1781 661 masii-ua
1851 626 2258 669 assumuntque
2304 626 2570 663 sanc-ru·-

1478 697 1616 731 snnz
1643 682 1961 732 Tamna-ms
1985 697 2295 732 asmxrua.
2321 709 2382 718 —
2402 682 2564 733 Cau-

1485 769 1545 804 sa
1582 764 1762 804 autem
1790 753 2170 805 incredulitatis
2198 770 2385 804 eorum
2415 755 2564 805 sub-

1486 826 1677 876 ditur:
1708 826 1820 876 Sed
1850 840 1951 877 vos
1991 841 2094 877 non
2131 827 2376 890 creditiS,
2422 827 2563 893 quia

1488 914 1590 949 non
1630 899 1779 963 estis,
1806 914 1907 949 nec
1947 913 2065 949 esse
2092 899 2276 960 vultis,
2319 913 2393 950 ex
2428 899 2565 950 on·-

1488 972 1585 1022 bus
1606 972 1759 1036 meis,
1798 972 1857 1022 id
1902 982 1981 1023 est
2014 972 2326 1024 innocentes
2363 982 2416 1023 et
2444 973 2569 1023 hu·-

1486 1043 1675 1105 miles3
1711 1043 1805 1093 sed
1852 1043 2071 1108 superbi
2112 1052 2164 1093 et
2202 1043 2460 1109 maligni,
2502 1053 2565 1093 et

1486 1115 1607 1165 ideo
1620 1114 1722 1164 Dei
1740 1114 1940 1178 judicio
1957 1114 2222 1164 excoecati.
2244 1115 2385 1164 Oves
2408 1128 2573 1177 m,

1486 1187 1542 1237 id
1576 1195 1656 1236 est
1678 1185 1918 1236 humiles
1942 1186 2146 1251 quibus
2185 1186 2452 1236 revelatur
2474 1202 2578 1237 ve-

1488 1259 1618 1310 ritas
1659 1275 1688 1309 a
1726 1275 1835 1321 me,
1877 1272 2054 1310 vocem
2099 1273 2270 1309 meam
2306 1258 2575 1321 audiunt,

1489 1331 1754 1381 credendo
1792 1330 1978 1393 corde,
2011 1339 2069 1380 et
2094 1329 2396 1379 obediendo
2426 1343 2574 1394 ope—

1490 1417 1576 1467 re·,
1601 1408 1652 1452 et
1680 1416 1784 1468 ego
1812 1415 2080 1468 cognosco
2106 1414 2217 1464 eaS,
2250 1417 2362 1450 non
2381 1402 2575 1451 solum

1491 1471 1683 1522 notitia
1704 1471 1954 1534 visionis,
1978 1472 2078 1521 *sed
2104 1471 2265 1520 etiam
2290 1471 2577 1536 approba-

1489 1543 1658 1593 tionis
1678 1559 1693 1607 ;
1716 1549 1775 1593 et
1814 1548 2110 1609 sequuntur
2151 1556 2248 1606 me,
2297 1542 2578 1593 imitando

1493 1613 1583 1664 hic
1610 1614 1673 1664 in
1704 1614 1950 1680 presenti
1979 1628 2075 1679 per
2106 1613 2354 1679 gratiam,
2405 1623 2466 1663 et
2502 1613 2576 1663 in

1488 1685 1674 1736 futuro
1703 1701 1798 1751 per
1833 1685 2079 1750 gloriam.
2104 1684 2235 1735 Ideo
2260 1685 2520 1751 sequitur
2550 1702 2567 1734 ι

1493 1759 1571 1809 Et
1602 1772 1707 1824 ego
1739 1758 1905 1809 vitam
1930 1764 2190 1808 oeternam
2230 1757 2303 1808 do
2332 1757 2433 1818 εἰς,
2470 1756 2574 1806 hic

1494 1831 1552 1880 in
1575 1840 1733 1896 pastu
1754 1830 1865 1880 ‘mei
1891 1830 2147 1897 Corporis
2176 1840 2231 1880 et
2254 1828 2581 1895 SanguiniS,

1495 1914 1548 1954 et
1572 1904 1632 1953 in
1655 1903 1837 1953 futuro
1866 1902 1923 1952 in
1942 1903 2233 1953 dulcedine
2250 1901 2571 1964 fruitioni83

1494 1984 1547 2028 et
1586 1976 1708 2027 ideo
1738 1989 1845 2025 non
1887 1975 2141 2041 peribunt
2176 1975 2231 2024 in
2279 1982 2575 2037 ceter-num,

1495 2048 1625 2114 quia
1663 2045 2064 2114 praedestinatio
2094 2047 2163 2096 de
2205 2047 2282 2097 eis
2324 2045 2583 2097 frustrari

1494 2137 1607 2171 non
1628 2127 1836 2185 potest3
1869 2123 1939 2180 et,
1964 2117 2111 2179 iden,
2133 2132 2243 2169 mm
2269 2117 2455 2182 rapiet
2476 2130 2585 2167 eas

1498 2192 1780 2261 quisquam
1811 2188 1876 2240 de
1902 2202 2080 2251 manu,
2115 2188 2166 2239 id
2190 2198 2277 2239 est
2304 2196 2580 2254 potestate

1499 2280 1633 2328 mea,
1676 2278 1772 2330 per
1822 2262 2135 2312 violentiam
2168 2260 2261 2311 hic
2300 2261 2579 2311 trahendo

1500 2338 1565 2389 ad
1587 2335 1670 2386 cul
1678 2350 1821 2401 pam,
1840 2333 1924 2383 vel
1948 2332 2011 2382 in
2032 2331 2219 2382 futuro
2241 2331 2308 2381 ad
2333 2346 2581 2397 poenam-

1504 2407 1661 2468 Quod
1703 2405 1917 2471 probat,
1945 2403 2132 2453 dicens
2157 2420 2175 2452 ε
2206 2404 2377 2453 Pater
2426 2413 2584 2452 mens

1503 2478 1646 2546 quod
1688 2475 1838 2526 dedit
1888 2473 2038 2537 mihi,
2103 2473 2278 2540 majus
2327 2471 2584 2522 omnibus

1505 2555 1602 2612 est,
1652 2547 1707 2597 id
1750 2555 1831 2596 est
1880 2544 2082 2604 Deitas,
2127 2558 2294 2609 quam
2336 2542 2524 2592 habeo
2555 2555 2589 2591 a

1507 2621 1694 2680 Patre3
1718 2615 1856 2681 quia
1886 2614 2073 2664 omnia
2101 2613 2308 2664 excedit
2346 2612 2405 2661 in
2432 2611 2582 2661 infi-

1502 2691 1702 2741 nitum.
1742 2687 1901 2738 Unde
1944 2685 2286 2751 Augustinus
2310 2700 2329 2733 .-
2357 2703 2381 2729 ι
2412 2683 2589 2733 Dedit

1504 2761 1663 2820 mihi,
1691 2768 1753 2809 ut
1783 2758 1890 2808 sim
1926 2757 2171 2807 Verbum
2212 2755 2347 2819 ejus,
2377 2761 2443 2802 ut
2470 2751 2584 2802 sim

1504 2831 1830 2898 Unigenitus
1893 2827 2065 2878 Filius
2124 2827 2261 2891 ejus,
2334 2833 2393 2873 ut
2470 2823 2584 2874 sim

1502 2906 1759 2972 splendor
1780 2902 1920 2953 lucis
1947 2902 2079 2966 ejus.
2116 2920 2145 2948 w
2168 2900 2246 2949 ›Et
2272 2913 2439 2948 nemo
2471 2912 2586 2964 po-

1499 2987 1606 3028 test
1632 2990 1824 3041 rapere
1847 2975 1915 3023 de
1942 2988 2109 3022 mnu
2140 2970 2310 3021 Patris
2338 2969 2452 3019 mei
2488 2984 2591 3036 per

1500 3048 1832 3110 violentiam,
1858 3060 1985 3095 cum
2018 3042 2089 3093 sit
2117 3041 2343 3092 infinitae
2377 3049 2588 3107 poten-

1499 3123 1605 3183 tiae,
1628 3136 1760 3187 ergo
1800 3134 1901 3169 nec
1941 3119 2008 3169 de
2044 3133 2209 3167 manu
2240 3130 2359 3165 mea
2400 3115 2588 3165 conti·

1499 3202 1658 3244 nente
1712 3207 1802 3242 eas
1857 3201 1919 3241 et
1994 3198 2358 3241 conservante.
2444 3188 2585 3253 Ego

1496 3263 1642 3313 enim
1673 3267 1726 3312 et
1746 3262 1920 3312 Pater
1942 3276 2102 3311 unum
2128 3271 2331 3319 samur,
2366 3257 2588 3307 scilicet

1497 3336 1554 3385 in
1576 3335 1776 3386 virtute
1812 3342 1869 3384 et
1897 3331 2154 3399 potentia,
2188 3330 2332 3381 sicut
2364 3328 2425 3377 in
2453 3328 2586 3378 dei-

1494 3416 1600 3458 tate
1627 3416 1682 3457 et
1718 3406 1966 3457 essentia.
2010 3404 2321 3454 Notandum
2365 3410 2579 3461 autem,

1494 3479 1640 3546 quod
1668 3494 1734 3529 ex
1759 3479 1866 3528 hoc
1884 3476 2048 3528 verbo
2071 3474 2361 3526 Salvatoris
2388 3488 2403 3521 t
2439 3472 2580 3538 Ego

1494 3558 1545 3603 et
1580 3552 1756 3602 Pater
1792 3565 1949 3601 unum
1980 3562 2183 3610 sumus,
2210 3546 2585 3597 excluduntur

1495 3624 1602 3672 duo
1646 3636 1852 3673 eri-ores
1886 3618 2145 3670 contrarii
2182 3617 2325 3667 circa
2370 3614 2582 3665 articu-

1495 3693 1611 3741 lum
1640 3690 1999 3741 sanctissimae
2029 3687 2338 3738 Trinitatis.
2379 3683 2584 3735 Sabel—

1494 3764 1601 3814 lius
1632 3763 1783 3813 enim
1822 3761 2006 3829 posuit
2041 3761 2100 3811 in
2142 3760 2260 3810 Deo
2301 3757 2580 3809 unitatem

1493 3849 1750 3901 personae,
1793 3832 1932 3882 simt
1971 3840 2025 3881 et
2062 3829 2330 3890 essentiae,
2377 3837 2432 3878 et
2468 3828 2583 3878 hoc

1498 3913 1819 3967 removetur,
1859 3917 1984 3953 cum
2024 3901 2227 3953 dicitur
2274 3917 2288 3951 ε
2336 3901 2473 3965 Ego
2510 3907 2579 3951 et
