2757 4413
406 368 503 418 DE
535 365 686 417 NON
721 364 1043 415 TIMENDA
1074 361 1327 414 MORTE
1364 361 1458 412 ET
1487 361 1947 415 CONFITENDO
1977 362 2304 414 CHRISTO.
2377 361 2486 428 487

246 496 335 538 nes
357 496 457 547 pro
487 479 641 531 fumo
664 478 888 538 volatili,
913 489 966 530 et
1001 492 1099 544 pro
1143 486 1315 542 stupa,

246 565 295 606 et
345 569 445 619 pro
490 568 686 618 spuma
741 551 926 618 gracili
965 560 1017 601 et
1059 549 1226 612 inani;
1267 559 1318 599 et

246 626 291 676 si
347 625 405 674 in
459 623 729 689 principio
794 621 1103 672 tentationis
1161 620 1317 670 fortis

243 695 435 755 fueris,
468 705 656 760 postea
690 693 875 744 minus
916 692 1060 743 vinci
1095 691 1313 758 poteris.

244 765 400 817 Unde
489 764 913 825 Chrrsostomus
963 780 981 813 .-
1031 780 1059 809 α
1123 761 1318 812 Omnis

242 835 481 902 operatio
508 834 717 884 inimici
747 834 872 884 talis
907 843 1003 884 est.
1062 832 1317 898 Inprimis

240 907 438 974 gravis,
486 916 539 957 et
571 905 680 955 fere
721 903 1072 955 intolerabilis
1119 913 1198 954 est
1221 903 1317 953 im-

238 986 397 1042 petus
438 976 578 1041 ejus3
618 975 711 1025 sed
736 975 782 1024 si
815 973 940 1040 quis
978 973 1102 1024 forti
1131 973 1315 1023 animo

240 1046 565 1097 sustinuerit
608 1061 753 1105 eum,
796 1045 1030 1095 secundo
1078 1045 1315 1095 inveniet

240 1132 367 1168 eum
413 1116 804 1179 infirmiorem;
856 1126 909 1166 et
952 1127 1156 1182 quanto
1192 1117 1315 1182 plus

242 1204 592 1255 repercussus
620 1188 799 1249 fuerit,
830 1198 979 1240 tanto
1006 1189 1180 1255 magis
1211 1187 1314 1238 fri-

240 1261 428 1328 gescit.
469 1262 626 1312 Unde
667 1271 797 1327 puto
835 1262 891 1311 in
925 1261 1315 1327 persecutioni-

242 1334 344 1383 bus
379 1333 709 1393 christianiS‚
743 1333 788 1383 si
808 1332 1057 1398 inprimis
1097 1333 1313 1399 quando

238 1406 782 1472 comprehenduntur
805 1422 913 1456 non
934 1406 1314 1473 denegaverint

239 1478 445 1538 territi,
480 1479 646 1529 nullis
684 1488 934 1545 poterunt
962 1490 1144 1544 postea
1173 1477 1312 1529 vinci

238 1549 553 1612 doloribus;
592 1550 720 1614 quia
751 1549 999 1599 diabolus
1040 1565 1149 1598 non
1188 1560 1314 1599 tan—

245 1630 364 1670 tum
408 1621 571 1671 habet
603 1621 661 1670 in
701 1637 758 1672 se
793 1620 1028 1681 virtutis,
1049 1632 1312 1687 quantum

239 1691 465 1743 terroris
497 1708 510 1740 ε
544 1712 571 1739 n
602 1693 715 1742 haec
746 1692 1185 1760 chrysostomus,

307 1760 340 1812 3
377 1764 626 1813 Saeuum
671 1779 850 1826 nuto,
887 1778 954 1812 ax
992 1778 1315 1813 cousiniana-

245 1848 413 1883 noms
445 1849 640 1884 mvnvs:
673 1849 1006 1895 Porzsrnrts,
1037 1849 1157 1892 Qun:
1182 1850 1315 1885 som

238 1922 480 1956 ‘rusum
523 1922 637 1957 nsr.
668 1935 729 1944 —
758 1907 1002 1957 Secunda
1052 1908 1187 1957 ratio
1233 1918 1315 1958 est

241 1994 312 2029 ex
337 1979 767 2029 consideratione
800 1978 1000 2030 divinae
1040 1980 1310 2045 potentiae,

242 2051 375 2117 quia
404 2051 549 2101 Deus
588 2060 763 2116 potest
803 2060 1058 2116 potestate
1092 2051 1314 2103 ordina-

250 2122 353 2181 ria,
394 2138 505 2172 non
542 2123 609 2171 ab
649 2122 755 2171 alio
793 2122 1031 2188 delegata
1066 2124 1149 2173 vel
1190 2139 1315 2188 per-

242 2192 432 2254 missa,
459 2202 510 2243 et
529 2192 769 2243 animam
795 2202 845 2243 et
863 2209 1056 2260 corpus
1076 2194 1312 2259 perdere,

241 2269 389 2335 quod
423 2269 544 2333 plus
576 2277 656 2318 est
694 2283 857 2333 quam
880 2284 1073 2334 corpus
1101 2268 1315 2319 occide-

246 2357 328 2392 re.
363 2342 520 2392 Unde
557 2341 720 2391 dicit:
747 2342 859 2392 Sed
877 2342 1064 2408 potius
1095 2357 1211 2393 eum
1242 2342 1315 2393 ti—

242 2418 396 2473 mete‚
438 2411 530 2477 qui
556 2418 735 2476 potest
770 2426 965 2479 corpus
996 2419 1048 2463 et
1080 2413 1314 2463 animam

235 2481 474 2549 perdere
500 2481 553 2530 in
578 2481 890 2546 gehennam,
920 2498 1042 2549 quae
1062 2493 1143 2534 est
1168 2499 1314 2533 mors

242 2553 444 2602 animae
466 2563 682 2602 aeterna.
714 2554 935 2604 Manum
956 2554 1102 2604 enim
1129 2553 1318 2604 Omni-

243 2623 485 2690 potentis
521 2624 705 2673 nullus
736 2635 911 2689 potest
935 2625 1183 2692 effugere,
1216 2641 1315 2676 ne·-

245 2710 354 2761 que
396 2694 569 2754 vivus,
616 2711 791 2761 neque
832 2696 1134 2748 defunctus.
1165 2698 1318 2749 Unde

245 2767 306 2817 in
333 2766 659 2818 Ecclesiaste
690 2784 703 2817 :
734 2769 904 2819 Deum
931 2770 1072 2833 tirne,
1102 2775 1154 2820 et
1175 2785 1319 2820 man·

247 2838 381 2889 data
420 2838 537 2905 ejus
570 2839 795 2889 observa
833 2839 996 2904 .·,hoc,
1037 2840 1091 2890 id
1132 2851 1214 2891 est
1253 2842 1317 2891 ad

248 2912 374 2974 hoc,
405 2917 485 2961 est
507 2912 680 2962 omnis
699 2911 869 2962 homo,
897 2913 1117 2963 Nullum
1140 2914 1319 2981 siqui-

246 2983 372 3033 dem
413 2999 627 3034 summe
667 2984 790 3050 pius
833 2985 1038 3051 perdit3
1068 2986 1159 3036 sed
1196 3002 1319 3052 per-

246 3055 373 3106 dere
423 3055 620 3106 dicitur
669 3058 887 3122 quando
953 3074 1061 3108 non
1114 3060 1317 3118 salvat,

245 3125 387 3176 sicut
429 3125 707 3176 induravit
745 3141 840 3178 cor
881 3127 1209 3188 Pharaonis,
1263 3128 1316 3179 id

247 3207 329 3266 ως
385 3214 495 3248 non
551 3199 814 3250 emollivit
838 3238 853 3259 ,
913 3201 1005 3251 sed
1079 3201 1319 3254 indurari

248 3268 516 3333 permisit.
541 3270 614 3320 Ut
633 3281 812 3320 autem
838 3270 967 3322 dicit
992 3272 1316 3338 GregoriuS,

246 3353 443 3404 magna
497 3340 754 3390 securitas
805 3351 884 3392 est
936 3342 1073 3392 nihil
1131 3343 1319 3393 timere

248 3421 445 3472 praeter
479 3409 682 3469 Deum,
719 3420 771 3460 et
806 3412 1003 3462 stultus
1041 3412 1214 3475 timor}
1240 3421 1320 3462 est

244 3493 357 3544 quo
384 3480 508 3544 plus
539 3478 760 3529 timetur
793 3479 1030 3532 humana
1063 3481 1317 3547 indigna-

242 3548 320 3599 tio
343 3564 511 3616 quam
545 3549 742 3600 divina.
787 3551 942 3611 Nam,
973 3562 1032 3601 ut
1059 3552 1187 3603 dicit
1220 3555 1319 3603 Sa-

246 3621 404 3686 piens
450 3636 465 3670 :
523 3620 631 3681 Qui
678 3622 823 3672 timet
865 3622 1151 3688 hominem,
1211 3625 1318 3675 cito

247 3697 489 3753 corr-uem
547 3693 642 3757 qui
696 3699 880 3758 sperat
940 3695 993 3745 in
1044 3696 1274 3746 Domino
1297 3735 1315 3760 ,

249 3764 631 3815 sublevabitur.
662 3765 782 3826 Sed,
816 3766 954 3831 proh
982 3767 1166 3818 dolor!
1212 3768 1319 3818 ho·-

249 3834 336 3885 die
375 3850 402 3884 a
452 3836 641 3886 multis
688 3837 810 3901 plus
854 3836 1074 3889 timetur
1116 3839 1318 3889 offensa

251 3903 498 3956 hominis
529 3921 693 3972 quam
719 3906 836 3965 Dei,
871 3917 922 3958 et
959 3907 1132 3975 magis
1159 3910 1318 3959 dam-

253 3991 387 4028 num
417 3978 656 4044 corporis
687 3993 852 4045 quam
871 3980 1084 4034 animae.
1103 3983 1317 4034 Justum

1426 473 1573 526 enim
1603 486 1683 526 est
1703 486 1766 526 ut
1787 476 2076 528 timeamus
2103 493 2208 528 non
2233 476 2488 535 timenda,

1424 546 1520 612 qui
1550 546 1740 598 timere
1769 549 2026 599 nolumus
2052 548 2307 599 timenda.
2338 547 2489 598 Unde

1426 616 1850 685 Chrysostomus
1886 636 1904 669 ι
1936 638 1959 665 «ι
2002 619 2141 678 Quia
2181 618 2328 669 enim
2368 632 2490 683 quae

1424 699 1632 753 oportet
1663 703 1770 737 non
1800 688 2075 748 timemuS,
2122 698 2338 755 propter
2381 688 2484 738 hoc

1424 775 1547 825 quae
1607 776 1717 810 non
1775 771 1988 826 oportet
2049 761 2422 811 formidamus».
2460 780 2488 807 n

1423 832 1646 883 Timore
1683 832 1851 898 igitur
1880 834 2069 883 mundi
2095 835 2337 899 expulso,
2371 849 2489 882 ser-

1421 902 1529 953 vite
1556 904 1793 954 Domino
1827 904 2022 955 timore
2063 905 2342 971 gehennae,
2386 905 2490 954 do—

1424 992 1520 1027 nec
1598 976 1745 1027 illum
1806 979 2013 1029 caritas
2067 978 2225 1036 foras
2286 978 2487 1039 mittat,

1422 1059 1763 1114 permanente
1817 1059 1976 1114 casto,
2022 1048 2233 1108 timore,
2299 1048 2354 1098 id
2412 1059 2492 1098 est

1422 1121 1711 1171 reverentia
1745 1121 1861 1172 sine
1903 1121 2008 1173 fine
2032 1122 2143 1172 Deo
2170 1121 2490 1171 exhibenda.

1423 1191 1495 1241 Ut
1522 1189 1669 1241 enim
1706 1190 1837 1241 dicit
1867 1191 2012 1241 idem
2048 1191 2488 1259 Chrysostomus’,

1423 1260 1480 1312 in
1522 1272 1710 1311 natura
1746 1263 1941 1313 creavit
1969 1263 2112 1314 Deus
2154 1263 2339 1313 timere
2372 1279 2491 1313 car-

1424 1333 1567 1383 nalia
1594 1334 1750 1396 mala,
1782 1345 1842 1383 ut
1884 1350 1978 1400 per
2011 1335 2264 1385 timorem
2301 1349 2490 1384 carna-

1421 1406 1559 1456 lium
1616 1406 1791 1472 magis
1837 1407 2489 1472 timeamus⁸spiritualia.

1422 1480 1490 1530 Et
1540 1479 1817 1531 sciendum
1867 1482 2010 1547 quod
2073 1481 2355 1547 multiplex
2412 1491 2492 1531 est

1420 1550 1600 1611 timor,
1634 1552 1877 1602 scilicet:
1910 1552 2208 1611 humanus,
2252 1552 2488 1602 munda-

1422 1638 1544 1682 nus,
1585 1622 1861 1686 naturalis,
1903 1622 2131 1683 serviliS,
2169 1621 2409 1682 initialis,
2439 1632 2492 1673 et

1420 1693 1616 1754 filialis,
1648 1695 1758 1745 sive
1785 1704 1979 1745 castus.
2006 1695 2125 1745 Duo
2157 1694 2317 1760 primi
2364 1704 2493 1745 sunt

1419 1765 1564 1824 vitia,
1596 1768 1702 1815 duo
1732 1765 1909 1815 ultimi
1944 1776 2072 1816 sunt
2106 1765 2348 1829 virtutes,
2381 1766 2489 1816 duo

1422 1835 1586 1885 medii
1617 1851 1713 1886 nec
1743 1836 1902 1895 vitia,
1944 1851 2041 1886 nec
2079 1835 2324 1886 virtutes.
2368 1837 2490 1886 Hu'-

1422 1921 1617 1956 manus
1664 1906 1829 1957 timor
1872 1907 1961 1957 ille
2006 1916 2087 1957 est
2133 1923 2243 1973 quo
2288 1907 2412 1973 quis
2459 1922 2490 1958 a

1421 1977 1566 2026 bono
1611 1977 1842 2027 declinat
1870 1977 1935 2026 ad
1973 1979 2195 2037 malurn,
2247 1987 2309 2027 ut
2354 1977 2485 2027 vitet

1421 2051 1695 2116 corporale
1743 2051 2069 2116 periculum3
2115 2051 2258 2101 sicut
2302 2052 2490 2102 Petrus

1421 2120 1535 2187 qui,
1570 2137 1636 2171 ne
1682 2131 1910 2172 mortem
1959 2121 2282 2181 incurreret,
2322 2121 2490 2171 vitam

1423 2191 1654 2259 negavit,
1699 2192 1988 2244 immemor
2034 2194 2148 2258 ejus
2192 2193 2338 2260 quod
2384 2208 2488 2242 au-

1421 2265 1592 2314 dierat
1608 2280 1638 2314 a
1659 2263 1947 2329 Magistro:
1975 2264 2161 2316 Nolite
2191 2264 2376 2314 timere
2399 2278 2491 2315 eos

1422 2336 1513 2401 qui
1543 2350 1738 2402 corpus
1771 2336 2033 2396 occidunt,
2057 2337 2289 2386 animam
2314 2337 2490 2386 autern

1423 2424 1525 2460 non
1573 2414 1804 2474 possunt
1855 2410 2114 2460 occidere.
2179 2409 2487 2459 Mundanus

1423 2480 1589 2530 timor
1621 2490 1702 2530 est
1747 2480 1836 2530 ille
1872 2496 1982 2546 quo
2019 2481 2142 2546 quis
2169 2496 2199 2530 a
2223 2481 2367 2531 bono
2395 2482 2494 2534 de-

1425 2552 1589 2602 clinat
1614 2552 1680 2601 ad
1712 2551 1934 2612 malum,
1964 2561 2025 2602 ut
2052 2552 2181 2602 vitet
2198 2553 2492 2617 temporale

1425 2625 1830 2676 incommodum
1868 2625 1979 2676 sive
2019 2625 2311 2688 damnum;
2353 2625 2494 2676 sicut

1426 2698 1666 2749 Herodes
1710 2697 1825 2763 qui,
1869 2714 1936 2748 ne
1965 2713 2191 2765 regnum
2229 2699 2487 2764 perderet,

1427 2769 1741 2819 innocentes
1791 2769 2005 2827 occidit,
2056 2769 2167 2820 illu'c
2214 2770 2492 2836 trepidans

1427 2842 1614 2892 timore
1644 2841 1730 2891 ubi
1765 2856 1866 2892 non
1900 2847 2021 2891 erat
2063 2842 2237 2893 timor.
2275 2842 2491 2893 Natura·

1426 2914 1494 2963 lis
1519 2913 1683 2963 timor
1714 2924 1793 2963 est
1813 2912 1903 2963 ille
1940 2928 2050 2979 quo
2073 2913 2303 2979 quilibet
2321 2913 2491 2964 homo

1427 2986 1739 3036 naturaliter
1779 2985 1960 3035 horret
1992 3000 2225 3051 poenam,
2260 2995 2312 3035 et
2338 2985 2493 3036 timet

1428 3067 1815 3106 nocumentum
1855 3065 2088 3119 naturae3
2135 3056 2272 3106 sicut
2298 3067 2350 3107 et
2379 3056 2496 3123 ipse

1428 3128 1695 3187 Christus,
1717 3129 1783 3179 de
1800 3144 1909 3195 quo
1941 3129 2136 3195 legitur
2158 3129 2302 3195 quod
2330 3130 2495 3180 Jesus

1428 3200 1590 3264 coepit
1607 3213 1810 3264 pavere
1843 3205 1895 3249 et
1922 3200 2134 3260 taedere,
2176 3201 2494 3251 contristari

1426 3277 1478 3320 et
1516 3277 1738 3321 moestus
1776 3284 1909 3321 esse.
1953 3271 2173 3323 Servilis
2221 3272 2385 3322 timor
2414 3282 2495 3323 est

1427 3341 1516 3392 ille
1544 3357 1653 3407 quo
1681 3341 1805 3407 quis
1840 3342 1993 3393 timet
2027 3359 2241 3409 peccare
2276 3353 2495 3410 propter

1426 3411 1725 3477 gehennam
1760 3423 1813 3462 et
1854 3429 1964 3463 non
2015 3428 2198 3465 amore
2236 3412 2453 3480 justitiae
2479 3450 2493 3471 ,

1426 3482 1518 3532 sed
1560 3482 1850 3534 formidine
1892 3500 2064 3550 poenae
2112 3486 2327 3536 cohibet
2374 3499 2495 3534 ma-

1426 3569 1576 3617 num,
1624 3555 1717 3605 sed
1764 3571 1871 3605 non
1913 3557 2175 3617 animum,
2206 3573 2236 3607 a
2262 3568 2493 3622 peccat03

1426 3635 1478 3675 et
1523 3625 1589 3676 de
1636 3625 1725 3676 tali
1777 3626 1972 3678 timore
2019 3629 2262 3694 legitur:
2306 3627 2492 3679 ‘Timor

1426 3713 1528 3749 non
1549 3699 1702 3749 estin
1724 3699 1984 3763 caritate;
2014 3701 2111 3751 sed
2137 3699 2385 3767 perfecta
2410 3715 2493 3751 ca-

1425 3770 1561 3819 ritas
1599 3768 1752 3821 foras
1781 3771 1943 3821 mittit
1969 3772 2229 3821 timorem.
2261 3771 2493 3823 initialis

1425 3840 1591 3890 timor
1618 3850 1698 3891 est
1721 3842 1809 3891 ille
1833 3858 1942 3908 quo
1969 3843 2093 3908 quis
2123 3841 2275 3893 timet
2295 3844 2491 3910 gehen-

1426 3926 1550 3960 nam
1590 3922 1642 3962 et
1682 3928 1804 3963 cum
1835 3913 1936 3963 hoc
1977 3913 2074 3964 Dei
2123 3913 2400 3974 offensam,
2430 3930 2489 3964 ac

1424 3981 1655 4032 declinat
1717 4000 1748 4035 a
1809 3986 1950 4035 malo
2034 3986 2229 4052 partim
2311 4001 2492 4037 amore
