<?xml version="1.0" encoding="UTF-8"?>
<!DOCTYPE html PUBLIC "-//W3C//DTD XHTML 1.0 Transitional//EN"
    "http://www.w3.org/TR/xhtml1/DTD/xhtml1-transitional.dtd">
<html xmlns="http://www.w3.org/1999/xhtml" xml:lang="en" lang="en">
 <head>
  <title>
</title>
<meta http-equiv="Content-Type" content="text/html;charset=utf-8" />
  <meta name='ocr-system' content='tesseract 3.04.00' />
  <meta name='ocr-capabilities' content='ocr_page ocr_carea ocr_par ocr_line ocrx_word'/>
</head>
<body>
  <div class='ocr_page' id='page_1' title='image "./vitajesuchristi01sachgoog_0016.png"; bbox 0 0 2757 4413; ppageno 0'>
   <div class='ocr_carea' id='block_1_1' title="bbox 995 229 1876 284">
    <p class='ocr_par' dir='ltr' id='par_1_1' title="bbox 995 229 1876 284">
     <span class='ocr_line' id='line_1_1' title="bbox 995 229 1876 284; baseline -0.005 0"><span class='ocrx_word' id='word_1_1' title='bbox 995 233 1233 284; x_wconf 85' lang='lat' dir='ltr'><strong>PRIMAE</strong></span> <span class='ocrx_word' id='word_1_2' title='bbox 1267 229 1517 281; x_wconf 87' lang='lat' dir='ltr'>PARTIS</span> <span class='ocrx_word' id='word_1_3' title='bbox 1549 229 1782 282; x_wconf 81' lang='lat' dir='ltr'>CAPUT</span> <span class='ocrx_word' id='word_1_4' title='bbox 1814 230 1876 280; x_wconf 87' lang='lat' dir='ltr'>L.</span> 
     </span>
    </p>
   </div>
   <div class='ocr_carea' id='block_1_2' title="bbox 1227 453 1502 506">
    <p class='ocr_par' dir='ltr' id='par_1_2' title="bbox 1227 453 1502 506">
     <span class='ocr_line' id='line_1_2' title="bbox 1227 453 1502 506; baseline -0.007 0"><span class='ocrx_word' id='word_1_5' title='bbox 1227 453 1502 506; x_wconf 83' lang='lat' dir='ltr'>ORATIO</span> 
     </span>
    </p>
   </div>
   <div class='ocr_carea' id='block_1_3' title="bbox 313 620 2495 688">
    <p class='ocr_par' dir='ltr' id='par_1_3' title="bbox 313 620 2495 688">
     <span class='ocr_line' id='line_1_3' title="bbox 313 620 2495 688; baseline -0.001 -13"><span class='ocrx_word' id='word_1_6' title='bbox 313 623 547 675; x_wconf 85' lang='lat' dir='ltr'>Domine</span> <span class='ocrx_word' id='word_1_7' title='bbox 573 623 699 674; x_wconf 86' lang='lat' dir='ltr'>Jesu</span> <span class='ocrx_word' id='word_1_8' title='bbox 728 622 960 683; x_wconf 84' lang='lat' dir='ltr'><strong>Christe,</strong></span> <span class='ocrx_word' id='word_1_9' title='bbox 987 622 1151 673; x_wconf 92' lang='lat' dir='ltr'>adoro</span> <span class='ocrx_word' id='word_1_10' title='bbox 1183 623 1344 688; x_wconf 88' lang='lat' dir='ltr'>pedes</span> <span class='ocrx_word' id='word_1_11' title='bbox 1370 621 1757 672; x_wconf 88' lang='lat' dir='ltr'>misericordiae</span> <span class='ocrx_word' id='word_1_12' title='bbox 1783 631 1835 673; x_wconf 94' lang='lat' dir='ltr'>et</span> <span class='ocrx_word' id='word_1_13' title='bbox 1861 620 2096 672; x_wconf 87' lang='lat' dir='ltr'>veritatis</span> <span class='ocrx_word' id='word_1_14' title='bbox 2119 630 2263 672; x_wconf 82' lang='lat' dir='ltr'>tuae:</span> <span class='ocrx_word' id='word_1_15' title='bbox 2294 621 2495 688; x_wconf 91' lang='lat' dir='ltr'>depre-</span> 
     </span>
    </p>
   </div>
   <div class='ocr_carea' id='block_1_4' title="bbox 256 678 2499 908">
    <p class='ocr_par' dir='ltr' id='par_1_4' title="bbox 256 678 2499 908">
     <span class='ocr_line' id='line_1_4' title="bbox 256 678 2496 776; baseline -0.001 -26"><span class='ocrx_word' id='word_1_16' title='bbox 256 714 350 750; x_wconf 91' lang='lat' dir='ltr'>cor</span> <span class='ocrx_word' id='word_1_17' title='bbox 383 709 433 748; x_wconf 88' lang='lat' dir='ltr'>te</span> <span class='ocrx_word' id='word_1_18' title='bbox 462 696 726 763; x_wconf 88' lang='lat' dir='ltr'>piissime,</span> <span class='ocrx_word' id='word_1_19' title='bbox 751 711 880 746; x_wconf 87' lang='lat' dir='ltr'>sana</span> <span class='ocrx_word' id='word_1_20' title='bbox 915 706 1059 746; x_wconf 93' lang='lat' dir='ltr'>tactu</span> <span class='ocrx_word' id='word_1_21' title='bbox 1101 696 1284 763; x_wconf 81' lang='lat' dir='ltr'>gratiae</span> <span class='ocrx_word' id='word_1_22' title='bbox 1313 706 1421 746; x_wconf 83' lang='lat' dir='ltr'>tuae</span> <span class='ocrx_word' id='word_1_23' title='bbox 1444 694 1683 745; x_wconf 90' lang='lat' dir='ltr'>animam</span> <span class='ocrx_word' id='word_1_24' title='bbox 1716 711 1893 746; x_wconf 87' lang='lat' dir='ltr'>meam</span> <span class='ocrx_word' id='word_1_25' title='bbox 1922 678 2409 776; x_wconf 84' lang='lat' dir='ltr'>sanguinolentam,</span> <span class='ocrx_word' id='word_1_26' title='bbox 2441 708 2496 747; x_wconf 87' lang='lat' dir='ltr'>et</span> 
     </span>
     <span class='ocr_line' id='line_1_5' title="bbox 256 766 2497 836; baseline -0.001 -16"><span class='ocrx_word' id='word_1_27' title='bbox 256 768 483 836; x_wconf 89' lang='lat' dir='ltr'>peccatis</span> <span class='ocrx_word' id='word_1_28' title='bbox 508 767 670 818; x_wconf 88' lang='lat' dir='ltr'>variis</span> <span class='ocrx_word' id='word_1_29' title='bbox 699 768 1032 817; x_wconf 87' lang='lat' dir='ltr'>maculatam.</span> <span class='ocrx_word' id='word_1_30' title='bbox 1067 766 1344 816; x_wconf 86' lang='lat' dir='ltr'>Resuscita</span> <span class='ocrx_word' id='word_1_31' title='bbox 1371 781 1489 816; x_wconf 90' lang='lat' dir='ltr'>eam</span> <span class='ocrx_word' id='word_1_32' title='bbox 1514 781 1543 816; x_wconf 98' lang='lat' dir='ltr'>a</span> <span class='ocrx_word' id='word_1_33' title='bbox 1567 775 1743 816; x_wconf 90' lang='lat' dir='ltr'>morte</span> <span class='ocrx_word' id='word_1_34' title='bbox 1769 767 2077 826; x_wconf 85' lang='lat' dir='ltr'>voluntatis,</span> <span class='ocrx_word' id='word_1_35' title='bbox 2120 766 2497 832; x_wconf 87' lang='lat' dir='ltr'>propositique</span> 
     </span>
     <span class='ocr_line' id='line_1_6' title="bbox 256 838 2499 908; baseline -0.001 -16"><span class='ocrx_word' id='word_1_36' title='bbox 256 840 476 908; x_wconf 88' lang='lat' dir='ltr'>pessimi</span> <span class='ocrx_word' id='word_1_37' title='bbox 511 851 564 891; x_wconf 87' lang='lat' dir='ltr'>et</span> <span class='ocrx_word' id='word_1_38' title='bbox 597 839 810 899; x_wconf 89' lang='lat' dir='ltr'>occulti,</span> <span class='ocrx_word' id='word_1_39' title='bbox 851 853 911 889; x_wconf 92' lang='lat' dir='ltr'>ac</span> <span class='ocrx_word' id='word_1_40' title='bbox 941 839 1165 889; x_wconf 88' lang='lat' dir='ltr'>restitue</span> <span class='ocrx_word' id='word_1_41' title='bbox 1196 853 1283 889; x_wconf 90' lang='lat' dir='ltr'>me</span> <span class='ocrx_word' id='word_1_42' title='bbox 1329 839 1443 888; x_wconf 91' lang='lat' dir='ltr'>Deo</span> <span class='ocrx_word' id='word_1_43' title='bbox 1472 848 1524 889; x_wconf 90' lang='lat' dir='ltr'>et</span> <span class='ocrx_word' id='word_1_44' title='bbox 1558 838 1703 889; x_wconf 90' lang='lat' dir='ltr'>Patri</span> <span class='ocrx_word' id='word_1_45' title='bbox 1752 848 1865 900; x_wconf 91' lang='lat' dir='ltr'>tu0,</span> <span class='ocrx_word' id='word_1_46' title='bbox 1908 840 1995 890; x_wconf 89' lang='lat' dir='ltr'>cui</span> <span class='ocrx_word' id='word_1_47' title='bbox 2026 853 2112 889; x_wconf 90' lang='lat' dir='ltr'>me</span> <span class='ocrx_word' id='word_1_48' title='bbox 2141 839 2314 889; x_wconf 88' lang='lat' dir='ltr'>filium</span> <span class='ocrx_word' id='word_1_49' title='bbox 2350 839 2499 890; x_wconf 91' lang='lat' dir='ltr'>inter</span> 
     </span>
    </p>
   </div>
   <div class='ocr_carea' id='block_1_5' title="bbox 255 910 1044 978">
    <p class='ocr_par' dir='ltr' id='par_1_5' title="bbox 255 910 1044 978">
     <span class='ocr_line' id='line_1_7' title="bbox 255 910 1044 978; baseline -0.003 -14"><span class='ocrx_word' id='word_1_50' title='bbox 255 913 542 964; x_wconf 88' lang='lat' dir='ltr'>coheredes</span> <span class='ocrx_word' id='word_1_51' title='bbox 596 922 719 962; x_wconf 94' lang='lat' dir='ltr'>tuos</span> <span class='ocrx_word' id='word_1_52' title='bbox 763 910 1044 978; x_wconf 87' lang='lat' dir='ltr'>adoptasti.</span> 
     </span>
    </p>
   </div>
   <div class='ocr_carea' id='block_1_6' title="bbox 1099 910 2498 976">
    <p class='ocr_par' dir='ltr' id='par_1_6' title="bbox 1099 910 2498 976">
     <span class='ocr_line' id='line_1_8' title="bbox 1099 910 2498 976; baseline -0.001 -15"><span class='ocrx_word' id='word_1_53' title='bbox 1099 912 1178 961; x_wconf 89' lang='lat' dir='ltr'>Ne</span> <span class='ocrx_word' id='word_1_54' title='bbox 1229 910 1562 970; x_wconf 89' lang='lat' dir='ltr'>memineris,</span> <span class='ocrx_word' id='word_1_55' title='bbox 1614 911 1755 962; x_wconf 91' lang='lat' dir='ltr'>bone</span> <span class='ocrx_word' id='word_1_56' title='bbox 1803 911 2048 970; x_wconf 90' lang='lat' dir='ltr'>Domine</span> <span class='ocrx_word' id='word_1_57' title='bbox 2102 911 2317 976; x_wconf 87' lang='lat' dir='ltr'>justitiae</span> <span class='ocrx_word' id='word_1_58' title='bbox 2366 920 2498 970; x_wconf 83' lang='lat' dir='ltr'>tuae,</span> 
     </span>
    </p>
   </div>
   <div class='ocr_carea' id='block_1_7' title="bbox 255 983 2503 1189">
    <p class='ocr_par' dir='ltr' id='par_1_7' title="bbox 255 983 2503 1189">
     <span class='ocr_line' id='line_1_9' title="bbox 255 983 2503 1051; baseline -0.002 -14"><span class='ocrx_word' id='word_1_59' title='bbox 255 986 508 1038; x_wconf 88' lang='lat' dir='ltr'>adversus</span> <span class='ocrx_word' id='word_1_60' title='bbox 535 995 862 1051; x_wconf 91' lang='lat' dir='ltr'>peccatorem</span> <span class='ocrx_word' id='word_1_61' title='bbox 904 994 1086 1045; x_wconf 90' lang='lat' dir='ltr'>tuum,</span> <span class='ocrx_word' id='word_1_62' title='bbox 1118 999 1290 1050; x_wconf 90' lang='lat' dir='ltr'>neque</span> <span class='ocrx_word' id='word_1_63' title='bbox 1331 984 1425 1034; x_wconf 86' lang='lat' dir='ltr'>irae</span> <span class='ocrx_word' id='word_1_64' title='bbox 1467 983 1723 1035; x_wconf 87' lang='lat' dir='ltr'>adversus</span> <span class='ocrx_word' id='word_1_65' title='bbox 1758 1000 1910 1035; x_wconf 90' lang='lat' dir='ltr'>reum</span> <span class='ocrx_word' id='word_1_66' title='bbox 1938 994 2133 1046; x_wconf 90' lang='lat' dir='ltr'>tuum;</span> <span class='ocrx_word' id='word_1_67' title='bbox 2165 983 2256 1034; x_wconf 91' lang='lat' dir='ltr'>sed</span> <span class='ocrx_word' id='word_1_68' title='bbox 2286 999 2503 1033; x_wconf 86' lang='lat' dir='ltr'>memor</span> 
     </span>
     <span class='ocr_line' id='line_1_10' title="bbox 255 1054 2500 1129; baseline -0.002 -22"><span class='ocrx_word' id='word_1_69' title='bbox 255 1067 370 1108; x_wconf 89' lang='lat' dir='ltr'>esto</span> <span class='ocrx_word' id='word_1_70' title='bbox 398 1056 746 1122; x_wconf 87' lang='lat' dir='ltr'>benignitatis</span> <span class='ocrx_word' id='word_1_71' title='bbox 785 1066 890 1106; x_wconf 88' lang='lat' dir='ltr'>tuae</span> <span class='ocrx_word' id='word_1_72' title='bbox 925 1070 1050 1121; x_wconf 87' lang='lat' dir='ltr'>erga</span> <span class='ocrx_word' id='word_1_73' title='bbox 1078 1065 1374 1105; x_wconf 89' lang='lat' dir='ltr'>creaturam</span> <span class='ocrx_word' id='word_1_74' title='bbox 1412 1065 1578 1116; x_wconf 88' lang='lat' dir='ltr'>tuam,</span> <span class='ocrx_word' id='word_1_75' title='bbox 1628 1065 1681 1105; x_wconf 92' lang='lat' dir='ltr'>et</span> <span class='ocrx_word' id='word_1_76' title='bbox 1709 1054 2072 1129; x_wconf 88' lang='lat' dir='ltr'>miserationis</span> <span class='ocrx_word' id='word_1_77' title='bbox 2101 1065 2206 1105; x_wconf 81' lang='lat' dir='ltr'>tuae</span> <span class='ocrx_word' id='word_1_78' title='bbox 2229 1070 2355 1120; x_wconf 88' lang='lat' dir='ltr'>erga</span> <span class='ocrx_word' id='word_1_79' title='bbox 2386 1055 2500 1104; x_wconf 89' lang='lat' dir='ltr'>mi-</span> 
     </span>
     <span class='ocr_line' id='line_1_11' title="bbox 257 1127 1499 1189; baseline -0.003 -9"><span class='ocrx_word' id='word_1_80' title='bbox 257 1144 438 1180; x_wconf 86' lang='lat' dir='ltr'>serum</span> <span class='ocrx_word' id='word_1_81' title='bbox 471 1139 645 1189; x_wconf 88' lang='lat' dir='ltr'>tuum,</span> <span class='ocrx_word' id='word_1_82' title='bbox 676 1127 905 1178; x_wconf 89' lang='lat' dir='ltr'>Domine</span> <span class='ocrx_word' id='word_1_83' title='bbox 933 1127 1076 1177; x_wconf 84' lang='lat' dir='ltr'>Deus</span> <span class='ocrx_word' id='word_1_84' title='bbox 1100 1143 1272 1178; x_wconf 87' lang='lat' dir='ltr'>meus.</span> <span class='ocrx_word' id='word_1_85' title='bbox 1303 1127 1499 1176; x_wconf 85' lang='lat' dir='ltr'>Amen.</span> 
     </span>
    </p>
   </div>
   <div class='ocr_carea' id='block_1_8' title="bbox 1161 1486 1599 1578">
    <p class='ocr_par' dir='ltr' id='par_1_8' title="bbox 1161 1486 1599 1578">
     <span class='ocr_line' id='line_1_12' title="bbox 1161 1486 1599 1578; baseline -0.002 -2"><span class='ocrx_word' id='word_1_86' title='bbox 1161 1486 1496 1578; x_wconf 58' lang='lat' dir='ltr'>CAPUT</span> <span class='ocrx_word' id='word_1_87' title='bbox 1539 1508 1599 1575; x_wconf 89' lang='lat' dir='ltr'>L</span> 
     </span>
    </p>
   </div>
   <div class='ocr_carea' id='block_1_9' title="bbox 755 1756 1997 1828">
    <p class='ocr_par' dir='ltr' id='par_1_9' title="bbox 755 1756 1997 1828">
     <span class='ocr_line' id='line_1_13' title="bbox 755 1756 1997 1828; baseline 0.002 -3"><span class='ocrx_word' id='word_1_88' title='bbox 755 1758 860 1825; x_wconf 84' lang='lat' dir='ltr'>De</span> <span class='ocrx_word' id='word_1_89' title='bbox 904 1756 1158 1826; x_wconf 81' lang='lat' dir='ltr'>duobis</span> <span class='ocrx_word' id='word_1_90' title='bbox 1213 1756 1413 1826; x_wconf 79' lang='lat' dir='ltr'>caecis</span> <span class='ocrx_word' id='word_1_91' title='bbox 1472 1768 1541 1828; x_wconf 82' lang='lat' dir='ltr'>et</span> <span class='ocrx_word' id='word_1_92' title='bbox 1597 1780 1733 1828; x_wconf 88' lang='lat' dir='ltr'>uno</span> <span class='ocrx_word' id='word_1_93' title='bbox 1780 1769 1997 1828; x_wconf 79' lang='lat' dir='ltr'>mute.</span> 
     </span>
    </p>
   </div>
   <div class='ocr_carea' id='block_1_10' title="bbox 1106 2004 1694 2096">
    <p class='ocr_par' dir='ltr' id='par_1_10' title="bbox 1106 2004 1694 2096">
     <span class='ocr_line' id='line_1_14' title="bbox 1106 2004 1694 2096; baseline 0.012 -25"><span class='ocrx_word' id='word_1_94' title='bbox 1106 2004 1394 2073; x_wconf 83' lang='lat' dir='ltr'>Matthaei</span> <span class='ocrx_word' id='word_1_95' title='bbox 1436 2032 1571 2096; x_wconf 89' lang='lat' dir='ltr'>cap.</span> <span class='ocrx_word' id='word_1_96' title='bbox 1621 2035 1694 2096; x_wconf 85' lang='lat'>9.</span> 
     </span>
    </p>
   </div>
   <div class='ocr_carea' id='block_1_11' title="bbox 256 2233 1334 3939">
    <p class='ocr_par' dir='ltr' id='par_1_11' title="bbox 256 2233 1334 3939">
     <span class='ocr_line' id='line_1_15' title="bbox 328 2233 1326 2287; baseline 0.005 -5"><span class='ocrx_word' id='word_1_97' title='bbox 328 2248 346 2282; x_wconf 93' lang='lat'>1</span> <span class='ocrx_word' id='word_1_98' title='bbox 379 2233 500 2283; x_wconf 85' lang='lat' dir='ltr'>Duo</span> <span class='ocrx_word' id='word_1_99' title='bbox 522 2247 652 2283; x_wconf 67' lang='lat' dir='ltr'>caecr</span> <span class='ocrx_word' id='word_1_100' title='bbox 674 2234 1132 2286; x_wconf 58' lang='lat' dir='ltr'>cumarum—Et</span> <span class='ocrx_word' id='word_1_101' title='bbox 1155 2242 1326 2287; x_wconf 83' lang='lat' dir='ltr'>trans·</span> 
     </span>
     <span class='ocr_line' id='line_1_16' title="bbox 257 2302 1329 2365; baseline 0.004 -12"><span class='ocrx_word' id='word_1_102' title='bbox 257 2308 412 2353; x_wconf 82' lang='lat' dir='ltr'>eunte</span> <span class='ocrx_word' id='word_1_103' title='bbox 462 2302 584 2352; x_wconf 83' lang='lat' dir='ltr'>inde</span> <span class='ocrx_word' id='word_1_104' title='bbox 634 2302 783 2365; x_wconf 84' lang='lat' dir='ltr'>Jesu,</span> <span class='ocrx_word' id='word_1_105' title='bbox 826 2303 1026 2354; x_wconf 81' lang='lat' dir='ltr'>scilicet</span> <span class='ocrx_word' id='word_1_106' title='bbox 1067 2305 1133 2355; x_wconf 88' lang='lat' dir='ltr'>de</span> <span class='ocrx_word' id='word_1_107' title='bbox 1166 2306 1329 2357; x_wconf 91' lang='lat' dir='ltr'>domo</span> 
     </span>
     <span class='ocr_line' id='line_1_17' title="bbox 256 2374 1325 2441; baseline 0.006 -18"><span class='ocrx_word' id='word_1_108' title='bbox 256 2374 533 2440; x_wconf 87' lang='lat' dir='ltr'>principis,</span> <span class='ocrx_word' id='word_1_109' title='bbox 563 2375 732 2425; x_wconf 80' lang='lat' dir='ltr'>secuti</span> <span class='ocrx_word' id='word_1_110' title='bbox 755 2382 877 2425; x_wconf 82' lang='lat' dir='ltr'>sunt</span> <span class='ocrx_word' id='word_1_111' title='bbox 905 2390 1020 2427; x_wconf 85' lang='lat' dir='ltr'>eum</span> <span class='ocrx_word' id='word_1_112' title='bbox 1049 2377 1154 2428; x_wconf 83' lang='lat' dir='ltr'>duo</span> <span class='ocrx_word' id='word_1_113' title='bbox 1179 2380 1325 2441; x_wconf 83' lang='lat' dir='ltr'>coeci,</span> 
     </span>
     <span class='ocr_line' id='line_1_18' title="bbox 258 2444 1328 2499; baseline 0.004 -4"><span class='ocrx_word' id='word_1_114' title='bbox 258 2444 685 2495; x_wconf 89' lang='lat' dir='ltr'>misericordiam</span> <span class='ocrx_word' id='word_1_115' title='bbox 730 2461 853 2495; x_wconf 91' lang='lat' dir='ltr'>cum</span> <span class='ocrx_word' id='word_1_116' title='bbox 886 2447 1119 2498; x_wconf 89' lang='lat' dir='ltr'>clamore</span> <span class='ocrx_word' id='word_1_117' title='bbox 1153 2448 1210 2498; x_wconf 89' lang='lat' dir='ltr'>in</span> <span class='ocrx_word' id='word_1_118' title='bbox 1240 2449 1328 2499; x_wconf 86' lang='lat' dir='ltr'>via</span> 
     </span>
     <span class='ocr_line' id='line_1_19' title="bbox 258 2515 1328 2582; baseline 0.003 -17"><span class='ocrx_word' id='word_1_119' title='bbox 258 2526 520 2582; x_wconf 89' lang='lat' dir='ltr'>petentes,</span> <span class='ocrx_word' id='word_1_120' title='bbox 554 2525 605 2566; x_wconf 92' lang='lat' dir='ltr'>et</span> <span class='ocrx_word' id='word_1_121' title='bbox 637 2515 826 2567; x_wconf 91' lang='lat' dir='ltr'>devota</span> <span class='ocrx_word' id='word_1_122' title='bbox 861 2517 1107 2568; x_wconf 90' lang='lat' dir='ltr'>oratione</span> <span class='ocrx_word' id='word_1_123' title='bbox 1138 2519 1328 2570; x_wconf 90' lang='lat' dir='ltr'>dicen-</span> 
     </span>
     <span class='ocr_line' id='line_1_20' title="bbox 257 2586 1324 2654; baseline 0.003 -17"><span class='ocrx_word' id='word_1_124' title='bbox 257 2597 339 2638; x_wconf 87' lang='lat' dir='ltr'>tes</span> <span class='ocrx_word' id='word_1_125' title='bbox 365 2604 380 2638; x_wconf 84' lang='lat'>:</span> <span class='ocrx_word' id='word_1_126' title='bbox 409 2586 680 2637; x_wconf 78' lang='lat' dir='ltr'>Miserere</span> <span class='ocrx_word' id='word_1_127' title='bbox 736 2589 926 2650; x_wconf 83' lang='lat' dir='ltr'>nostri,</span> <span class='ocrx_word' id='word_1_128' title='bbox 975 2588 1072 2654; x_wconf 89' lang='lat' dir='ltr'>fili</span> <span class='ocrx_word' id='word_1_129' title='bbox 1124 2589 1324 2641; x_wconf 80' lang='lat' dir='ltr'>David.</span> 
     </span>
     <span class='ocr_line' id='line_1_21' title="bbox 258 2656 1328 2724; baseline 0.001 -16"><span class='ocrx_word' id='word_1_130' title='bbox 258 2658 485 2724; x_wconf 87' lang='lat' dir='ltr'>Vulgata</span> <span class='ocrx_word' id='word_1_131' title='bbox 519 2656 667 2707; x_wconf 86' lang='lat' dir='ltr'>enim</span> <span class='ocrx_word' id='word_1_132' title='bbox 713 2667 824 2707; x_wconf 89' lang='lat' dir='ltr'>erat</span> <span class='ocrx_word' id='word_1_133' title='bbox 876 2658 1019 2708; x_wconf 88' lang='lat' dir='ltr'>fama</span> <span class='ocrx_word' id='word_1_134' title='bbox 1057 2660 1198 2724; x_wconf 88' lang='lat' dir='ltr'>apud</span> <span class='ocrx_word' id='word_1_135' title='bbox 1226 2660 1328 2709; x_wconf 86' lang='lat' dir='ltr'>Ju-</span> 
     </span>
     <span class='ocr_line' id='line_1_22' title="bbox 259 2726 1329 2795; baseline 0.001 -17"><span class='ocrx_word' id='word_1_136' title='bbox 259 2729 424 2788; x_wconf 78' lang='lat' dir='ltr'>daeOS,</span> <span class='ocrx_word' id='word_1_137' title='bbox 449 2727 578 2795; x_wconf 87' lang='lat' dir='ltr'>quia</span> <span class='ocrx_word' id='word_1_138' title='bbox 607 2726 857 2779; x_wconf 86' lang='lat' dir='ltr'>Christus</span> <span class='ocrx_word' id='word_1_139' title='bbox 891 2728 1191 2779; x_wconf 86' lang='lat' dir='ltr'>nasciturus</span> <span class='ocrx_word' id='word_1_140' title='bbox 1218 2738 1329 2780; x_wconf 91' lang='lat' dir='ltr'>erat</span> 
     </span>
     <span class='ocr_line' id='line_1_23' title="bbox 261 2798 1328 2859; baseline 0.002 -10"><span class='ocrx_word' id='word_1_141' title='bbox 261 2801 329 2850; x_wconf 88' lang='lat' dir='ltr'>de</span> <span class='ocrx_word' id='word_1_142' title='bbox 373 2799 581 2850; x_wconf 90' lang='lat' dir='ltr'>semine</span> <span class='ocrx_word' id='word_1_143' title='bbox 626 2798 819 2859; x_wconf 90' lang='lat' dir='ltr'>David,</span> <span class='ocrx_word' id='word_1_144' title='bbox 856 2799 1163 2849; x_wconf 85' lang='lat' dir='ltr'>secundum</span> <span class='ocrx_word' id='word_1_145' title='bbox 1210 2815 1328 2851; x_wconf 89' lang='lat' dir='ltr'>car-</span> 
     </span>
     <span class='ocr_line' id='line_1_24' title="bbox 259 2870 1328 2939; baseline 0.002 -19"><span class='ocrx_word' id='word_1_146' title='bbox 259 2872 502 2921; x_wconf 84' lang='lat' dir='ltr'>nem.-Et</span> <span class='ocrx_word' id='word_1_147' title='bbox 533 2870 655 2921; x_wconf 90' lang='lat' dir='ltr'>ideo</span> <span class='ocrx_word' id='word_1_148' title='bbox 681 2870 808 2935; x_wconf 89' lang='lat' dir='ltr'>quia</span> <span class='ocrx_word' id='word_1_149' title='bbox 836 2871 1118 2922; x_wconf 90' lang='lat' dir='ltr'>credebant</span> <span class='ocrx_word' id='word_1_150' title='bbox 1147 2871 1328 2939; x_wconf 86' lang='lat' dir='ltr'>ipsum</span> 
     </span>
     <span class='ocr_line' id='line_1_25' title="bbox 260 2941 1330 3009; baseline 0.002 -17"><span class='ocrx_word' id='word_1_151' title='bbox 260 2957 377 2993; x_wconf 88' lang='lat' dir='ltr'>esse</span> <span class='ocrx_word' id='word_1_152' title='bbox 404 2941 703 3001; x_wconf 86' lang='lat' dir='ltr'>Christum,</span> <span class='ocrx_word' id='word_1_153' title='bbox 747 2941 848 3007; x_wconf 90' lang='lat' dir='ltr'>ipsi</span> <span class='ocrx_word' id='word_1_154' title='bbox 881 2942 1050 2992; x_wconf 89' lang='lat' dir='ltr'>David</span> <span class='ocrx_word' id='word_1_155' title='bbox 1093 2944 1330 3009; x_wconf 89' lang='lat' dir='ltr'>promis-</span> 
     </span>
     <span class='ocr_line' id='line_1_26' title="bbox 260 3011 1328 3070; baseline 0.003 -9"><span class='ocrx_word' id='word_1_156' title='bbox 260 3027 402 3070; x_wconf 91' lang='lat' dir='ltr'>sum,</span> <span class='ocrx_word' id='word_1_157' title='bbox 437 3021 627 3062; x_wconf 86' lang='lat' dir='ltr'>vocant</span> <span class='ocrx_word' id='word_1_158' title='bbox 658 3011 735 3062; x_wconf 92' lang='lat' dir='ltr'>sic</span> <span class='ocrx_word' id='word_1_159' title='bbox 771 3027 896 3061; x_wconf 90' lang='lat' dir='ltr'>eum</span> <span class='ocrx_word' id='word_1_160' title='bbox 924 3013 1091 3063; x_wconf 85' lang='lat' dir='ltr'>David</span> <span class='ocrx_word' id='word_1_161' title='bbox 1133 3012 1328 3065; x_wconf 90' lang='lat' dir='ltr'>filium.</span> 
     </span>
     <span class='ocr_line' id='line_1_27' title="bbox 261 3084 1330 3150; baseline 0.003 -16"><span class='ocrx_word' id='word_1_162' title='bbox 261 3084 579 3134; x_wconf 89' lang='lat' dir='ltr'>Clamabant</span> <span class='ocrx_word' id='word_1_163' title='bbox 617 3094 814 3144; x_wconf 90' lang='lat' dir='ltr'>autem,</span> <span class='ocrx_word' id='word_1_164' title='bbox 845 3084 970 3150; x_wconf 89' lang='lat' dir='ltr'>quia</span> <span class='ocrx_word' id='word_1_165' title='bbox 1005 3086 1070 3135; x_wconf 91' lang='lat' dir='ltr'>ad</span> <span class='ocrx_word' id='word_1_166' title='bbox 1099 3086 1330 3137; x_wconf 87' lang='lat' dir='ltr'>litteram</span> 
     </span>
     <span class='ocr_line' id='line_1_28' title="bbox 262 3154 1332 3221; baseline 0.002 -16"><span class='ocrx_word' id='word_1_167' title='bbox 262 3170 373 3205; x_wconf 90' lang='lat' dir='ltr'>non</span> <span class='ocrx_word' id='word_1_168' title='bbox 428 3154 695 3218; x_wconf 86' lang='lat' dir='ltr'>videbant,</span> <span class='ocrx_word' id='word_1_169' title='bbox 740 3170 996 3221; x_wconf 78' lang='lat' dir='ltr'>quoniam</span> <span class='ocrx_word' id='word_1_170' title='bbox 1038 3171 1207 3221; x_wconf 89' lang='lat' dir='ltr'>prope</span> <span class='ocrx_word' id='word_1_171' title='bbox 1251 3167 1332 3207; x_wconf 88' lang='lat' dir='ltr'>est</span> 
     </span>
     <span class='ocr_line' id='line_1_29' title="bbox 260 3224 1333 3292; baseline 0.002 -17"><span class='ocrx_word' id='word_1_172' title='bbox 260 3224 545 3275; x_wconf 89' lang='lat' dir='ltr'>Dominus.</span> <span class='ocrx_word' id='word_1_173' title='bbox 567 3225 671 3276; x_wconf 90' lang='lat' dir='ltr'>Ubi</span> <span class='ocrx_word' id='word_1_174' title='bbox 688 3226 1134 3292; x_wconf 75' lang='lat' dir='ltr'>Chrysostomus:</span> <span class='ocrx_word' id='word_1_175' title='bbox 1150 3246 1178 3273; x_wconf 73' lang='grc' dir='ltr'>κ</span> <span class='ocrx_word' id='word_1_176' title='bbox 1195 3226 1333 3284; x_wconf 87' lang='lat' dir='ltr'>Vide</span> 
     </span>
     <span class='ocr_line' id='line_1_30' title="bbox 261 3299 1332 3360; baseline 0.004 -13"><span class='ocrx_word' id='word_1_177' title='bbox 261 3307 443 3348; x_wconf 89' lang='lat' dir='ltr'>autem</span> <span class='ocrx_word' id='word_1_178' title='bbox 478 3313 667 3348; x_wconf 89' lang='lat' dir='ltr'>eorum</span> <span class='ocrx_word' id='word_1_179' title='bbox 696 3299 1040 3360; x_wconf 89' lang='lat' dir='ltr'>desiderium,</span> <span class='ocrx_word' id='word_1_180' title='bbox 1071 3310 1126 3350; x_wconf 92' lang='lat' dir='ltr'>et</span> <span class='ocrx_word' id='word_1_181' title='bbox 1158 3316 1187 3351; x_wconf 91' lang='lat' dir='ltr'>a</span> <span class='ocrx_word' id='word_1_182' title='bbox 1221 3301 1332 3351; x_wconf 94' lang='lat' dir='ltr'>cla-</span> 
     </span>
     <span class='ocr_line' id='line_1_31' title="bbox 264 3369 1330 3436; baseline 0.004 -19"><span class='ocrx_word' id='word_1_183' title='bbox 264 3383 433 3430; x_wconf 90' lang='lat' dir='ltr'>more,</span> <span class='ocrx_word' id='word_1_184' title='bbox 489 3377 542 3418; x_wconf 92' lang='lat' dir='ltr'>et</span> <span class='ocrx_word' id='word_1_185' title='bbox 596 3369 664 3419; x_wconf 91' lang='lat' dir='ltr'>ab</span> <span class='ocrx_word' id='word_1_186' title='bbox 716 3369 830 3435; x_wconf 86' lang='lat' dir='ltr'>ipsa</span> <span class='ocrx_word' id='word_1_187' title='bbox 883 3369 1330 3436; x_wconf 90' lang='lat' dir='ltr'>interpellatione.</span> 
     </span>
     <span class='ocr_line' id='line_1_32' title="bbox 263 3436 1331 3505; baseline 0.003 -17"><span class='ocrx_word' id='word_1_188' title='bbox 263 3439 451 3505; x_wconf 87' lang='lat' dir='ltr'>Neque</span> <span class='ocrx_word' id='word_1_189' title='bbox 475 3436 622 3487; x_wconf 85' lang='lat' dir='ltr'>enim</span> <span class='ocrx_word' id='word_1_190' title='bbox 646 3438 961 3505; x_wconf 88' lang='lat' dir='ltr'>simpliciter</span> <span class='ocrx_word' id='word_1_191' title='bbox 977 3450 1331 3501; x_wconf 88' lang='lat' dir='ltr'>accesserunt,</span> 
     </span>
     <span class='ocr_line' id='line_1_33' title="bbox 263 3511 1331 3577; baseline 0.003 -16"><span class='ocrx_word' id='word_1_192' title='bbox 263 3511 357 3561; x_wconf 87' lang='lat' dir='ltr'>sed</span> <span class='ocrx_word' id='word_1_193' title='bbox 386 3526 577 3577; x_wconf 87' lang='lat' dir='ltr'>magne</span> <span class='ocrx_word' id='word_1_194' title='bbox 600 3513 906 3573; x_wconf 89' lang='lat' dir='ltr'>clamantes,</span> <span class='ocrx_word' id='word_1_195' title='bbox 932 3524 985 3564; x_wconf 91' lang='lat' dir='ltr'>et</span> <span class='ocrx_word' id='word_1_196' title='bbox 1011 3512 1152 3563; x_wconf 89' lang='lat' dir='ltr'>nihil</span> <span class='ocrx_word' id='word_1_197' title='bbox 1185 3513 1331 3564; x_wconf 91' lang='lat' dir='ltr'>aliud</span> 
     </span>
     <span class='ocr_line' id='line_1_34' title="bbox 262 3584 1330 3652; baseline 0.004 -19"><span class='ocrx_word' id='word_1_198' title='bbox 262 3598 428 3649; x_wconf 89' lang='lat' dir='ltr'>quam</span> <span class='ocrx_word' id='word_1_199' title='bbox 494 3584 915 3636; x_wconf 88' lang='lat' dir='ltr'>misericordiam</span> <span class='ocrx_word' id='word_1_200' title='bbox 983 3586 1330 3652; x_wconf 75' lang='lat' dir='ltr'>postulanteS.</span> 
     </span>
     <span class='ocr_line' id='line_1_35' title="bbox 263 3654 1334 3724; baseline 0.004 -20"><span class='ocrx_word' id='word_1_201' title='bbox 263 3654 466 3704; x_wconf 86' lang='lat' dir='ltr'>Filium</span> <span class='ocrx_word' id='word_1_202' title='bbox 494 3665 672 3706; x_wconf 89' lang='lat' dir='ltr'>autern</span> <span class='ocrx_word' id='word_1_203' title='bbox 701 3655 869 3707; x_wconf 83' lang='lat' dir='ltr'>David</span> <span class='ocrx_word' id='word_1_204' title='bbox 896 3657 1176 3721; x_wconf 88' lang='lat' dir='ltr'>vocabant,</span> <span class='ocrx_word' id='word_1_205' title='bbox 1205 3658 1334 3724; x_wconf 88' lang='lat' dir='ltr'>quia</span> 
     </span>
     <span class='ocr_line' id='line_1_36' title="bbox 265 3726 1332 3779; baseline 0.002 -5"><span class='ocrx_word' id='word_1_206' title='bbox 265 3740 466 3775; x_wconf 89' lang='lat' dir='ltr'>nomen</span> <span class='ocrx_word' id='word_1_207' title='bbox 525 3726 751 3777; x_wconf 86' lang='lat' dir='ltr'>honoris</span> <span class='ocrx_word' id='word_1_208' title='bbox 797 3742 914 3777; x_wconf 87' lang='lat' dir='ltr'>esse</span> <span class='ocrx_word' id='word_1_209' title='bbox 967 3727 1268 3779; x_wconf 88' lang='lat' dir='ltr'>videbatur.</span> <span class='ocrx_word' id='word_1_210' title='bbox 1303 3748 1332 3776; x_wconf 66' lang='lat'>&gt;²</span> 
     </span>
     <span class='ocr_line' id='line_1_37' title="bbox 268 3795 1334 3862; baseline 0.005 -17"><span class='ocrx_word' id='word_1_211' title='bbox 268 3795 401 3846; x_wconf 81' lang='lat' dir='ltr'>Cum</span> <span class='ocrx_word' id='word_1_212' title='bbox 431 3805 608 3848; x_wconf 84' lang='lat' dir='ltr'>autem</span> <span class='ocrx_word' id='word_1_213' title='bbox 650 3798 881 3849; x_wconf 80' lang='lat' dir='ltr'>venisset</span> <span class='ocrx_word' id='word_1_214' title='bbox 909 3798 1138 3862; x_wconf 85' lang='lat' dir='ltr'>domum,</span> <span class='ocrx_word' id='word_1_215' title='bbox 1170 3798 1224 3849; x_wconf 90' lang='lat' dir='ltr'>id</span> <span class='ocrx_word' id='word_1_216' title='bbox 1253 3810 1334 3851; x_wconf 88' lang='lat' dir='ltr'>est</span> 
     </span>
     <span class='ocr_line' id='line_1_38' title="bbox 262 3866 1332 3939; baseline 0.005 -22"><span class='ocrx_word' id='word_1_217' title='bbox 262 3866 330 3917; x_wconf 86' lang='lat' dir='ltr'>ad</span> <span class='ocrx_word' id='word_1_218' title='bbox 359 3868 659 3934; x_wconf 90' lang='lat' dir='ltr'>hospitium</span> <span class='ocrx_word' id='word_1_219' title='bbox 690 3886 870 3935; x_wconf 87' lang='lat' dir='ltr'>suum,</span> <span class='ocrx_word' id='word_1_220' title='bbox 903 3870 958 3921; x_wconf 90' lang='lat' dir='ltr'>in</span> <span class='ocrx_word' id='word_1_221' title='bbox 985 3870 1076 3921; x_wconf 89' lang='lat' dir='ltr'>illa</span> <span class='ocrx_word' id='word_1_222' title='bbox 1094 3870 1332 3939; x_wconf 88' lang='lat' dir='ltr'>regione,</span> 
     </span>
    </p>
   </div>
   <div class='ocr_carea' id='block_1_12' title="bbox 1435 2225 2519 3864">
    <p class='ocr_par' dir='ltr' id='par_1_12' title="bbox 1438 2225 2510 2364">
     <span class='ocr_line' id='line_1_39' title="bbox 1438 2225 2510 2294; baseline 0.003 -18"><span class='ocrx_word' id='word_1_223' title='bbox 1438 2225 1785 2294; x_wconf 84' lang='lat' dir='ltr'>interrogavit</span> <span class='ocrx_word' id='word_1_224' title='bbox 1819 2244 1930 2292; x_wconf 86' lang='lat' dir='ltr'>eos,</span> <span class='ocrx_word' id='word_1_225' title='bbox 1974 2228 2022 2280; x_wconf 92' lang='lat' dir='ltr'>si</span> <span class='ocrx_word' id='word_1_226' title='bbox 2068 2230 2341 2282; x_wconf 87' lang='lat' dir='ltr'>crederent</span> <span class='ocrx_word' id='word_1_227' title='bbox 2381 2246 2510 2280; x_wconf 89' lang='lat' dir='ltr'>eum</span> 
     </span>
     <span class='ocr_line' id='line_1_40' title="bbox 1439 2297 2509 2371; baseline 0.004 -24"><span class='ocrx_word' id='word_1_228' title='bbox 1439 2297 1541 2348; x_wconf 87' lang='lat' dir='ltr'>hoc</span> <span class='ocrx_word' id='word_1_229' title='bbox 1596 2314 1752 2364; x_wconf 90' lang='lat' dir='ltr'>posse</span> <span class='ocrx_word' id='word_1_230' title='bbox 1798 2298 1983 2351; x_wconf 89' lang='lat' dir='ltr'>facere.</span> <span class='ocrx_word' id='word_1_231' title='bbox 2032 2301 2199 2361; x_wconf 86' lang='lat' dir='ltr'>Quasi</span> <span class='ocrx_word' id='word_1_232' title='bbox 2263 2300 2509 2371; x_wconf 83' lang='lat' dir='ltr'>diceret:</span> 
     </span>
    </p>

    <p class='ocr_par' dir='ltr' id='par_1_13' title="bbox 1435 2367 2519 3864">
     <span class='ocr_line' id='line_1_41' title="bbox 1439 2367 2513 2433; baseline 0.003 -12"><span class='ocrx_word' id='word_1_233' title='bbox 1439 2369 1682 2421; x_wconf 90' lang='lat' dir='ltr'>Confessi</span> <span class='ocrx_word' id='word_1_234' title='bbox 1711 2372 1840 2423; x_wconf 90' lang='lat' dir='ltr'>estis</span> <span class='ocrx_word' id='word_1_235' title='bbox 1877 2371 2287 2433; x_wconf 89' lang='lat' dir='ltr'>humanitatem,</span> <span class='ocrx_word' id='word_1_236' title='bbox 2318 2367 2406 2423; x_wconf 83' lang='lat' dir='ltr'>me</span> <span class='ocrx_word' id='word_1_237' title='bbox 2430 2374 2513 2424; x_wconf 87' lang='lat' dir='ltr'>di-</span> 
     </span>
     <span class='ocr_line' id='line_1_42' title="bbox 1438 2440 2510 2509; baseline 0.003 -19"><span class='ocrx_word' id='word_1_238' title='bbox 1438 2440 1605 2491; x_wconf 90' lang='lat' dir='ltr'>cendo</span> <span class='ocrx_word' id='word_1_239' title='bbox 1628 2440 1804 2492; x_wconf 89' lang='lat' dir='ltr'>filium</span> <span class='ocrx_word' id='word_1_240' title='bbox 1826 2442 2013 2499; x_wconf 84' lang='lat' dir='ltr'>David.</span> <span class='ocrx_word' id='word_1_241' title='bbox 2041 2442 2087 2493; x_wconf 92' lang='lat' dir='ltr'>si</span> <span class='ocrx_word' id='word_1_242' title='bbox 2116 2443 2337 2493; x_wconf 84' lang='lat' dir='ltr'>creditis</span> <span class='ocrx_word' id='word_1_243' title='bbox 2358 2445 2510 2509; x_wconf 90' lang='lat' dir='ltr'>quod</span> 
     </span>
     <span class='ocr_line' id='line_1_43' title="bbox 1436 2513 2513 2582; baseline 0.004 -19"><span class='ocrx_word' id='word_1_244' title='bbox 1436 2513 1535 2563; x_wconf 84' lang='lat' dir='ltr'>hoc</span> <span class='ocrx_word' id='word_1_245' title='bbox 1575 2529 1797 2580; x_wconf 83' lang='lat' dir='ltr'>possum</span> <span class='ocrx_word' id='word_1_246' title='bbox 1838 2514 2036 2580; x_wconf 86' lang='lat' dir='ltr'>facere</span> <span class='ocrx_word' id='word_1_247' title='bbox 2079 2525 2140 2565; x_wconf 91' lang='lat' dir='ltr'>ut</span> <span class='ocrx_word' id='word_1_248' title='bbox 2175 2516 2336 2575; x_wconf 75' lang='lat' dir='ltr'>DeuS,</span> <span class='ocrx_word' id='word_1_249' title='bbox 2372 2532 2513 2582; x_wconf 89' lang='lat' dir='ltr'>opus</span> 
     </span>
     <span class='ocr_line' id='line_1_44' title="bbox 1437 2582 2514 2637; baseline 0.005 -5"><span class='ocrx_word' id='word_1_250' title='bbox 1437 2582 1583 2632; x_wconf 91' lang='lat' dir='ltr'>enim</span> <span class='ocrx_word' id='word_1_251' title='bbox 1616 2593 1695 2634; x_wconf 90' lang='lat' dir='ltr'>est</span> <span class='ocrx_word' id='word_1_252' title='bbox 1740 2584 2057 2636; x_wconf 76' lang='lat' dir='ltr'>divinitatis,</span> <span class='ocrx_word' id='word_1_253' title='bbox 2107 2586 2228 2636; x_wconf 90' lang='lat' dir='ltr'>Non</span> <span class='ocrx_word' id='word_1_254' title='bbox 2274 2585 2514 2637; x_wconf 89' lang='lat' dir='ltr'>interro-</span> 
     </span>
     <span class='ocr_line' id='line_1_45' title="bbox 1438 2656 2511 2723; baseline 0.005 -19"><span class='ocrx_word' id='word_1_255' title='bbox 1438 2663 1526 2720; x_wconf 88' lang='lat' dir='ltr'>gat</span> <span class='ocrx_word' id='word_1_256' title='bbox 1564 2656 1718 2721; x_wconf 86' lang='lat' dir='ltr'>quasi</span> <span class='ocrx_word' id='word_1_257' title='bbox 1777 2656 2035 2723; x_wconf 85' lang='lat' dir='ltr'>ignorans</span> <span class='ocrx_word' id='word_1_258' title='bbox 2087 2674 2276 2709; x_wconf 90' lang='lat' dir='ltr'>eorum</span> <span class='ocrx_word' id='word_1_259' title='bbox 2323 2658 2511 2719; x_wconf 87' lang='lat' dir='ltr'>fidem,</span> 
     </span>
     <span class='ocr_line' id='line_1_46' title="bbox 1435 2727 2515 2798; baseline 0.005 -21"><span class='ocrx_word' id='word_1_260' title='bbox 1435 2727 1566 2793; x_wconf 90' lang='lat' dir='ltr'>quia</span> <span class='ocrx_word' id='word_1_261' title='bbox 1610 2729 1792 2781; x_wconf 89' lang='lat' dir='ltr'>omnia</span> <span class='ocrx_word' id='word_1_262' title='bbox 1838 2730 2038 2782; x_wconf 86' lang='lat' dir='ltr'>sciebat</span> <span class='ocrx_word' id='word_1_263' title='bbox 2084 2747 2180 2798; x_wconf 90' lang='lat' dir='ltr'>per</span> <span class='ocrx_word' id='word_1_264' title='bbox 2228 2731 2515 2782; x_wconf 89' lang='lat' dir='ltr'>certitudi-</span> 
     </span>
     <span class='ocr_line' id='line_1_47' title="bbox 1439 2800 2513 2858; baseline 0.005 -11"><span class='ocrx_word' id='word_1_265' title='bbox 1439 2813 1582 2858; x_wconf 90' lang='lat' dir='ltr'>nem,</span> <span class='ocrx_word' id='word_1_266' title='bbox 1620 2800 1712 2849; x_wconf 88' lang='lat' dir='ltr'>sed</span> <span class='ocrx_word' id='word_1_267' title='bbox 1755 2809 1817 2850; x_wconf 86' lang='lat' dir='ltr'>ut</span> <span class='ocrx_word' id='word_1_268' title='bbox 1843 2800 2111 2852; x_wconf 89' lang='lat' dir='ltr'>confessio</span> <span class='ocrx_word' id='word_1_269' title='bbox 2152 2802 2385 2853; x_wconf 84' lang='lat' dir='ltr'>exterior</span> <span class='ocrx_word' id='word_1_270' title='bbox 2413 2803 2513 2852; x_wconf 86' lang='lat' dir='ltr'>ad-</span> 
     </span>
     <span class='ocr_line' id='line_1_48' title="bbox 1437 2869 2515 2925; baseline 0.006 -7"><span class='ocrx_word' id='word_1_271' title='bbox 1437 2870 1650 2921; x_wconf 90' lang='lat' dir='ltr'>deretur</span> <span class='ocrx_word' id='word_1_272' title='bbox 1675 2871 1800 2923; x_wconf 85' lang='lat' dir='ltr'>fidei</span> <span class='ocrx_word' id='word_1_273' title='bbox 1834 2869 2076 2924; x_wconf 84' lang='lat' dir='ltr'>interiori</span> <span class='ocrx_word' id='word_1_274' title='bbox 2103 2891 2117 2925; x_wconf 76' lang='lat' dir='ltr'><strong><em>z</em></strong></span> <span class='ocrx_word' id='word_1_275' title='bbox 2147 2883 2201 2925; x_wconf 86' lang='lat' dir='ltr'>et</span> <span class='ocrx_word' id='word_1_276' title='bbox 2227 2875 2305 2925; x_wconf 89' lang='lat' dir='ltr'>sic</span> <span class='ocrx_word' id='word_1_277' title='bbox 2331 2885 2515 2925; x_wconf 88' lang='lat' dir='ltr'>essent</span> 
     </span>
     <span class='ocr_line' id='line_1_49' title="bbox 1438 2941 2515 3007; baseline 0.006 -16"><span class='ocrx_word' id='word_1_278' title='bbox 1438 2941 1711 3007; x_wconf 88' lang='lat' dir='ltr'>digniores</span> <span class='ocrx_word' id='word_1_279' title='bbox 1786 2944 2113 3007; x_wconf 87' lang='lat' dir='ltr'>illuminari,</span> <span class='ocrx_word' id='word_1_280' title='bbox 2165 2956 2217 2997; x_wconf 90' lang='lat' dir='ltr'>et</span> <span class='ocrx_word' id='word_1_281' title='bbox 2270 2946 2515 2997; x_wconf 88' lang='lat' dir='ltr'>mercede</span> 
     </span>
     <span class='ocr_line' id='line_1_50' title="bbox 1437 3013 2512 3081; baseline 0.005 -19"><span class='ocrx_word' id='word_1_282' title='bbox 1437 3013 1709 3080; x_wconf 86' lang='lat' dir='ltr'>ampliori.</span> <span class='ocrx_word' id='word_1_283' title='bbox 1755 3015 1913 3077; x_wconf 88' lang='lat' dir='ltr'>Quia,</span> <span class='ocrx_word' id='word_1_284' title='bbox 1944 3017 2241 3067; x_wconf 88' lang='lat' dir='ltr'>secundum</span> <span class='ocrx_word' id='word_1_285' title='bbox 2270 3018 2512 3081; x_wconf 74' lang='lat' dir='ltr'>Aposto-</span> 
     </span>
     <span class='ocr_line' id='line_1_51' title="bbox 1438 3083 2509 3154; baseline 0.005 -22"><span class='ocrx_word' id='word_1_286' title='bbox 1438 3083 1555 3134; x_wconf 88' lang='lat' dir='ltr'>lum</span> <span class='ocrx_word' id='word_1_287' title='bbox 1585 3101 1599 3135; x_wconf 68' lang='grc' dir='ltr'>ε</span> <span class='ocrx_word' id='word_1_288' title='bbox 1632 3086 1811 3137; x_wconf 83' lang='lat' dir='ltr'>Corde</span> <span class='ocrx_word' id='word_1_289' title='bbox 1837 3087 2077 3138; x_wconf 83' lang='lat' dir='ltr'>creditur</span> <span class='ocrx_word' id='word_1_290' title='bbox 2109 3087 2186 3137; x_wconf 84' lang='lat' dir='ltr'>ad</span> <span class='ocrx_word' id='word_1_291' title='bbox 2210 3087 2509 3154; x_wconf 82' lang='lat' dir='ltr'>justitiam,</span> 
     </span>
     <span class='ocr_line' id='line_1_52' title="bbox 1440 3157 2512 3223; baseline 0.002 -18"><span class='ocrx_word' id='word_1_292' title='bbox 1440 3168 1534 3205; x_wconf 91' lang='lat' dir='ltr'>ore</span> <span class='ocrx_word' id='word_1_293' title='bbox 1588 3162 1766 3206; x_wconf 83' lang='lat' dir='ltr'>autem</span> <span class='ocrx_word' id='word_1_294' title='bbox 1822 3157 2093 3223; x_wconf 84' lang='lat' dir='ltr'>consessio</span> <span class='ocrx_word' id='word_1_295' title='bbox 2130 3157 2207 3223; x_wconf 85' lang='lat' dir='ltr'>fit</span> <span class='ocrx_word' id='word_1_296' title='bbox 2241 3158 2316 3207; x_wconf 86' lang='lat' dir='ltr'>ad</span> <span class='ocrx_word' id='word_1_297' title='bbox 2354 3158 2512 3208; x_wconf 85' lang='lat' dir='ltr'>salu-</span> 
     </span>
     <span class='ocr_line' id='line_1_53' title="bbox 1442 3226 2516 3294; baseline 0.003 -18"><span class='ocrx_word' id='word_1_298' title='bbox 1442 3232 1560 3276; x_wconf 77' lang='lat' dir='ltr'>tem.</span> <span class='ocrx_word' id='word_1_299' title='bbox 1606 3226 1761 3277; x_wconf 89' lang='lat' dir='ltr'>Unde</span> <span class='ocrx_word' id='word_1_300' title='bbox 1800 3228 2065 3278; x_wconf 82' lang='lat' dir='ltr'>Rabanus</span> <span class='ocrx_word' id='word_1_301' title='bbox 2088 3244 2105 3277; x_wconf 91' lang='lat'>.·</span> <span class='ocrx_word' id='word_1_302' title='bbox 2136 3245 2163 3274; x_wconf 77' lang='lat' dir='ltr'>(t</span> <span class='ocrx_word' id='word_1_303' title='bbox 2193 3227 2316 3277; x_wconf 92' lang='lat' dir='ltr'>Non</span> <span class='ocrx_word' id='word_1_304' title='bbox 2357 3229 2516 3294; x_wconf 87' lang='lat' dir='ltr'>quasi</span> 
     </span>
     <span class='ocr_line' id='line_1_54' title="bbox 1442 3296 2516 3364; baseline 0.003 -16"><span class='ocrx_word' id='word_1_305' title='bbox 1442 3296 1656 3348; x_wconf 88' lang='lat' dir='ltr'>nescius</span> <span class='ocrx_word' id='word_1_306' title='bbox 1705 3297 2084 3364; x_wconf 88' lang='lat' dir='ltr'>interrogabat,</span> <span class='ocrx_word' id='word_1_307' title='bbox 2125 3300 2218 3349; x_wconf 88' lang='lat' dir='ltr'>sed</span> <span class='ocrx_word' id='word_1_308' title='bbox 2253 3308 2315 3350; x_wconf 90' lang='lat' dir='ltr'>ut</span> <span class='ocrx_word' id='word_1_309' title='bbox 2351 3298 2516 3351; x_wconf 89' lang='lat' dir='ltr'>fidem</span> 
     </span>
     <span class='ocr_line' id='line_1_55' title="bbox 1441 3368 2513 3435; baseline 0.005 -18"><span class='ocrx_word' id='word_1_310' title='bbox 1441 3368 1711 3419; x_wconf 88' lang='lat' dir='ltr'>confessio</span> <span class='ocrx_word' id='word_1_311' title='bbox 1790 3378 2031 3435; x_wconf 86' lang='lat' dir='ltr'>promat,</span> <span class='ocrx_word' id='word_1_312' title='bbox 2112 3370 2513 3422; x_wconf 86' lang='lat' dir='ltr'>confessionem</span> 
     </span>
     <span class='ocr_line' id='line_1_56' title="bbox 1439 3439 2517 3505; baseline 0.003 -16"><span class='ocrx_word' id='word_1_313' title='bbox 1439 3439 1630 3499; x_wconf 87' lang='lat' dir='ltr'>virtus,</span> <span class='ocrx_word' id='word_1_314' title='bbox 1680 3439 1933 3505; x_wconf 90' lang='lat' dir='ltr'>salusque</span> <span class='ocrx_word' id='word_1_315' title='bbox 1991 3440 2279 3492; x_wconf 87' lang='lat' dir='ltr'>comitetur</span> <span class='ocrx_word' id='word_1_316' title='bbox 2337 3442 2517 3492; x_wconf 86' lang='lat' dir='ltr'>virtu-</span> 
     </span>
     <span class='ocr_line' id='line_1_57' title="bbox 1442 3512 2513 3576; baseline 0.003 -14"><span class='ocrx_word' id='word_1_317' title='bbox 1442 3522 1571 3563; x_wconf 88' lang='lat' dir='ltr'>tem.</span> <span class='ocrx_word' id='word_1_318' title='bbox 1602 3532 1630 3561; x_wconf 83' lang='lat'>»</span> <span class='ocrx_word' id='word_1_319' title='bbox 1654 3513 1856 3563; x_wconf 85' lang='lat' dir='ltr'>Dicunt</span> <span class='ocrx_word' id='word_1_320' title='bbox 1881 3514 1947 3576; x_wconf 87' lang='lat' dir='ltr'>ei,</span> <span class='ocrx_word' id='word_1_321' title='bbox 1974 3512 2138 3565; x_wconf 90' lang='lat' dir='ltr'>fidem</span> <span class='ocrx_word' id='word_1_322' title='bbox 2168 3514 2474 3565; x_wconf 90' lang='lat' dir='ltr'>confitendo</span> <span class='ocrx_word' id='word_1_323' title='bbox 2499 3532 2513 3565; x_wconf 74' lang='grc' dir='ltr'>ε</span> 
     </span>
     <span class='ocr_line' id='line_1_58' title="bbox 1452 3583 2519 3653; baseline 0.005 -20"><span class='ocrx_word' id='word_1_324' title='bbox 1452 3583 1669 3649; x_wconf 83' lang='lat' dir='ltr'>Utique,</span> <span class='ocrx_word' id='word_1_325' title='bbox 1721 3584 1966 3635; x_wconf 86' lang='lat' dir='ltr'>Domine.</span> <span class='ocrx_word' id='word_1_326' title='bbox 2029 3584 2134 3635; x_wconf 91' lang='lat' dir='ltr'>Ubi</span> <span class='ocrx_word' id='word_1_327' title='bbox 2181 3586 2519 3653; x_wconf 71' lang='lat' dir='ltr'>Chrys-osto-</span> 
     </span>
     <span class='ocr_line' id='line_1_59' title="bbox 1443 3654 2517 3707; baseline 0.003 -3"><span class='ocrx_word' id='word_1_328' title='bbox 1443 3669 1559 3704; x_wconf 82' lang='lat' dir='ltr'>mus</span> <span class='ocrx_word' id='word_1_329' title='bbox 1583 3672 1600 3705; x_wconf 92' lang='lat'>.·</span> <span class='ocrx_word' id='word_1_330' title='bbox 1631 3672 1658 3701; x_wconf 78' lang='grc' dir='ltr'>α</span> <span class='ocrx_word' id='word_1_331' title='bbox 1689 3654 1812 3705; x_wconf 90' lang='lat' dir='ltr'>Non</span> <span class='ocrx_word' id='word_1_332' title='bbox 1840 3655 1979 3706; x_wconf 89' lang='lat' dir='ltr'>ultra</span> <span class='ocrx_word' id='word_1_333' title='bbox 2006 3654 2180 3707; x_wconf 89' lang='lat' dir='ltr'>filium</span> <span class='ocrx_word' id='word_1_334' title='bbox 2205 3655 2373 3706; x_wconf 86' lang='lat' dir='ltr'>David</span> <span class='ocrx_word' id='word_1_335' title='bbox 2412 3672 2517 3707; x_wconf 81' lang='lat' dir='ltr'>vo-</span> 
     </span>
     <span class='ocr_line' id='line_1_60' title="bbox 1444 3727 2517 3787; baseline 0.004 -10"><span class='ocrx_word' id='word_1_336' title='bbox 1444 3736 1580 3787; x_wconf 85' lang='lat' dir='ltr'>cant,</span> <span class='ocrx_word' id='word_1_337' title='bbox 1611 3727 1703 3777; x_wconf 85' lang='lat' dir='ltr'>sed</span> <span class='ocrx_word' id='word_1_338' title='bbox 1730 3727 1892 3778; x_wconf 89' lang='lat' dir='ltr'>altius</span> <span class='ocrx_word' id='word_1_339' title='bbox 1912 3728 2289 3786; x_wconf 85' lang='lat' dir='ltr'>extenduntur,</span> <span class='ocrx_word' id='word_1_340' title='bbox 2311 3739 2363 3778; x_wconf 90' lang='lat' dir='ltr'>et</span> <span class='ocrx_word' id='word_1_341' title='bbox 2387 3744 2517 3781; x_wconf 86' lang='lat' dir='ltr'>eum</span> 
     </span>
     <span class='ocr_line' id='line_1_61' title="bbox 1443 3796 2519 3864; baseline 0.001 -16"><span class='ocrx_word' id='word_1_342' title='bbox 1443 3796 1742 3849; x_wconf 92' lang='lat' dir='ltr'>Dominum</span> <span class='ocrx_word' id='word_1_343' title='bbox 1772 3797 2110 3858; x_wconf 78' lang='lat' dir='ltr'>confitentur,</span> <span class='ocrx_word' id='word_1_344' title='bbox 2138 3798 2283 3864; x_wconf 92' lang='lat' dir='ltr'>quod</span> <span class='ocrx_word' id='word_1_345' title='bbox 2319 3808 2399 3851; x_wconf 91' lang='lat' dir='ltr'>est</span> <span class='ocrx_word' id='word_1_346' title='bbox 2425 3815 2519 3849; x_wconf 84' lang='lat' dir='ltr'>no-</span> 
     </span>
    </p>
   </div>
   <div class='ocr_carea' id='block_1_13' title="bbox 1425 3870 2517 3936">
    <p class='ocr_par' dir='ltr' id='par_1_14' title="bbox 1425 3870 2517 3936">
     <span class='ocr_line' id='line_1_62' title="bbox 1425 3870 2517 3936; baseline 0 -15"><span class='ocrx_word' id='word_1_347' title='bbox 1425 3885 1570 3921; x_wconf 86' lang='lat' dir='ltr'>-men</span> <span class='ocrx_word' id='word_1_348' title='bbox 1600 3870 1895 3936; x_wconf 86' lang='lat' dir='ltr'>potcstatis.</span> <span class='ocrx_word' id='word_1_349' title='bbox 1942 3890 1967 3917; x_wconf 69' lang='grc' dir='ltr'><strong><em>κ</em></strong></span> <span class='ocrx_word' id='word_1_350' title='bbox 2012 3871 2182 3933; x_wconf 83' lang='lat' dir='ltr'>Tunc,</span> <span class='ocrx_word' id='word_1_351' title='bbox 2228 3880 2350 3936; x_wconf 87' lang='lat' dir='ltr'>post</span> <span class='ocrx_word' id='word_1_352' title='bbox 2390 3885 2517 3922; x_wconf 87' lang='lat' dir='ltr'>con-</span> 
     </span>
    </p>
   </div>
  </div>
 </body>
</html>
