2757 4413
339 230 444 306 756

330 357 545 421 minum,
589 357 769 407 dentes
806 361 984 408 eorum
1024 371 1179 407 arma
1221 360 1271 406 et
1298 369 1396 405 sa-

329 427 507 492 gittae,
562 435 613 479 et
661 428 850 495 lingua
890 442 1069 478 eorum
1124 426 1394 477 machaera

327 505 506 548 acuta.
538 519 560 544 n
612 500 730 549 Alia
771 498 1005 549 conditio
1041 496 1239 548 diaboli
1270 494 1393 545 tan-

325 570 485 635 gitur,
508 578 626 621 c'um
660 571 907 621 subditur
935 587 947 620 ε
980 570 1058 620 Et
1084 570 1136 620 in
1169 569 1395 618 veritate

328 645 505 711 operis
540 654 590 695 et
622 644 841 710 justitiae
880 658 980 694 non
1009 643 1175 704 stetit,
1216 642 1270 692 id
1310 652 1394 691 est

325 715 379 764 i'n
409 716 586 766 debita
621 715 923 766 obedientia
949 715 1014 764 ad
1042 716 1242 777 Deum;
1265 713 1390 779 quia

326 805 430 840 non
458 796 540 841 est
564 789 764 840 veritas
793 790 845 839 in
876 803 954 839 eo.
992 788 1097 838 Res
1125 787 1274 838 enim
1297 787 1390 835 di-

325 871 521 911 cuntur
566 875 719 920 verte,
769 860 825 909 in
864 869 1128 926 quantum
1173 856 1392 908 confor-

329 941 546 981 mantur
568 929 774 980 veritati
820 930 1024 995 primae,
1054 945 1084 979 a
1111 944 1217 995 qua
1244 928 1390 978 veri-

324 1011 430 1052 tate
460 1000 689 1051 deviavit
716 994 963 1050 diabolhs
994 1016 1087 1066 per
1115 1003 1393 1065 peccatum

325 1072 617 1137 superbiae3
652 1082 708 1123 et
732 1071 968 1121 deseruit
990 1069 1388 1121 ordinationem

319 1153 521 1193 xtaturae
552 1159 679 1203 suae,
710 1157 831 1209 quae
855 1154 967 1193 erat
997 1152 1058 1192 ut
1075 1143 1186 1191 Deo
1214 1141 1390 1206 subji-

319 1221 527 1265 ceretur
548 1213 835 1279 continue3
865 1227 959 1264 nec
982 1213 1130 1263 stetit
1158 1212 1210 1262 in
1243 1211 1389 1261 veri-

319 1286 430 1336 tate
455 1285 600 1336 vocis
627 1294 680 1336 et
707 1285 950 1351 loquelae,
979 1285 1107 1351 quia
1152 1282 1392 1332 mendax

320 1362 418 1422 est,
466 1365 518 1409 et
550 1366 729 1426 pater,
759 1360 810 1408 id
848 1368 930 1408 est
974 1357 1223 1407 inventor
1249 1355 1386 1422 ejus,

318 1429 528 1480 scilicet
556 1430 841 1489 mendacii,
879 1429 1022 1478 sicut
1058 1429 1202 1477 Deus
1240 1435 1389 1492 pater

317 1508 400 1550 est
439 1501 693 1551 veritatiS.
733 1502 874 1550 Ante
910 1500 1087 1566 ipsum
1130 1514 1237 1547 non
1276 1504 1389 1547 erat

317 1572 691 1636 mendacium3
724 1572 790 1621 ab
821 1571 958 1636 ip50,
988 1579 1041 1620 et
1078 1584 1171 1635 per
1206 1569 1385 1635 ipsum

317 1652 398 1693 est
422 1642 638 1703 factum,
667 1652 728 1692 ut
750 1643 819 1692 sit
858 1641 1030 1691 omnis
1057 1641 1210 1691 homo
1240 1654 1388 1690 men-

318 1715 454 1765 dax.
503 1715 595 1763 Ille
643 1713 865 1778 quidem
906 1711 1099 1761 dicitur
1133 1710 1384 1769 mendax,

320 1801 426 1835 non
486 1794 694 1835 tantum
745 1790 904 1849 pater*
950 1782 1235 1845 mendacii,
1289 1782 1383 1847 q'ui

323 1854 662 1904 mendacium
691 1854 758 1902 ab
787 1852 908 1903 aliis
939 1853 995 1902 in
1025 1861 1262 1901 mentem
1295 1866 1385 1902 re-

320 1925 451 1985 fert3
484 1924 574 1973 sed
603 1922 832 1972 mendax
866 1932 946 1972 est
971 1933 1024 1973 et
1053 1931 1201 1988 pater
1224 1937 1385 1971 men-

322 1993 478 2052 dacii,
512 1992 605 2059 qui
652 2008 763 2042 non
806 1993 985 2041 solum
1032 1990 1193 2042 refert
1230 1992 1383 2053 illud,

320 2067 411 2116 sed
440 2075 492 2115 et
515 2065 665 2129 facit;
692 2074 744 2114 et
784 2074 1000 2129 propter
1040 2064 1152 2114 hoec
1195 2064 1386 2115 diabo-

318 2139 404 2189 lus
455 2137 654 2187 dicitur
707 2141 865 2202 pater
924 2135 1201 2198 mendacii,
1259 2136 1387 2203 quia

317 2211 554 2277 primum
598 2206 937 2260 mendacium
977 2208 1268 2273 adinvenit,
1298 2210 1387 2259 di-

317 2287 441 2334 cens
459 2281 673 2332 mulieri
705 2298 719 2332 :
749 2282 1100 2346 Nequaquam
1124 2282 1389 2333 moriemi-

315 2357 389 2408 ni.
435 2357 586 2406 Hanc
634 2370 762 2421 ergo
805 2354 1200 2420 proprietatem,
1250 2355 1387 2406 hanc

315 2426 574 2478 nefariam
603 2425 952 2476 hereditatem
973 2424 1100 2475 filiis
1127 2426 1239 2476 suis
1267 2426 1385 2476 dia-

315 2502 474 2553 bolus
520 2501 826 2567 dereliquit,
871 2509 933 2550 ut
973 2500 1307 2550 mentiantur
1332 2509 1385 2551 et

313 2583 518 2640 patrem
564 2589 724 2624 suum
752 2571 1031 2621 diabolum
1072 2572 1383 2622 mentiendo

312 2655 623 2713 sequantur.
657 2644 797 2695 Cum
836 2642 981 2692 enim
1025 2642 1380 2708 mentiuntur,

312 2732 344 2767 a
382 2717 597 2767 diabolo
634 2714 969 2780 accipiuntur
1002 2721 1054 2763 et
1095 2728 1220 2763 eum
1249 2714 1380 2764 irni-

311 2796 510 2838 tantur.
564 2786 855 2837 Attendant
911 2784 1193 2834 mendaces
1245 2784 1378 2835 illud

311 2860 534 2908 verbum
568 2858 773 2909 Christi
803 2856 1032 2907 dicentis
1059 2872 1072 2905 ε
1103 2856 1234 2922 Ego
1264 2872 1378 2908 sum

313 2929 422 2992 via,
454 2930 652 2979 veritas
685 2936 736 2979 et
764 2930 874 2979 vita
882 2945 903 2991 ;
932 2928 1061 2995 quia
1088 2929 1378 2979 recedendo

315 3015 345 3050 a
389 3000 625 3060 veritate,
677 3000 930 3051 recedunt
965 3015 996 3050 a
1033 3000 1119 3050 via
1158 3009 1211 3050 et
1251 3000 1373 3051 vita.

315 3068 466 3119 Tales
508 3085 650 3135 erg0,
691 3079 947 3134 tanquam
987 3069 1275 3135 illegitimi,
1303 3072 1376 3121 'in

313 3138 573 3205 religione
628 3139 936 3190 Christiana
993 3135 1187 3190 merito
1252 3153 1377 3193 sunt

313 3212 580 3277 habendi3
629 3212 757 3279 quia
801 3227 830 3262 a
876 3214 987 3264 Deo
1032 3214 1184 3265 Pa't're‘
1214 3216 1374 3282 dege-

311 3289 554 3334 nerantes
592 3282 712 3332 facti
759 3293 883 3333 sunt
927 3283 1025 3333 filii
1066 3284 1285 3337 diaboli.
1325 3288 1372 3338 O

312 3370 473 3421 quam
524 3353 681 3404 multi
737 3357 874 3403 sunt'
914 3354 1224 3420 hujusmodi
1274 3357 1374 3408 filii

311 3425 531 3486 diaboli,
588 3424 748 3475 etiam
803 3424 1060 3490 religiosi,
1108 3436 1161 3477 et
1207 3443 1372 3494 quam

311 3500 503 3564 plenus
531 3507 611 3548 est
642 3498 708 3547 de
752 3496 831 3546 eis
859 3498 1130 3550 mundus!
1167 3500 1232 3550 Et
1260 3502 1372 3551 uti-

311 3583 437 3618 nam
481 3582 671 3618 omnes
713 3568 843 3617 tales
890 3567 1240 3620 characterem
1272 3587 1374 3636 pax

310 3641 409 3691 tris
435 3641 519 3691 sui
551 3638 748 3692 diaboli
789 3640 847 3691 in
887 3639 1063 3691 fronte
1108 3647 1376 3707 gestarent

311 3723 370 3764 nt
414 3718 871 3779 cognoscerentur,
905 3730 971 3764 ne
1005 3713 1094 3764 alii
1145 3729 1238 3780 per
1278 3727 1371 3766 eo⁴⁴

311 3801 433 3835 rum
479 3787 753 3838 mendacia
795 3787 1198 3853 deciperentur!
1247 3791 1367 3850 Sed,

313 3855 456 3906 heu!
508 3858 675 3925 aliqui
722 3860 923 3911 habent
969 3860 1198 3912 frontem
1250 3876 1369 3911 me-

907 234 1144 289 PRIMAE
1177 233 1430 287 PARTIS
1462 230 1699 288 CAPUT
1731 226 2006 289 Lxxmv.

1504 353 1740 413 retricis',
1787 364 1841 405 et
1890 362 2079 420 p'arum
2129 355 2449 407 erubescunt
2503 357 2576 410 de

1502 425 1809 476 mendaciis.
1849 426 2050 492 thuid
2081 436 2276 477 terram
2305 439 2579 494 occupant

1500 496 1630 545 tales
1673 496 1908 562 pestiferi
1960 498 2284 561 seductores»,
2330 509 2585 552 errantes-

1499 575 1552 616 et
1580 565 1634 615 in
1671 581 1906 618 errorem
1950 569 2243 629 mittentes,
2274 585 2331 620 ac
2364 572 2441 620 sic
2472 586 2586 638 pa·-

1497 647 1632 687 trem
1672 655 1852 701 suum,
1887 640 1989 706 qui»
2027 641 2336 692 universum
2377 645 2575 696 orbem

1498 711 1721 771 seducit,
1750 712 2053 763 imitantes?
2084 714 2311 765 Mendax
2340 731 2490 782 ergo,
2513 718 2572 767 in

1495 781 1763 847 loquendo
1833 794 1886 834 et
1953 785 2233 835 mendacia
2282 784 2576 852 fingendo,

1496 854 1876 919 proprietatem
1917 856 2117 906 diaboli
2151 859 2381 908 assumit
2427 861 2595 911 male·

1494 925 1742 976 vivendo.
1799 927 1957 977 Unde
2004 926 2134 976 dicit
2190 930 2573 995 Aug-ustinus,

1496 996 1641 1060 quod
1674 997 1922 1048 diabolus
1953 1013 2061 1047 non
2091 998 2318 1063 speciale
2362 1016 2574 1052 nomen-

1496 1077 1592 1127 est,
1624 1068 1714 1117 sed
1758 1080 2076 1127 commune;
2110 1080 2164 1120 et
2211 1070 2268 1120 in
2309 1087 2583 1137 quocun-u·

1495 1154 1601 1204 que
1637 1150 1803 1204 opera·
1842 1140 2039 1191 diaboli
2081 1140 2282 1192 fuerint
2327 1143 2572 1207 inventa,

1493 1209 1742 1260 diabolus
1798 1221 1876 1262 est
1947 1212 2327 1277 appellanduS‚
2383 1217 2585 1281 operi-u·

1492 1282 1639 1331 enim
1679 1300 1876 1334 nomen
1911 1296 2008 1345 est,
2038 1300 2149 1335 non
2184 1296 2404 1338 naturae.
2436 1290 2575 1340 Eru-⁴

1495 1353 1645 1402 besce
1668 1368 1813 1420 ergo,
1837 1371 1871 1405 o
1898 1355 2226 1415 Christiane,
2248 1367 2301 1407 et
2328 1358 2574 1410 max-ime

1492 1433 1550 1473 tu
1578 1425 1842 1491 religiose,
1875 1426 1941 1476 de
1971 1426 2072 1476 hoc
2119 1427 2372 1493 nomine3
2403 1438 2469 1479 et-
2500 1431 2581 1481 ab·

1491 1496 1638 1545 omni
1696 1498 1974 1547 mendacio
2033 1498 2273 1561 abstine,
2326 1500 2460 1566 quia
2514 1502 2581 1551 in-

1491 1568 1732 1633 quolibet
1760 1570 2069 1620 Christiano
2111 1571 2269 1620 debet
2308 1586 2425 1623 esse
2465 1589 2571 1625 ve·-

1490 1637 1620 1688 ritas
1660 1649 1819 1700 tanta,
1845 1649 1906 1690 ut
1933 1641 2070 1691 inter
2106 1640 2473 1705 juramentum
2518 1654 2572 1695 et

1489 1708 1791 1775 simplicem
1840 1709 2263 1760 affirmationem·
2301 1712 2452 1763 nulla
2494 1713 2571 1765 sit

1489 1780 1806 1833 differentia.

1553 1851 1586 1902 6
1655 1855 1859 1904 Srcuun
1915 1868 1982 1904 tx
2039 1871 2145 1913 Quo
2196 1864 2583 1908 cosnosci-rmi-

1491 1938 1585 1981 Qut
1625 1939 1691 1973 Ex
1740 1925 1856 1974 Dso
1896 1941 2010 1985 sssr,
2054 1942 2155 1976 vm.
2206 1943 2331 1979 nou.
2378 1948 2449 1966 ·-·
2491 1929 2581 1980 Et·

1491 1995 1619 2060 quia
1666 1997 1841 2046 solent
1886 1997 2219 2062 innocentes,
2267 2009 2567 2067 antequam

1491 2067 1716 2117 subeant
1760 2067 2017 2132 judicium
2060 2069 2346 2133 passioniS,
2394 2086 2566 2137 expe-

1488 2147 1598 2187 tere
1635 2137 1897 2201 judicium
1944 2139 2387 2205 examinationis3
2437 2136 2571 2194 ideo

1491 2210 1758 2260 Dominus
1797 2219 1981 2260 noster
2028 2210 2204 2260 sciens
2246 2210 2460 2262 Judaeos
2507 2214 2568 2264 in

1452 2291 1719 2340 ,mortem
1777 2298 1930 2333 suam
1991 2282 2349 2348 conspirasse,
2412 2285 2569 2350 judi*

1489 2354 1633 2405 cium
1672 2356 2084 2406 examinationis
2112 2356 2178 2405 ab
2206 2356 2287 2407 eie
2317 2360 2575 2424 expetiit,-

1489 2426 1553 2474 ad
1583 2426 1967 2475 ostendendam
1994 2440 2148 2475 suam
2190 2425 2569 2480 innocentiam·

1489 2509 1541 2549 et
1570 2499 1876 2549 Judaeorum
1905 2498 2189 2559 malitiam,
2228 2509 2281 2550 et
2325 2502 2393 2550 ad
2420 2517 2574 2553 con-f

1486 2570 1801 2621 vincendam
1833 2570 2068 2636 apertius
2096 2586 2284 2621 eorum
2325 2572 2564 2636 judicia-

1488 2641 1622 2692 riam
1683 2641 2018 2706 injustitiam.
2081 2641 2345 2701 Quamvis
2408 2643 2565 2696 enim

1488 2712 1628 2762 ultro
1661 2721 1891 2762 mortem
1920 2712 2027 2777 pati
2059 2713 2308 2776 voluerit,
2338 2713 2453 2779 ipse
2490 2726 2572 2766 ta·-

1486 2798 1611 2833 men
1667 2782 1916 2834 Christus
1979 2798 2134 2833 suam
2193 2783 2562 2836 innocentiam

1485 2853 1743 2903 omnibus
1795 2853 2135 2903 manifestam
2195 2868 2311 2905 esse
2362 2855 2563 2908 voluit.

1485 2925 1638 2975 Unde
1679 2923 1809 2974 dicit
1839 2940 1853 2974 :
1887 2923 2022 2983 Quis
2051 2938 2126 2974 ex
2165 2924 2331 2986 vobiS,
2370 2940 2559 2975 coram

1444 2996 1684 3061 'quibus
1738 2996 1912 3061 palam
1976 2993 2133 3044 docui
2187 3004 2241 3044 et
2292 2993 2562 3048 miracula

1481 3068 1600 3128 feci,
1627 3072 1825 3132 arguet
1850 3076 1903 3117 et
1949 3066 2337 3131 reprehendere
2373 3077 2565 3136 potest

1441 3147 1447 3188 ,ὲ
1482 3155 1564 3191 me
1594 3140 1661 3190 de
1674 3138 1946 3207 peccato?
1977 3138 2144 3198 Quasi
2168 3138 2369 3189 diceret*
2394 3155 2408 3188 ε
2436 3140 2563 3192 Vos

1440 3237 1445 3270 :
1479 3214 1643 3265 vultis
1672 3228 1759 3263 me
1781 3212 2095 3274 interficere,
2125 3212 2395 3262 ostendite
2419 3228 2556 3278 pec*

1440 3287 1443 3298 ²
1480 3299 1656 3339 catum
1676 3302 1785 3354 quo
1805 3285 2094 3337 meruerim
2117 3294 2346 3335 mortem
2363 3302 2379 3350 3
2398 3288 2557 3351 quod

1480 3360 1526 3409 si
1566 3374 1674 3410 non
1713 3356 1989 3423 poteritiS‚
2032 3353 2378 3405 manifestum
2424 3355 2564 3419 erit,-

1481 3432 1626 3499 quod
1668 3445 1755 3481 me
1799 3430 2108 3480 innocenter
2142 3426 2403 3478 occiditis.
2442 3428 2553 3478 Se-

1480 3506 1717 3556 cundum
1754 3502 2099 3569 Gregorium,
2153 3500 2427 3566 pensanda
2461 3510 2556 3553 est

1480 3575 1833 3627 mansuetudo
1876 3573 1976 3623 Dei
2015 3571 2109 3638 qui
2156 3580 2371 3621 venerat
2418 3585 2555 3637 pes-s·

1479 3658 1595 3699 cata
1625 3648 1874 3706 relaxare,
1909 3644 2041 3710 quia
2072 3656 2181 3693 non
2225 3641 2552 3709 dedignatur

1479 3735 1543 3771 ex
1585 3718 1789 3770 ratione
1814 3715 2090 3767 ostendere
2129 3727 2187 3763 se
2214 3722 2546 3777 peecatorem

1481 3807 1587 3841 non
1625 3801 1760 3849 esse,
1798 3786 1893 3853 qui
1932 3785 2093 3836 etiam
2125 3798 2189 3832 ex
2222 3781 2421 3833 virtute
2454 3781 2547 3832 di-

1476 3858 1718 3912 vinitatis
1752 3866 1956 3925 poterat
1995 3861 2299 3921 peccatores
2339 3850 2548 3917 justifi-
