2757 4413
455 254 550 303 DE
576 251 1028 306 REFECTIONE
1065 252 1416 313 QUATUOR
1445 254 1744 307 MILLIUM
1777 256 2137 309 HOMINUM.

154 370 252 423 illi
284 378 574 438 propterea
602 367 900 428 hordeacei,
925 366 1012 417 isti
1046 367 1241 419 triticei

160 452 346 503 erant,
377 442 508 507 quia
551 440 867 500 deliciosior,
906 440 1160 505 sapidior,
1191 450 1243 491 et

159 512 516 564 manifestior
542 521 623 563 est
658 510 897 564 doctrina
945 510 1083 561 Novi
1130 512 1241 563 Te-

166 582 435 635 stamenti
499 598 661 649 quam
725 580 951 632 VeteriS.
1011 581 1092 631 Ibi
1148 595 1242 645 per

148 658 311 708 duos
341 655 535 722 pisces,
566 656 683 706 duae
721 668 964 721 personae
993 668 1114 721 quae
1141 669 1243 721 po-

161 729 366 795 pulum
402 727 703 793 pascebant,
731 726 1125 793 intelliguntur,
1142 726 1246 778 sci-

161 801 300 854 licet
339 816 437 850 rex
475 810 529 850 et
568 800 809 850 sacerdos
832 800 929 866 qui
959 800 1242 866 ungeban-

163 882 258 924 tur
279 888 298 935 ;
356 871 451 924 hic
518 887 612 937 per
664 886 879 937 -paucos
953 869 1244 936 pisciculos

163 942 559 1009 intelliguntur
583 940 764 992 Sancti
793 940 1048 992 fluctibus
1078 929 1242 993 seculi

162 1016 340 1075 tunsi,
374 1013 471 1079 qui
515 1014 582 1064 de
624 1013 948 1066 turbulentis
993 1013 1245 1065 fluctibus

165 1085 360 1151 erepti,
386 1084 733 1134 refectionem
777 1084 936 1133 nobis
973 1084 1242 1133 internam

163 1159 422 1225 exemplo
444 1173 556 1209 suae
575 1156 719 1217 vitae,
749 1172 809 1210 ac
834 1171 1025 1222 sopore
1054 1156 1246 1210 mortis

162 1249 225 1286 ac
246 1231 528 1298 patientiae
549 1231 803 1297 praebent,
835 1230 1245 1296 doctrinamque

167 1305 312 1356 Novi
364 1303 695 1354 Testamenti
750 1313 1002 1368 tanquam
1053 1317 1244 1367 panem

165 1379 472 1439 condiunt3
518 1392 753 1442 quorum
807 1375 924 1440 ipsa
974 1374 1247 1441 Scriptura

164 1450 366 1511 fidem,
394 1450 579 1513 vitam,
606 1459 658 1500 et
678 1447 956 1513 passiones
978 1448 1244 1506 continet,

165 1522 268 1588 qui
299 1521 553 1570 dicuntur
577 1519 842 1585 pisciculi,
891 1528 1110 1584 propter
1153 1517 1250 1566 hu-

166 1591 496 1654 militatem3
522 1590 616 1640 sed
649 1589 822 1655 pauci,
858 1598 1078 1654 propter
1122 1602 1249 1653 per-

171 1662 486 1725 fectionem,
530 1660 660 1726 quia
691 1677 704 1709 ι
747 1660 1047 1726 Stultorum
1082 1658 1254 1724 infini-

160 1741 261 1787 tus
310 1739 393 1787 est
438 1745 704 1792 numeram,
755 1740 808 1781 et
855 1747 868 1780 :
916 1726 1089 1781 Multi
1127 1739 1254 1783 sunt

174 1806 373 1869 vocati,
399 1804 570 1871 pauci
598 1818 723 1854 vero
752 1802 927 1855 electi.
980 1802 1056 1853 Ibi
1091 1817 1253 1869 super

172 1879 382 1937 fenum,
416 1876 508 1928 sed
547 1876 637 1927 hic
685 1891 792 1928 non
836 1876 942 1941 jam
974 1890 1137 1941 super
1183 1873 1253 1924 fe-

174 1959 328 2011 num,
367 1951 461 2003 sed
490 1964 652 2014 super
699 1959 895 2001 terram
920 1947 1248 2010 discumbit3

169 2024 238 2077 ad
263 2021 658 2075 ostendendum
682 2020 828 2086 quod
856 2019 913 2070 in
940 2018 1120 2070 Veteri
1150 2019 1254 2070 Le·-

172 2112 239 2163 ge
272 2107 486 2147 terrena
526 2092 997 2159 promittebantur,
1040 2091 1134 2141 sed
1192 2090 1251 2140 in

175 2170 325 2222 Nova
346 2169 488 2234 Lege
510 2166 603 2218 illa
629 2164 897 2217 contemni
928 2175 980 2217 et
1007 2164 1253 2230 subjuga-

172 2240 217 2292 ri
240 2241 515 2298 docentur,
547 2237 676 2304 quia
701 2236 942 2288 convivae
974 2236 1111 2286 Novi
1141 2236 1252 2287 Te·-

174 2309 450 2367 stamenti,
506 2307 722 2360 divitias
779 2316 832 2358 et
900 2306 1136 2366 deliciaS,
1193 2320 1253 2355 ac

180 2381 343 2432 etiam
382 2379 556 2444 ipsam
613 2392 844 2435 carnem,
889 2392 1009 2442 quae
1064 2375 1252 2428 fenum

178 2461 273 2513 est,
317 2452 518 2503 calcare
554 2458 606 2499 et
686 2447 992 2514 relinquere
1059 2447 1253 2512 juben-

178 2537 293 2589 tur;
350 2539 493 2590 quos
550 2522 700 2574 omni
756 2521 1046 2587 cupiditate
1095 2530 1252 2572 aeter-

180 2597 283 2648 nali
295 2606 524 2654 remota,
540 2593 658 2659 >spei
682 2592 1048 2659 permanentis
1077 2592 1253 2644 firma-

178 2679 452 2727 mentum,
476 2676 738 2731 tanquam
780 2676 934 2717 terrae
976 2663 1248 2724 sterilitas,

183 2741 332 2792 nullo
365 2738 492 2788 feno
521 2736 859 2802 interpositO,
882 2736 1138 2788 continet.
1172 2735 1249 2785 Ibi

181 2811 399 2864 fue-runt
435 2807 682 2874 quinque
731 2806 905 2857 millia
939 2806 1249 2866 hominum,

176 2885 325 2949 juxta
372 2895 665 2932 numerum
694 2893 942 2945 panum,
1002 2887 1055 2929 et
1107 2878 1252 2940 juxta

183 2970 471 3008 numerum
499 2952 740 3018 quinque
761 2966 1018 3002 sensuum
1051 2948 1252 3014 quibus

181 3025 547 3088 inhaerebant3
609 3023 697 3073 hic
760 3031 992 3087 quatuor
1044 3019 1249 3079 millia,

181 3099 274 3166 qui
316 3094 627 3163 significant
666 3093 1003 3160 spirituales,
1034 3101 1252 3158 propter

180 3179 413 3237 quatuor
484 3165 899 3230 Evangeliorum
968 3161 1252 3230 perfectio·-

181 3257 323 3299 nem,
369 3239 454 3290 vel
491 3248 707 3304 propter
744 3247 977 3303 quatuor
1003 3234 1252 3286 cardina-

179 3312 314 3363 lium
350 3309 634 3365 virtutum,
677 3307 878 3372 quibus
896 3306 964 3357 in
1006 3305 1107 3357 hac
1143 3303 1252 3356 vita

170 3378 530 3448 ,spirimaliter
546 3376 772 3436 vivitur,
794 3375 1247 3428 exercitationem.

184 3453 279 3504 Per
299 3458 533 3516 quatuor
552 3447 721 3499 etiam
745 3446 917 3498 millia
937 3444 1246 3504 hominum,
1292 3456 1293 3459 ’

180 3523 274 3590 qui
309 3519 599 3573 Christum
641 3526 769 3570 sunt
800 3515 1004 3577 secuti„
1044 3514 1251 3581 signifi-

178 3605 329 3649 catur
354 3590 648 3645 multitudo
670 3588 1002 3641 credentium
1017 3587 1079 3640 in
1099 3587 1252 3640 Chri-

182 3677 345 3726 stum,
387 3663 454 3715 de
480 3670 710 3728 quatuor
754 3659 948 3714 mundi
986 3657 1245 3724 partibus.

182 3739 343 3792 Erant
384 3742 566 3785 autem
606 3740 688 3785 tot
704 3770 718 3793 ,
745 3729 983 3796 ,exceptis
1011 3730 1248 3796 parvulis
1289 3754 1293 3779 ι

173 3818 235 3861 et
256 3805 604 3864 mulieribus,
629 3803 724 3869 qui
742 3819 865 3856 non
895 3810 1248 3855 numerantur
1287 3837 1290 3840 -

178 3883 242 3935 in
272 3882 456 3947 Lege,
506 3875 783 3930 nemi-nem
823 3875 970 3929 enim
1006 3873 1249 3927 dimittit

2310 259 2417 329 809

1351 369 1606 421 Christus
1646 370 1904 435 jejunum,
1944 372 2039 423 sed
2081 387 2273 424 omnes
2314 374 2433 433 vult

1349 457 1447 493 sua
1510 443 1680 509 gratia
1728 453 1979 495 saturare.
2027 445 2104 496 Ibi
2168 446 2431 512 cophinos

1350 514 1585 580 aequales
1632 514 1913 581 discipulis
1961 515 2112 580 fecit,
2175 527 2236 567 ut
2291 518 2432 570 sicut

1352 585 1638 636 duodecim
1685 597 1837 638 erant
1891 588 2093 640 Christi
2145 590 2425 655 Apostoli,

1352 656 1431 706 sic
1483 656 1771 707 duodecim
1829 656 2261 724 fragmentorum
2331 678 2428 714 co-

1354 726 1540 792 phini;
1580 726 1672 777 hic
1707 743 1834 778 vero
1872 730 2135 795 panibus,
2185 741 2245 781 ut
2288 731 2428 784 sicut

1351 798 1565 850 fuerant
1608 810 1814 865 septem
1856 818 2040 868 panes,
2092 803 2169 853 sic
2219 813 2425 869 septem

1351 879 1564 935 sportae.
1599 871 1760 934 Quod
1798 882 1998 934 autem,
2024 873 2198 926 turbis
2225 884 2423 927 satura-

1349 943 1439 1003 tis,
1463 944 1707 1008 Apostoli
1738 944 2037 1010 fragmenta
2066 948 2341 1013 colligunt,
2371 959 2425 1004 et

1350 1023 1558 1079 septem
1600 1023 1808 1080 sportas
1837 1016 2088 1082 implent3
2135 1018 2329 1084 triplici
2358 1020 2426 1070 de

1350 1100 1510 1137 causa
1557 1084 1755 1137 factum
1800 1097 1901 1139 est.
1955 1088 2154 1148 Prim0‚
2212 1100 2426 1156 propter

1352 1156 1692 1223 mysterium,
1734 1157 1863 1223 quia
1896 1169 2024 1209 sunt
2069 1160 2258 1214 altiora
2300 1177 2427 1227 per-

1350 1228 1598 1280 fectionis
1644 1239 1903 1295 praecepta
1930 1239 1982 1280 et
2027 1232 2278 1294 consilia,
2305 1248 2428 1299 quae

1353 1300 1660 1354 communis
1687 1301 1845 1353 turba
1874 1302 2063 1367 nequit
2092 1305 2353 1356 servando
2377 1313 2431 1356 et

1355 1374 1631 1439 implendo
1673 1373 1959 1440 attingere,
2003 1390 2236 1441 quorum
2272 1387 2431 1428 exse-

1356 1445 1500 1496 cutio
1533 1445 1751 1511 respicit
1780 1445 1925 1498 viros
1964 1446 2269 1511 spirituales
2298 1462 2429 1512 pro-

1357 1515 1495 1581 prie3
1537 1527 1590 1566 et
1616 1516 1736 1570 ideo
1765 1512 2008 1581 Apostoli
2050 1517 2343 1570 sustollunt
2377 1528 2430 1570 et

1358 1590 1586 1655 implent
1612 1599 1818 1655 septem
1857 1600 2094 1655 sportas,
2133 1591 2187 1643 id
2212 1600 2293 1641 est
2319 1606 2433 1656 per-

1355 1660 1522 1713 fectos
1585 1658 1919 1725 septiformis
1970 1661 2204 1727 Spiritus
2263 1661 2433 1727 gratia

1358 1730 1673 1789 illustratos,
1697 1733 1763 1790 {et
1799 1740 1979 1783 tamen
2014 1731 2170 1782 turba
2203 1740 2433 1784 saturata

1359 1816 1476 1854 esse
1522 1810 1881 1861 memoratur,
1928 1802 2057 1868 quia
2084 1802 2183 1854 etsi
2229 1817 2326 1852 sua
2353 1816 2432 1854 re-

1358 1875 1605 1942 linquere
1632 1887 1932 1943 nequeunt,
1956 1888 2137 1928 tamen
2160 1877 2431 1929 audiendo

1359 1949 1611 2000 mandata
1632 1951 1699 2000 ad
1718 1950 1882 2001 vitam
1907 1950 2292 2015 sempiternam
2317 1964 2435 2015 pro-

1357 2021 1565 2072 ficiunt.
1599 2052 1660 2063 --
1700 2024 1965 2084 Secunde,
2009 2034 2225 2090 propter
2261 2038 2435 2077 exem-

1359 2095 1530 2160 plum,
1568 2104 1629 2145 ut
1662 2110 1724 2145 ea
1772 2110 1893 2159 quae
1936 2096 2096 2146 nobis
2125 2104 2431 2161 supersunt,

1356 2165 1441 2215 vel
1497 2176 1619 2231 quae
1674 2164 1958 2230 jejunando
2002 2165 2161 2216 nobis
2215 2166 2435 2217 subtra-

1360 2238 1580 2297 himus,
1639 2239 1969 2303 pauperibus
2016 2254 2319 2304 erogemus».
2370 2267 2434 2283 -·-

1359 2309 1564 2368 Terti0,
1596 2320 1815 2375 propter
1841 2310 2247 2368 documentum,
2277 2319 2340 2359 ut
2368 2325 2434 2361 ex

1358 2379 1463 2431 hoc
1487 2379 1836 2441 instruamur,
1864 2381 2009 2445 quod
2051 2379 2159 2429 illis
2182 2378 2275 2445 qui
2305 2389 2434 2430 sunt

1361 2451 1687 2516 pauperibus
1717 2451 2109 2511 misericordes,
2142 2451 2283 2499 bona
2304 2459 2435 2500 tem·

1360 2522 1563 2587 poralia
1592 2522 2038 2587 multiplicentur.
2083 2521 2235 2572 Unde
2274 2521 2433 2579 datur

1360 2592 1605 2658 intelligi,
1648 2594 1792 2659 quod
1829 2607 2089 2658 pauperes
2134 2591 2307 2656 magis
2346 2606 2434 2656 pa-

1358 2673 1520 2714 scunt
1545 2663 2014 2728 eleemosynarioS,
2045 2677 2208 2728 quam
2249 2677 2279 2711 e
2302 2677 2432 2715 con-

1357 2750 1530 2798 verso,
1574 2735 1655 2784 vel
1703 2733 2008 2799 ,spiritualia
2042 2735 2183 2785 bona
2210 2732 2287 2782 eis
2328 2733 2431 2784 im-

1355 2807 1613 2871 petrando
1643 2844 1657 2864 ,
1739 2806 1822 2855 vel
1900 2805 2043 2857 bona
2118 2803 2433 2869 temporalia

1359 2877 1788 2944 multiplicando,
1827 2875 2086 2936 Quamvis
2125 2886 2326 2936 autem,
2368 2883 2431 2926 ut

1355 2949 1538 3001 visum
1573 2960 1676 3010 est,
1702 2950 1817 3000 haec
1844 2948 2061 3000 refectio
2093 2965 2124 2999 a
2160 2947 2430 3015 superiori

1358 3021 1416 3071 in
1451 3022 1699 3087 pluribus
1750 3021 1926 3081 distet,
1977 3029 2160 3073 tamen
2202 3031 2431 3086 utraque

1352 3091 1418 3143 ‚in
1445 3101 1629 3143 monte
1649 3091 1913 3142 celebrata
1940 3100 2049 3155 est3
2073 3091 2199 3157 quia
2225 3089 2431 3141 utrius-

1358 3178 1466 3228 que
1539 3161 1870 3214 Testamenti
1938 3162 2217 3229 Scriptura
2292 3168 2431 3210 recte

1361 3233 1641 3293 intellecta,
1689 3232 2034 3285 altitudinem
2086 3230 2245 3283 nobis
2287 3230 2439 3282 coele-

1358 3308 1524 3358 stium
1562 3316 1952 3373 praeceptorum
1993 3314 2046 3357 et
2082 3302 2433 3369 praemiorum

1357 3377 1528 3437 docet,
1579 3386 1634 3428 et
1684 3377 2025 3429 altitudinem
2073 3372 2299 3436 Christi,
2333 3372 2431 3441 qui

1356 3456 1439 3499 est
1467 3461 1627 3499 mons
1659 3446 1717 3497 in
1740 3447 1942 3500 vertice
1973 3444 2266 3504 montium,
2298 3458 2435 3496 con·-

1317 3536 1323 3545 ·
1354 3533 1491 3571 sona
1517 3532 1644 3570 voce
1672 3518 1939 3584 praedicat.

1420 3587 1453 3641 8
1498 3589 1749 3639 neumas
1816 3601 2148 3641 umacunosu
2197 3597 2433 3636 narsen

1354 3675 1578 3714 stanam·
1625 3675 1721 3711 nos
1763 3673 1953 3718 omaus
1993 3671 2190 3707 saum
2237 3671 2433 3708 narea-

1355 3745 1536 3784 rrrua.
1574 3759 1635 3771 -
1672 3729 1962 3783 Considera
1990 3742 2132 3777 nunc
2176 3725 2267 3778 hic
2294 3740 2435 3793 quos

1354 3804 1626 3858 Dominus
1659 3816 1882 3869 ¹pascere
1921 3800 2187 3865 dignatur,
2238 3808 2291 3851 et
2318 3798 2438 3865 qui·

1355 3875 1457 3927 bus
1493 3873 1679 3940 gratiae
1726 3886 1837 3926 suae
1873 3870 2202 3924 ,alimentum
2247 3868 2426 3935 impar
