2757 4413
333 301 439 366 ⁵04

325 419 685 485 erogationis3
754 420 1050 469 secundum
1133 417 1395 469 Glossam

323 491 490 553 enim,
523 491 740 541 minimi
766 502 910 551 sunt,
942 491 1037 557 qui
1065 490 1203 540 nihil
1234 490 1397 556 peni—-

323 573 415 614 tus
462 578 527 613 ex
554 564 659 613 hoc
695 565 902 614 mundo
930 564 1152 624 habent,
1192 574 1244 614 et
1271 563 1396 612 ideo

323 635 525 702 iudices
561 651 685 685 cum
721 635 940 687 Christo
980 644 1156 686 erunt.
1186 634 1396 686 Ultimo

324 714 505 756 autem
531 705 773 772 loquitur
803 708 869 757 de
894 707 1197 773 receptione
1223 706 1396 756 disci-

325 776 599 842 pulorum,
627 777 757 842 quia
793 777 898 827 hoc
926 776 1287 843 principaliter
1305 775 1396 826 in-

323 846 613 897 tendebant
632 885 648 907 ,
723 846 878 913 quasi
945 862 1010 896 ex
1064 845 1357 912 praemissis
1377 885 1395 906 ,

325 916 640 967 concludere
684 917 761 967 sic
788 934 804 967 ε
839 917 1007 983 maior
1035 927 1114 968 est
1162 917 1397 967 imitatio

323 986 578 1053 discipuli
604 989 669 1037 ad
702 988 1040 1054 magistrum,
1075 1002 1239 1054 quam
1270 988 1395 1037 Pro·

322 1056 497 1123 phetae
537 1060 621 1108 vel
663 1059 815 1124 justi;
846 1059 939 1109 sed
988 1059 1211 1109 illorum
1246 1074 1396 1109 rece-

322 1128 439 1194 ptio
475 1131 909 1181 remunerabitur
933 1146 965 1181 a
999 1131 1239 1190 Christe,
1267 1146 1395 1196 ergo

322 1198 497 1249 multo
564 1201 690 1266 plus
750 1201 1141 1267 discipulorum
1187 1199 1394 1251 Christi

320 1274 573 1339 receptio·
605 1276 798 1341 Magno
838 1291 966 1341 ergo
1018 1275 1209 1325 affectu
1257 1270 1397 1324 reci-

319 1344 505 1411 piendi
532 1359 659 1398 sunt
687 1348 937 1414 discipuli
971 1358 1187 1414 propter
1228 1347 1396 1397 Chri-

320 1426 486 1478 stum,
540 1419 634 1485 qui
686 1428 796 1469 tam
854 1420 1086 1469 minima
1140 1419 1397 1469 beneficia

320 1505 434 1541 non
480 1503 697 1542 evacuat
744 1508 779 1543 a
832 1493 1093 1543 mercede.
1131 1491 1213 1542 Ea
1244 1491 1394 1541 enim

319 1575 443 1627 quae
467 1561 608 1613 fiunt
639 1563 842 1614 Christi
883 1563 1157 1624 fidelibus,
1185 1573 1398 1628 reputat

319 1631 425 1682 sibi
469 1631 586 1683 fieri
630 1634 910 1696 Christus3
943 1643 997 1684 et
1045 1635 1147 1684 hoc
1183 1646 1293 1684 tam
1335 1634 1394 1683 in

318 1703 476 1755 factis
503 1705 678 1764 maliS,
723 1706 862 1755 sicut
891 1705 965 1755 ibi
999 1722 1016 1755 t
1044 1706 1229 1767 Saule,
1263 1705 1400 1771 quid

319 1790 403 1826 me
418 1777 809 1842 persequeris?
828 1778 882 1828 id
911 1786 991 1827 est
1019 1776 1203 1828 fideles
1221 1793 1393 1841 meos,

321 1860 488 1912 quam
538 1848 702 1897 etiarn
743 1849 800 1898 in
835 1848 1015 1908 bonis,
1062 1848 1205 1899 sicut
1250 1859 1396 1914 patet

320 1915 413 1966 hic
443 1932 509 1967 ex
537 1918 848 1982 praemissis,
877 1918 1006 1985 quia
1042 1919 1173 1969 dicit
1201 1935 1258 1969 se
1277 1935 1400 1970 esse

320 1999 594 2054 receptum
634 1989 694 2040 in
740 1989 1020 2055 discipulis
1072 1990 1206 2040 suis.
1245 1991 1399 2040 Unde

321 2060 648 2115 Benedictus
673 2063 730 2112 in
758 2064 943 2129 regula
973 2079 1037 2113 ια
1059 2063 1266 2115 Omnes
1298 2079 1399 2114 su-

322 2133 695 2198 pervenientes
789 2136 1034 2202 hospites
1141 2146 1397 2202 tanquam

322 2203 575 2257 Christus
613 2206 994 2274 suscipiantur,
1020 2206 1150 2274 quia
1183 2208 1299 2274 ipse
1322 2208 1402 2258 di-

322 2285 510 2328 cturus
538 2289 621 2329 est
652 2296 667 2329 ε
695 2280 914 2347 Hospes
943 2295 1093 2331 eram
1129 2287 1181 2332 et
1209 2295 1399 2332 susce-

311 2348 480 2415 pistis
554 2366 654 2402 me.
724 2351 999 2403 Omnibus
1056 2353 1402 2404 venientibus

321 2419 435 2471 sive
483 2422 886 2475 discedentibus
932 2424 1261 2491 hospitibuS,
1307 2425 1398 2474 in-

320 2492 518 2544 clinato
546 2496 738 2561 capite,
782 2497 1035 2548 Christus
1064 2498 1119 2547 in
1154 2498 1232 2548 eis
1260 2499 1399 2547 ado-

320 2571 491 2624 retur,
524 2567 619 2631 qui
647 2575 700 2616 et
739 2567 1049 2633 suscipitur.
1095 2569 1399 2633 Pauperum

322 2645 377 2685 et
404 2637 807 2701 peregrinorum
855 2637 1090 2688 maxime
1130 2638 1400 2703 susceptio

322 2705 476 2756 omni
501 2722 626 2757 cura
652 2708 881 2757 sollicite
905 2707 1239 2766 exhibeatur,
1269 2709 1400 2773 quia

322 2778 382 2829 in
414 2779 548 2845 ipsis
590 2780 763 2846 magis
803 2781 1055 2831 Christus
1077 2780 1398 2847 suscipitur.

322 2850 673 2900 Infirmorum
704 2866 831 2902 cura
872 2861 992 2901 ante
1020 2851 1204 2902 omnia
1235 2862 1287 2902 et
1313 2868 1399 2902 su·

322 2936 421 2988 per
462 2922 648 2972 omnia
691 2923 998 2972 adhibenda
1024 2932 1124 2983 est,
1152 2934 1214 2973 ut
1257 2924 1400 2974 sicut

321 3008 503 3044 revera
551 2993 801 3054 Christo,
856 2994 931 3044 ita
979 2994 1060 3045 eis
1101 2995 1396 3058 serviatur,

320 3064 452 3131 quia
481 3065 597 3131 ipse
618 3064 755 3115 dixit
785 3082 798 3115 :
832 3065 1087 3132 Infirmus
1130 3064 1208 3116 fui
1237 3073 1289 3117 et
1312 3067 1397 3117 νί-

322 3136 535 3186 sitastis
579 3151 677 3187 me.
718 3137 785 3186 Et
816 3153 833 3187 τ
865 3136 1024 3198 Quod
1055 3137 1275 3202 fecistis
1306 3139 1400 3189 uni

322 3209 392 3259 de
415 3209 500 3259 his
522 3209 755 3260 minimis
777 3210 925 3271 ηιεὶε,
954 3209 1346 3275 mihifecistis:
1365 3231 1395 3258 n

320 3280 438 3332 haec
505 3283 841 3334 Benedicta&
895 3282 1063 3349 Igitur
1084 3321 1100 3343 ,
1145 3292 1209 3333 ut
1264 3283 1398 3333 dicit

322 3353 763 3421 chrysostomzae,
796 3369 1077 3404 caveamus
1116 3369 1184 3404 ne
1220 3354 1266 3404 si
1294 3369 1398 3404 nos

319 3425 443 3475 duri
473 3424 530 3475 in
566 3425 844 3490 hospitum
887 3425 1191 3491 receptione
1226 3425 1397 3475 fueri-

320 3510 465 3555 mus,
508 3506 630 3561 post
672 3496 810 3546 hanc
832 3496 995 3546 vitam
1025 3495 1181 3546 nobis
1202 3495 1396 3562 hospi-

319 3565 396 3617 tia
420 3567 741 3617 Sanctorum
762 3567 1108 3632 denegentur.

381 3652 422 3702 4
437 3638 495 3687 In
517 3652 909 3687 silei-:anonam
927 3637 1195 3687 Cmusws
1213 3651 1401 3694 ιορω-

319 3721 428 3757 ‘nm
445 3723 513 3758 ετ
527 3723 580 3758 m
602 3723 681 3758 ms
696 3721 1154 3758 com-numm.—
1169 3706 1396 3766 Deinde,

320 3777 388 3827 ad
456 3778 941 3828 commendandam
1011 3777 1396 3842 obedientiam,

318 3851 601 3918 subjungit
625 3869 640 3902 ε
676 3851 785 3913 Qui
799 3864 893 3901 vos
919 3851 1091 3913 audit,
1116 3866 1198 3902 me
1215 3850 1369 3901 audit
1375 3868 1398 3913 ,-

315 3928 377 3973 et
393 3922 592 3988 quivos
605 3923 827 3988 spernit,
841 3938 922 3974 me
937 3923 1142 3989 spernit
1156 3938 1178 3986 ,-
1201 3921 1292 3989 qui
1304 3935 1401 3971 au·

1004 298 1244 349 PRIMAE
1278 295 1533 348 PARTls
1559 294 1797 346 CAPUT
1826 295 1942 346 LV.

1502 423 1606 467 tem
1628 431 1710 466 me
1736 415 1943 481 spernit
1965 414 2016 464 in
2040 414 2215 473 vobis»,
2229 415 2438 482 spernit
2455 429 2590 466 eunt

1500 487 1595 553 qui
1627 501 1712 537 me
1751 486 1917 548 misit,
1947 484 2149 535 scilicet
2179 486 2412 549 Patrem,
2443 486 2583 552 quia

1500 560 1631 626 Ego
1649 565 1707 611 et
1727 561 1898 610 Pater
1918 574 2075 610 unum
2098 573 2296 609 sumus,
2327 560 2444 608 Hoc
2478 560 2586 609 ad-

1501 630 1586 680 dit
1612 631 1873 689 Salvator,
1902 629 1967 678 ad
1997 629 2390 680 ostendendum
2423 630 2580 694 quod

1500 702 1739 753 doctrina
1771 700 2160 766 discipulorum
2207 701 2318 765 ejus
2356 709 2437 750 est
2474 700 2592 751 de-

1498 782 1621 822 vote
1648 782 1702 822 et
1737 780 2031 822 reverenter
2068 771 2350 833 audienda,
2380 771 2583 821 saltem

1502 858 1720 914 propter
1746 846 2100 898 reverentiam
2126 846 2301 912 ipsius
2327 846 2448 904 Dei,
2473 861 2588 897 cu-

1498 920 1583 984 jus
1612 918 1982 984 principaliter
2021 927 2102 967 est
2153 917 2267 967 haec
2309 917 2583 969 doctrina.

1501 988 1642 1049 Quia
1688 989 1833 1039 enim
1875 987 2127 1040 Christus
2176 987 2232 1036 in
2273 987 2596 1054 discipuliS,

1502 1061 1655 1110 Pater
1679 1075 1805 1110 vero
1827 1060 1886 1109 in
1907 1059 2067 1119 Filio,
2080 1069 2134 1108 et
2147 1057 2321 1108 Filius
2342 1059 2397 1107 in
2420 1060 2588 1108 Patre

1500 1142 1596 1192 est,
1629 1147 1736 1181 non
1763 1141 1942 1198 potest
1973 1146 2114 1181 unus
2155 1130 2411 1180 honorari
2459 1131 2586 1180 sine

1499 1206 1718 1267 ali0,vel
1734 1205 2027 1256 contemni.
2048 1205 2216 1271 Igitur
2238 1204 2294 1254 in
2308 1204 2590 1255 audiendo

1502 1280 1775 1346 Evangelii
1796 1280 2181 1346 praedicatores,
2200 1279 2333 1330 sciat
2353 1295 2411 1328 sc
2429 1279 2596 1344 quis·

1500 1364 1766 1418 quenon
1811 1350 1946 1400 viles
2004 1364 2257 1415 personas
2307 1348 2591 1415 quaslibet

1500 1422 1686 1473 audire
1715 1422 1799 1471 vel
1817 1436 2068 1486 spernere
2086 1460 2099 1480 ,
2133 1421 2226 1472 sed
2256 1420 2433 1486 ipsum
2464 1421 2590 1470 Do-

1501 1495 1715 1545 minum
1770 1495 2095 1544 Salvatorern
2150 1504 2205 1544 et
2262 1509 2421 1544 suum
2469 1493 2596 1542 Pa-

1503 1576 1660 1618 trem.
1713 1568 1776 1617 In
1821 1565 2092 1631 discipulo
2129 1566 2273 1616 enim
2322 1564 2590 1631 Magister

1501 1637 1717 1687 auditur
1741 1647 1795 1687 et
1828 1635 1882 1686 in
1905 1636 2047 1686 Filio
2078 1636 2232 1685 Pater
2259 1635 2586 1685 honoratur.

1504 1709 1830 1775 Quicunque
1873 1721 2006 1771 ergo
2046 1721 2103 1756 es
2137 1705 2230 1772 qui
2277 1705 2590 1756 sacerdotes

1503 1781 1689 1832 audire
1728 1780 2032 1831 contemnis
2088 1789 2141 1830 et
2178 1794 2365 1829 eorum
2401 1778 2592 1829 verbis

1503 1862 1556 1903 et
1583 1851 2050 1902 exhortationibus
2094 1850 2433 1916 acquiescere
2480 1850 2600 1898 de-

1503 1926 1668 1991 spicis
1688 1964 1702 1986 ,
1753 1925 1944 1975 saltem
2001 1924 2174 1973 Deum
2234 1922 2415 1989 ipsum
2465 1939 2587 1973 non

1506 1997 1884 2063 parvipendas,
1941 2004 1994 2046 et
2048 2010 2173 2045 eum
2224 1993 2410 2044 audire
2469 2010 2588 2045 non

1504 2067 1764 2118 fastidias.
1798 2067 1854 2117 Si
1899 2066 2135 2132 despicis
2176 2065 2358 2115 audire
2401 2080 2588 2115 sacer—

1505 2139 1706 2198 dotem,
1738 2137 1864 2187 audi
1886 2138 1971 2187 vel
1997 2135 2294 2186 Dominum
2321 2135 2378 2184 in
2409 2151 2473 2185 eo
2493 2137 2589 2185 lo·-

1505 2221 1784 2278 quentem,
1815 2225 1909 2276 per
1941 2225 2064 2260 eum
2103 2219 2155 2259 te
2180 2209 2596 2269 admonentem,

1505 2294 1557 2335 et
1606 2285 1672 2335 ad
1708 2284 1875 2335 vitam
1914 2283 2278 2333 reducentem.
2309 2283 2368 2332 ln
2402 2297 2590 2333 sacer-

1506 2356 1727 2406 dotibus
1768 2355 1912 2406 enim
1943 2365 1995 2404 et
2016 2353 2298 2419 discipulis
2328 2353 2594 2405 Christus

1505 2428 1747 2494 loquitur
1770 2466 1783 2489 ‚
1823 2436 1876 2477 et
1923 2426 1979 2476 in
2023 2424 2101 2475 eis
2161 2424 2459 2474 honoratur
2498 2428 2588 2476 vel

1506 2499 1885 2549 contemnitur.
1927 2497 2086 2548 Unde
2129 2496 2424 2562 Apostolus
2453 2512 2466 2544 :
2495 2499 2588 2546 An

1506 2571 1930 2638 experimentum
1958 2569 2205 2636 quaeritis
2245 2568 2363 2635 ejus
2405 2568 2499 2633 qui
2528 2570 2586 2618 in

1506 2657 1588 2692 me
1618 2642 1855 2707 loquitur
1886 2638 2190 2690 Christus?
2235 2640 2356 2688 Noli
2400 2640 2594 2705 itaque

1508 2726 1760 2777 spernere
1789 2710 2088 2775 discipulos
2108 2720 2159 2759 et
2189 2709 2410 2759 nuntios
2428 2709 2595 2760 Chri-

1504 2782 1593 2846 sti,
1624 2797 1691 2833 ne
1736 2782 1801 2832 ad
1840 2780 1997 2831 illum
2026 2779 2303 2845 perveniat
2333 2780 2480 2844 quod
2508 2780 2589 2829 il-

1505 2853 1574 2903 lis
1597 2851 1810 2915 feceris;
1843 2852 1955 2901 imo
1979 2850 2089 2900 noli
2120 2851 2294 2900 Deum
2326 2866 2593 2916 spernere

1505 2923 1563 2973 in
1605 2923 1887 2989 discipulis
1933 2934 1987 2972 et
2028 2921 2239 2971 nuntiis
2289 2921 2424 2970 suis,
2480 2922 2591 2971 Hic

1504 3009 1632 3060 ergo
1673 2993 1927 3043 Christus
1974 3008 2074 3042 nos
2106 2990 2326 3041 instruit
2352 3001 2413 3040 ut
2438 3006 2590 3055 prae-

1503 3064 1673 3130 ceptis
1720 3063 1968 3114 Ecclesiae
1996 3072 2050 3112 et
2075 3062 2416 3126 praelatorum
2445 3061 2590 3112 obe-

1501 3138 1743 3198 diamus,
1786 3151 1853 3187 ne
1882 3137 1951 3186 ad
1994 3136 2168 3185 Deum
2198 3135 2467 3200 perveniat
2492 3135 2588 3185 in—

1502 3208 1640 3272 juria
1674 3223 1839 3274 quam
1882 3207 1993 3256 illis
2033 3205 2353 3267 fecerimus;
2379 3214 2431 3255 ct
2458 3205 2587 3256 ideo

1503 3278 1734 3344 quilibet
1762 3277 1841 3327 sic
1881 3276 2114 3327 missum
2154 3285 2209 3325 et
2238 3275 2587 3340 propositum

1501 3348 1741 3413 accipiat,
1769 3358 1830 3398 ut
1866 3346 1922 3396 in
1951 3362 2014 3396 eo
2042 3346 2347 3395 mittentem
2377 3357 2430 3395 et
2459 3360 2589 3411 pro-

1502 3428 1795 3485 ponentem
1839 3417 2110 3479 attendat,
2163 3426 2224 3466 ut
2261 3416 2319 3465 in
2385 3417 2585 3480 Petr0,

1505 3491 1786 3543 Christum
1822 3490 2044 3548 scilicet,
2081 3488 2139 3538 in
2182 3504 2355 3548 serv0,
2388 3489 2587 3539 Domi-

1437 3587 1442 3628 s
1502 3579 1656 3622 num,
1705 3561 1761 3611 in
1810 3559 2049 3618 Christ0,
2093 3559 2308 3610 Patrem
2355 3558 2584 3618 scilicet,

1503 3634 1558 3685 in
1589 3632 1899 3699 Unigenito,
1929 3630 2270 3694 Genitorem3
2301 3641 2354 3680 et
2383 3631 2496 3680 Deo
2522 3646 2586 3682 ac

1502 3706 1742 3771 praelat0,
1781 3719 1893 3752 non
1945 3703 2002 3752 in
2048 3701 2137 3751 his
2164 3715 2287 3767 quae
2333 3716 2587 3766 expresse

1503 3777 1700 3825 docent
1739 3774 1822 3824 vel
1848 3772 2055 3832 dicunt,
2106 3773 2199 3822 sed
2236 3770 2293 3820 in
2324 3770 2411 3820 his
2460 3786 2591 3837 quae

1503 3846 1711 3898 noverit
1741 3860 1931 3895 eorum
1963 3843 2181 3909 praecise
2223 3856 2339 3893 esse
2376 3842 2585 3893 volun-

1503 3918 1650 3979 tatis,
1671 3918 1756 3969 vel
1784 3914 2018 3975 consilii,
2039 3914 2272 3965 obediat.
