2757 4413
371 314 464 365 DE
494 312 886 364 AMBITIONE
921 312 1012 362 ET
1046 308 1451 370 QUIBUSDAM
1483 307 1660 358 ALIIS
1691 306 2144 358 DEFECTIBUS.

2263 303 2363 355 623

885 743 1216 816 CAPUT
1307 741 1614 810 LXVIII

397 1075 502 1142 De
543 1070 921 1139 ambitione
950 1078 1017 1138 et
1059 1067 1469 1159 quibusdam
1514 1065 1683 1133 aliis
1717 1065 2132 1136 clericorum

740 1194 806 1254 et
851 1183 955 1252 rel
960 1183 1351 1275 igiosorum
1391 1180 1792 1270 defectibus,

236 1535 251 1569 1
285 1520 550 1570 Fumi-:um
596 1532 829 1568 ent-:mets
871 1532 1109 1566 Auen-10.
1147 1542 1206 1552 —

179 1589 302 1640 Circa
335 1590 610 1656 praemissa
654 1586 912 1637 meditare*
945 1596 998 1636 et
1026 1584 1207 1635 consi-

178 1661 277 1712 dera
332 1662 604 1729 quomodo
650 1660 916 1710 Dominus
954 1674 1101 1719 vere,
1157 1668 1209 1708 et

177 1749 263 1783 non
309 1735 425 1785 ficte
470 1735 735 1784 honorem
800 1732 1009 1798 regium
1070 1730 1208 1797 fugit

177 1818 218 1857 et
242 1808 540 1871 declinavit;
576 1824 685 1858 non
722 1807 860 1857 sicut
886 1807 984 1867 illi,
1014 1806 1107 1873 qui
1139 1823 1207 1857 ne

178 1881 293 1944 apud
344 1881 595 1931 homines
635 1880 905 1939 vilescant,
960 1887 1207 1928 recusant

177 1964 301 2001 orare
336 1952 480 2017 quod
516 1951 673 2001 corde
715 1950 1031 2000 desiderant.
1069 1951 1207 1999 Sunt

176 2020 297 2070 enim
347 2020 520 2079 multi,
548 2030 601 2071 et
629 2021 908 2086 potissime
947 2019 1202 2085 religiosi,

175 2089 248 2154 qui
274 2090 552 2156 dignitates
584 2106 640 2140 se
689 2106 797 2139 non
838 2099 1083 2155 appetere
1124 2090 1205 2140 si-

176 2160 493 2225 mulan13sed
525 2177 648 2212 cum
674 2160 986 2221 offeruntur,
1027 2161 1204 2211 mani-

174 2232 255 2283 bus
303 2246 351 2284 et
398 2234 623 2300 pedibus
668 2234 1055 2300 promptissimi
1109 2251 1204 2284 oc-

107 2327 110 2330 ·
175 2315 385 2367 currunt,
424 2316 476 2356 et
517 2306 624 2356 laeti
654 2305 974 2372 suscipiunt,
1014 2306 1124 2356 imo
1155 2316 1206 2356 et

174 2377 467 2441 quandoque
510 2376 807 2426 voluntarie
851 2391 907 2425 se
958 2376 1201 2427 offerunt.

173 2445 288 2497 Sunt
334 2448 494 2498 etiam
539 2463 600 2497 ex
644 2448 731 2497 his
765 2447 953 2513 aliqui,
1000 2448 1091 2514 qui
1146 2449 1203 2498 in

173 2515 498 2581 dignitatibus
527 2516 687 2583 positi
733 2511 945 2583 fingunt
974 2534 1030 2568 se
1072 2519 1206 2569 velle

174 2599 243 2635 eas
279 2604 383 2637 non
438 2589 663 2651 habere3
715 2588 806 2638 sed
846 2588 1206 2639 nihilominus

174 2672 248 2720 per
272 2675 347 2722 se,
386 2669 435 2709 et
465 2659 783 2710 mediatores
825 2671 1127 2726 procurant,
1155 2673 1205 2712 et

174 2729 453 2779 occasiones
481 2740 731 2795 quaerunt
770 2731 1012 2792 sollicite,
1061 2735 1203 2798 quod

174 2799 353 2860 possint
403 2799 460 2848 in
508 2800 642 2865 ipsis
685 2800 879 2851 officiis
913 2817 1206 2853 remanere.

175 2865 272 2917 Non
318 2869 420 2919 fuit
466 2870 771 2934 hujusmodi
829 2872 1101 2922 simulatio
1157 2884 1208 2923 et

175 2935 290 2988 fictio
321 2940 379 2989 in
423 2940 694 3002 Domino,
755 2952 915 3007 prout
955 2952 1097 3008 patet
1143 2959 1207 2994 ex

172 3007 265 3071 ejus
311 3010 464 3061 facto.
522 3011 671 3061 Misit
719 3012 862 3063 enim
917 3012 1206 3078 discipulos

175 3094 249 3143 per
269 3098 424 3143 mare,
456 3099 552 3133 nec
582 3100 706 3133 cum
734 3083 812 3134 eis
838 3099 1025 3135 navem
1052 3084 1208 3136 intra-

173 3152 250 3214 vit,
274 3170 336 3205 ne
366 3156 539 3206 turbae
590 3173 714 3207 eum
746 3156 885 3207 inter
913 3157 1207 3223 discipulos

173 3239 479 3291 quaererent;
505 3239 556 3279 et
577 3230 788 3290 deinde,
821 3230 953 3295 ipsis
978 3246 1087 3279 non
1107 3231 1207 3279 ad-

173 3298 491 3357 vertentibuS,
521 3301 671 3350 solus
706 3300 757 3350 in
782 3306 1004 3350 montem
1033 3314 1210 3350 ascen-

174 3365 265 3429 dit,
296 3378 347 3418 et
401 3369 479 3420 sic
541 3386 732 3422 manus
783 3386 968 3421 eorum
1026 3371 1207 3421 evasit.

174 3437 287 3490 Vide
325 3458 446 3493 cum
487 3453 689 3510 quanto
722 3442 901 3494 studio
932 3452 984 3493 et
1010 3444 1210 3494 cautela

174 3505 306 3574 fugit,
331 3523 381 3562 et
399 3514 684 3565 declinavit
716 3515 997 3565 honorem.
1027 3514 1212 3563 Exem-

176 3581 304 3644 plum
328 3584 473 3636 dedit
513 3586 689 3648 nobis,
716 3596 777 3636 ut
808 3596 860 3636 et
889 3601 989 3636 nos
1017 3584 1090 3636 ita
1128 3585 1211 3636 fa—

176 3651 374 3706 ciamus.
403 3658 523 3708 Non
555 3658 701 3709 enim
751 3674 847 3725 pro
874 3673 950 3719 se,
981 3658 1071 3708 sed
1116 3673 1212 3723 pro

178 3725 315 3776 nobis
354 3728 506 3796 fugit.
559 3731 926 3798 cognoscebat
981 3744 1214 3796 namque

180 3808 369 3859 quantae
407 3801 478 3851 sit
516 3802 847 3862 temeritatis,
880 3800 924 3852 si
949 3802 1012 3852 ad
1040 3801 1215 3850 hono-

179 3878 249 3915 res
294 3871 662 3935 aspiceremus.
707 3873 897 3923 Honor
958 3871 1100 3922 enim
1151 3872 1217 3921 de

183 3936 449 4001 majoribus
493 3954 572 3995 est
601 3942 824 4010 laqueiS,
873 3952 926 3995 et
960 3940 1218 4009 graviori-

926 4085 957 4131 ζ

1312 1515 1413 1565 bus
1468 1514 1794 1582 ponderibus
1845 1518 1911 1567 ad
1967 1520 2368 1572 subversionem

1310 1585 1631 1647 animarum,
1659 1587 1771 1637 sive
1803 1587 1874 1638 sit
1906 1589 2082 1640 honor
2100 1592 2369 1657 praelatio-

1313 1656 1414 1716 nis,
1456 1656 1567 1708 sive
1636 1658 1915 1724 potentiae,
1957 1660 2068 1711 sive
2117 1662 2370 1726 scientiae,

1310 1730 1420 1780 sive
1471 1731 1751 1783 similium.
1794 1733 1898 1783 Vix
1925 1735 2067 1785 enim
2110 1735 2221 1786 fieri
2270 1752 2372 1801 po-

1309 1809 1428 1861 test,
1459 1802 1603 1868 quod
1646 1802 1739 1869 qui
1796 1802 1852 1853 in
1890 1805 2091 1856 honore
2142 1808 2371 1857 delecta-

1311 1882 1415 1932 tur,
1446 1871 1502 1922 in
1543 1874 1778 1939 periculo
1807 1877 1889 1925 vel
1935 1877 2231 1942 praecipitio
2264 1894 2372 1927 non

1310 1942 1406 2005 sit3
1440 1943 1543 2003 vel,
1571 1945 1715 2010 quod
1756 1954 1836 1994 est
1870 1946 2037 2010 pejus,
2075 1948 2179 2010 jam
2237 1962 2376 2013 prae-

1309 2014 1494 2080 cipitio
1528 2016 1761 2065 collisus.
1822 2017 2063 2068 Ambitio
2106 2019 2251 2069 enim
2294 2029 2375 2070 est

1308 2086 1503 2136 vitium
1543 2087 1860 2151 pessimum,
1889 2104 1946 2138 ac
1989 2105 2142 2140 causa
2188 2100 2239 2140 et
2287 2106 2375 2140 ra-

1308 2157 1403 2206 dix
1448 2158 1743 2208 multorum
1811 2158 2041 2210 aliorum
2096 2161 2371 2213 vitiorum.

1310 2231 1509 2280 Multos
1545 2231 1745 2297 quippe
1791 2233 1903 2282 haec
1948 2234 2124 2298 passio
2164 2235 2238 2285 sic
2277 2251 2373 2285 ex-

1311 2310 1486 2358 caecat,
1516 2310 1575 2350 ut
1601 2302 1761 2351 etiam
1790 2317 1851 2352 ea
1878 2318 1997 2369 quae
2039 2304 2224 2354 multis
2250 2305 2374 2354 aliis

1311 2372 1591 2422 manifesta
1637 2384 1763 2424 sunt
1817 2374 1920 2440 ipsi
1961 2391 2071 2425 non
2132 2376 2368 2439 videant;

1309 2444 1495 2509 sicque
1524 2442 1579 2492 in
1618 2442 1829 2493 foveam
1872 2444 2059 2509 primae
2103 2447 2293 2510 culpae,
2321 2455 2374 2495 et

1312 2514 1504 2565 deinde
1562 2513 1820 2579 gehennae
1880 2515 2085 2564 cadant.
2131 2516 2195 2565 Et
2239 2515 2372 2582 quid

1312 2585 1526 2652 prodest
1578 2584 1656 2634 eis
1698 2583 1743 2634 si
1793 2585 2058 2634 mundum
2106 2586 2376 2636 lucrentur

1312 2658 1650 2719 universum;
1682 2656 1887 2722 seipsos
1926 2666 2103 2707 autem
2134 2658 2373 2721 perdant,

1312 2739 1365 2779 et
1391 2728 1769 2778 detrimentum
1801 2728 1884 2778 sui
1906 2727 2133 2778 faciant?
2155 2728 2209 2778 Si
2239 2728 2374 2780 forte

1291 2803 1662 2864 ,blandiuntur
1726 2801 1828 2852 sibi
1885 2801 2050 2869 aliqui
2100 2803 2373 2854 ambitiosi

1313 2874 1415 2925 sub
1445 2874 1620 2941 specie
1660 2874 1790 2924 lucri
1851 2874 2174 2934 animarum,
2222 2875 2375 2940 quasi

1313 2948 1390 2998 sic
1420 2946 1614 2998 melius
1653 2957 1873 3013 possent
1905 2947 2179 2998 intendere
2218 2949 2376 2998 saluti

1313 3018 1560 3068 aliorum.
1645 3018 1855 3077 Quibus
1926 3019 2243 3069 Ber-nardus
2291 3035 2377 3069 re-

1314 3090 1558 3155 spondet,
1587 3089 1771 3140 dicens
1817 3107 1833 3140 :
1875 3108 1904 3136 «
1945 3089 2164 3141 Utinam
2220 3091 2377 3157 quis-

1315 3162 1440 3229 quis
1472 3162 1548 3212 sic
1577 3161 1754 3222 intrat,
1799 3163 1844 3212 si
1901 3161 2013 3214 fieri
2046 3174 2242 3229 posset,
2267 3175 2376 3214 tam

1315 3230 1543 3282 fideliter
1580 3231 1922 3293 ministraret,
1960 3249 2122 3299 quam
2152 3232 2377 3284 fiducia-

1315 3302 1438 3351 liter
1461 3317 1517 3351 se
1544 3300 1792 3366 ingessit!
1827 3301 1903 3351 Ac
1945 3301 2160 3353 difficile
2181 3303 2376 3353 fortas-

1316 3371 1393 3421 sis
1419 3380 1470 3420 et
1521 3369 1857 3436 impossibile
1885 3381 1982 3433 est,
2017 3383 2079 3423 ut
2104 3388 2168 3422 ex
2200 3387 2379 3423 amara

1318 3442 1490 3493 radice
1545 3440 1858 3491 ambitionis
1934 3443 2111 3493 suavis
2169 3443 2377 3493 fructus

1320 3514 1542 3580 prodeat
1588 3512 1841 3564 caritatis,
1891 3515 2014 3575 Sed,
2061 3514 2191 3564 heu!
2223 3529 2377 3563 com-

1319 3584 1554 3635 muniter
1578 3583 1737 3635 hodie
1762 3583 1939 3635 honor
1979 3594 2031 3635 et
2069 3601 2175 3634 non
2218 3598 2375 3644 onuS,

1320 3654 1486 3722 gloria
1523 3663 1575 3704 et
1623 3670 1731 3704 non
1785 3670 1939 3720 poena
1975 3654 2264 3705 attenditur
2291 3662 2380 3703 :et

1321 3724 1546 3776 honoris
1592 3739 1789 3775 nomen
1833 3741 1943 3775 non
1975 3722 2187 3775 virtutis
2223 3733 2377 3774 tene-

1321 3807 1427 3848 tur.
1475 3817 1503 3845 n
1561 3798 1716 3847 Unde
1804 3797 1945 3847 idem
2025 3795 2378 3847 Ber-nardus:

1322 3888 1350 3916 α
1375 3867 1620 3919 Curritur
1642 3883 1671 3918 a
1698 3868 1836 3917 clero
1879 3866 2076 3933 passim
2121 3866 2188 3915 ab
2228 3865 2377 3916 omni

1321 3950 1476 3997 ‘eiaete
1501 3948 1553 3989 et
1597 3938 1803 4000 ordine,
1846 3953 1877 3988 a
1903 3935 2074 3987 doctis
2102 3935 2299 4002 pariter
2326 3945 2379 3989 et
