2757 4413
629 337 723 388 DE
754 333 1313 386 TRADITIONIBUS
1346 331 1895 384 PHARISAEORUM.

128 454 436 522 gitationes
493 453 683 516 maloe,
708 471 716 480 ·
737 462 838 503 etc.
862 489 877 511 ,
941 449 1213 516 colligitur

130 525 282 591 quod
315 524 420 575 etsi
461 523 711 573 diabolus
737 522 1064 588 quandoque
1097 520 1209 570 im-

129 596 305 646 mittit
368 593 583 644 homini
632 592 1007 658 cogitationem
1061 590 1209 651 mali,

129 667 523 733 cogitationem
552 675 731 715 tamen
756 665 952 714 malam
982 679 1093 713 non
1124 678 1214 728 po-

131 747 241 788 test
264 737 581 798 immittere,
605 751 724 802 quae
757 736 897 786 mala
920 734 982 785 fit
998 744 1210 785 tantum

134 822 234 873 per
274 822 608 858 consensum
656 805 750 873 qui
794 815 874 856 est
928 805 982 854 in
1033 804 1209 855 corde.

126 880 319 943 Unde,
355 879 576 945 quando
600 877 796 928 dicitur
822 894 835 926 :
867 877 1000 927 Cum
1024 875 1210 926 misis-

136 956 220 1001 set
270 949 524 1000 diabolus
565 949 617 999 in
663 963 756 999 cor
805 948 1001 1011 Judae5
1048 956 1101 997 et
1152 945 1209 995 in

138 1020 455 1071 Psalmista:
472 1019 833 1070 Immissiones
843 1032 945 1084 per
967 1016 1211 1083 Angelos

135 1093 333 1156 malost,
364 1091 639 1142 immissio
663 1090 920 1157 accipitur
949 1105 1046 1155 pro
1076 1104 1210 1154 sug-

134 1165 421 1232 gestione;
473 1165 629 1215 aliter
674 1164 820 1214 enim
869 1179 978 1213 non
1035 1171 1211 1228 potest

132 1237 283 1288 illabi
352 1235 563 1286 animae.
619 1235 727 1287 Ubi
779 1235 1152 1299 Hieronymus
1190 1250 1207 1283 .-

133 1326 161 1354 «
191 1308 271 1358 Ex
305 1306 410 1357 hac
443 1306 710 1357 sententia
750 1304 1009 1371 arguendi
1059 1312 1205 1363 sunt,

130 1378 227 1445 qui
276 1377 631 1444 cogitationes
662 1392 693 1427 a
720 1377 938 1427 diabolo
984 1375 1207 1425 immitti

127 1457 326 1513 putant
337 1463 352 1511 ;
386 1456 439 1497 et
468 1464 577 1497 non
608 1463 673 1497 ex
702 1446 915 1513 propria
947 1446 1091 1496 nasci
1121 1462 1208 1495 vo-

128 1522 356 1571 luntate.
394 1520 655 1570 Diabolus
682 1519 892 1584 adjutor
921 1530 974 1570 et
1018 1518 1209 1568 incen-

129 1606 220 1641 sor
296 1590 563 1640 malarum
629 1588 1017 1655 cogitationum
1091 1603 1209 1638 esse

127 1671 324 1728 potest,
374 1670 560 1711 auctor
604 1676 722 1712 esse
770 1676 878 1710 non
920 1667 1118 1726 potest.
1149 1659 1205 1709 Si

131 1743 314 1784 autem
343 1748 575 1799 semper,
618 1732 835 1782 insidiis
867 1730 1080 1797 positiS,
1128 1731 1208 1781 le-

131 1820 254 1855 vem
284 1803 674 1870 cogitationum
720 1813 1026 1853 nostrarum
1072 1801 1209 1851 scin-

131 1876 306 1925 tillam
361 1874 479 1924 suis
527 1874 808 1924 fomitibus
876 1873 1204 1933 inflammat,

135 1962 245 1996 non
304 1946 567 1996 debemus
609 1944 818 2011 opinari
864 1960 990 1995 eum
1031 1944 1206 1994 cordis

133 2033 355 2084 quoque
389 2018 599 2068 occulta
627 2018 844 2081 rimari;
870 2017 962 2067 sed
991 2032 1056 2068 ex
1085 2032 1205 2067 cor-

131 2089 281 2154 poris
305 2088 498 2139 habitu
548 2098 604 2139 et
647 2088 887 2155 gestibus
919 2087 1202 2151 aestimare,

131 2161 263 2227 quid
321 2176 597 2213 versemus
658 2160 995 2233 intrinsecus.
1055 2179 1082 2206 »
1126 2160 1202 2221 Si,

129 2232 280 2282 verbi
332 2233 521 2298 gratia,
577 2233 860 2299 pulchram
918 2231 1201 2282 mulierem

129 2320 225 2354 nos
248 2306 444 2355 crebro
472 2305 668 2356 viderit
691 2306 961 2371 aspicere3
996 2305 1203 2356 intelli-

132 2376 210 2441 git
249 2392 342 2427 cor
375 2378 578 2428 amoris
623 2378 792 2443 jaculo
838 2378 1199 2428 vulneratum.

130 2447 284 2498 Unde
332 2457 388 2497 et
434 2449 778 2515 Augustinus
820 2465 836 2499 .·
886 2466 925 2495 ι(-
957 2449 1201 2499 Internas

129 2517 323 2567 animae
365 2518 725 2584 cogitationes
771 2518 1050 2568 diabolum
1088 2533 1199 2567 non

126 2587 308 2638 videre
363 2589 492 2639 certi
545 2604 765 2652 sumus;
816 2590 906 2639 sed
959 2588 1200 2639 motibus

128 2676 212 2712 eas
241 2663 484 2728 corporis
512 2673 564 2713 et
589 2662 934 2712 affectionum
965 2662 1196 2722 indiciis,

127 2734 192 2784 ab
237 2734 332 2785 illo
379 2735 560 2801 colligi
611 2735 981 2801 experimento
1009 2735 1201 2785 didici-

129 2820 269 2855 mus,
321 2807 535 2856 Secreta
587 2816 765 2856 autem
830 2805 1004 2855 cordis
1050 2807 1198 2856 solus

127 2878 279 2929 novit
306 2879 398 2930 ille
422 2879 488 2929 ad
513 2894 676 2945 quem
701 2879 899 2929 dicitur
927 2895 941 2929 ι
986 2879 1072 2929 Tu
1105 2893 1198 2930 so·-

127 2949 210 3000 lus
228 2950 374 3001 nosti
396 2952 564 3001 corda
574 2951 821 3016 filiorum
843 2949 1108 3000 hominum
1129 2967 1146 3000 .-
1167 2968 1196 2998 n

125 3022 238 3073 haec
267 3025 630 3090 AugustinuS.
661 3025 809 3076 Solet
844 3023 1047 3090 quippe
1074 3023 1195 3074 dia-

124 3092 300 3157 bolus,
331 3104 619 3160 antequam
648 3095 841 3154 veniat,
875 3094 1195 3159 praemittere

120 3163 204 3212 sui
246 3164 511 3214 adventus
553 3179 958 3234 praecursorem,
989 3163 1192 3215 scilicet

118 3234 245 3284 mali
273 3234 685 3300 cogitationem3
717 3251 881 3302 quam
909 3236 955 3286 si
983 3236 1108 3303 quis
1132 3235 1188 3286 in

116 3306 278 3357 corde
303 3319 606 3374 susceptam
637 3310 906 3370 nutrierit,
938 3309 1186 3361 diabolus

114 3376 168 3426 in
202 3379 368 3428 corde
396 3394 497 3429 suo
529 3380 899 3432 habitaculum
927 3395 1186 3446 praepara·

109 3447 205 3498 vit.
257 3449 325 3498 Et
365 3450 616 3515 quamvis
652 3451 900 3501 diabolus
927 3451 1178 3517 quando-

108 3533 215 3585 que
247 3519 322 3570 sit
358 3522 571 3587 adjutor
595 3532 645 3573 et
671 3523 885 3574 occasio
913 3524 1177 3573 malarum

105 3590 517 3656 cogitationum,
560 3609 667 3644 non
700 3604 880 3644 tamen
907 3594 1176 3654 omnium,

105 3661 235 3726 quia
257 3665 585 3730 quandoque
612 3666 906 3731 procedunt
929 3682 991 3716 ex
1019 3666 1178 3717 nobis

103 3739 339 3783 tantum.
389 3734 545 3786 Unde
594 3736 737 3787 idem
788 3739 1129 3803 Augustinus
1156 3755 1175 3789 .·

107 3820 134 3849 α
178 3804 306 3854 Non
348 3821 556 3873 ¹omnes
623 3810 776 3860 malae
825 3810 1172 3876 cogitationes

105 3886 306 3928 nostrae
346 3893 377 3929 a
405 3878 605 3930 diaboli
631 3881 889 3934 instinctu
935 3883 1174 3934 excitan-

105 3958 212 4010 tur,
245 3950 340 4001 sed
381 3951 669 4017 aliquoties
710 3970 774 4005 ex
813 3957 983 4008 nostri
1023 3956 1172 4007 arbi-

2282 344 2380 397 79¹

1318 449 1410 499 trii
1468 458 1622 500 motu
1674 457 1985 514 emergunt3
2017 447 2175 497 bonae
2205 453 2383 500 autem

1316 522 1668 589 cogitationes
1700 536 1911 586 semper
1931 535 1962 569 a
1987 521 2097 569 Deo
2120 527 2265 570 sunt.
2293 537 2322 566 υ

1381 610 1412 659 7
1456 594 1721 654 Quouono
1759 607 2192 642 coen-niomnus
2225 605 2385 642 unus

1317 680 1698 715 nessi-annun.
1728 692 1789 702 —
1820 663 2058 723 Qualiter
2088 672 2268 713 autem
2296 677 2387 712 co·

1319 735 1672 800 gitationibus
1702 734 1860 785 malis
1892 733 2250 784 resistendum
2291 732 2381 793 sit,

1314 806 1468 855 docet
1486 806 1788 868 Anselmu5‚
1808 804 1992 854 dicens
2016 820 2029 853 ε
2055 823 2082 850 α
2097 802 2383 863 Quomodo

1313 888 1493 928 autem
1523 893 1740 943 pravam
1767 876 2117 935 voluntatem,
2146 884 2381 924 autma—

1315 953 1422 1002 lam
1446 952 1828 1019 cogitationem
1849 966 1880 1001 a
1899 949 2055 1000 vobis
2074 947 2380 1009 excludatis,

1317 1025 1422 1074 hoc
1462 1039 1684 1089 parvum
1725 1021 2017 1072 consilium
2056 1019 2202 1085 quod
2228 1018 2382 1069 vobis

1316 1096 1408 1154 do,
1441 1094 1725 1161 intelligite
1761 1103 1814 1144 et
1837 1102 2029 1142 tenete.
2062 1091 2241 1141 Nolite
2266 1089 2388 1158 liti-

1315 1182 1442 1233 gare
1486 1183 1608 1218 cum
1657 1164 1920 1232 perversis
1948 1160 2382 1228 cogitationibus,

1313 1240 1398 1289 vel
1452 1253 1697 1305 perversa
1757 1237 2056 1297 voluntate3
2111 1235 2204 1284 sed
2258 1249 2384 1285 cum

1313 1311 1469 1362 vobis
1509 1311 1716 1361 infestae
1754 1318 1899 1369 sunt,
1930 1307 2112 1373 aliqua
2140 1305 2259 1355 utili
2294 1320 2387 1356 co·-

1312 1384 1571 1449 gitatione
1619 1394 1672 1433 et
1713 1383 1982 1432 voluntate
2033 1388 2271 1428 mentem
2300 1392 2384 1427 ve-

1310 1466 1494 1515 stram,
1515 1456 1683 1505 donec
1698 1454 1802 1504 illae
1824 1459 2158 1509 evanescant,
2177 1445 2387 1498 sortiter

1310 1536 1581 1592 occupate.
1613 1527 1905 1592 Nunquam
1934 1521 2079 1573 enim
2102 1518 2386 1585 expellitur

1311 1598 1564 1664 cogitatio
1608 1599 1692 1648 vel
1730 1598 1996 1654 voluntas,
2039 1591 2144 1642 nisi
2171 1590 2275 1640 alia
2302 1605 2385 1640 co·

1311 1668 1573 1735 gitatione
1615 1669 1698 1719 vel
1749 1668 2038 1724 voluntate,
2089 1676 2212 1728 quae
2269 1675 2382 1710 non

1309 1741 1596 1790 concordat
1637 1740 1736 1790 illi.
1780 1738 1868 1788 Sic
1897 1752 2023 1802 ergo
2055 1749 2149 1785 vos
2190 1731 2383 1782 habete

1310 1812 1376 1861 ad
1429 1811 1651 1861 inutiles
1717 1808 2096 1876 cogitationeS,
2145 1813 2206 1853 ut
2266 1811 2381 1853 toto

1314 1884 1439 1935 nisu
1467 1884 1798 1935 intendendo
1827 1883 1893 1932 ad
1923 1880 2086 1931 utiles
2125 1891 2276 1927 mens
2297 1890 2383 1926 ve·

1311 1965 1421 2005 stra
1465 1956 1784 2021 dedignetur
1824 1968 1914 2005 eas
1960 1953 2149 2002 saltem
2198 1962 2381 1999 recor—

1308 2025 1443 2089 dari,
1471 2027 1553 2076 vel
1573 2026 1824 2090 aspicere.
1854 2024 1990 2073 Cum
2014 2032 2193 2071 autem
2213 2017 2379 2069 vultis

1312 2112 1482 2156 orare,
1516 2107 1607 2147 aut
1633 2098 1688 2146 in
1718 2095 1954 2161 aliquam
1983 2094 2181 2143 bonam
2213 2089 2380 2139 medi-

1309 2168 1569 2219 tationem
1617 2165 1911 2225 intendere,
1952 2163 1997 2213 si
2050 2161 2204 2212 vobis
2247 2170 2378 2211 tunc

1311 2238 1635 2304 importunae
1674 2246 1804 2288 sunt
1844 2233 2200 2301 cogitationes
2242 2246 2376 2296 quas

1309 2325 1419 2360 non
1475 2307 1679 2358 debetis
1729 2306 2026 2371 suscipere,
2092 2315 2374 2367 nunquam

1308 2390 1523 2446 propter
1584 2380 1800 2430 illarum
1871 2373 2336 2441 importunitatem
2360 2410 2374 2431 ‚

1305 2456 1510 2505 bonum
1556 2453 1703 2518 quod
1758 2448 2032 2516 incepistis
2078 2445 2257 2497 velitis
2301 2444 2377 2494 di-

1309 2524 1545 2587 mittere;
1581 2538 1648 2573 ne
1671 2521 1953 2587 instigator
1982 2532 2164 2568 earum
2193 2514 2375 2564 diabo-

1306 2596 1390 2645 lus
1435 2595 1676 2661 gaudeat,
1724 2593 1853 2659 quia
1895 2605 1992 2641 vos
2041 2588 2108 2638 ab
2140 2586 2373 2650 ,incepto

1304 2666 1431 2717 facit
1474 2665 1723 2727 deficere3
1778 2664 1870 2714 sed
1918 2677 1981 2712 eo
2028 2674 2193 2729 quem
2256 2655 2368 2706 dixi

1306 2739 1468 2788 modo
1497 2738 1616 2788 illas
1638 2734 2045 2796 contemnend0‚
2075 2746 2164 2781 eas
2204 2743 2369 2794 supe-

1304 2821 1444 2876 rate;
1472 2825 1648 2876 neque
1688 2808 1929 2865 doleatiS,
1955 2821 2050 2855 nec
2077 2800 2366 2854 tristemini

1300 2881 1367 2932 de
1411 2882 1625 2932 illarum
1693 2877 2065 2936 infestatione,
2125 2872 2367 2941 quandiu

1301 2954 1437 3018 illas,
1470 2955 1608 3005 sicut
1642 2953 1773 3012 dixi,
1817 2949 2211 3003 contemnendo
2239 2948 2368 2997 nul-

1301 3025 1412 3074 lum
1451 3025 1529 3076 eis
1561 3040 1840 3076 assensum
1871 3021 2141 3088 praebetiS,
2175 3036 2244 3070 ne
2270 3034 2366 3069 oc-

1296 3096 1514 3147 casione
1541 3097 1791 3156 tristitiae,
1827 3096 2024 3146 iterum
2057 3095 2275 3144 redeant
2299 3093 2364 3143 ad

1296 3169 1635 3228 memoriam,
1682 3177 1742 3218 ut
1782 3182 1935 3218 suam
1980 3164 2363 3232 importunita-

1294 3250 1402 3289 tem
1437 3240 1769 3290 resuscitent.
1812 3240 1963 3289 Hanc
2008 3238 2156 3288 enim
2201 3234 2362 3285 habet

1292 3328 1449 3363 mens
1478 3312 1737 3375 ²hominis
1774 3311 2243 3367 consuetudinem,
2300 3314 2360 3355 ut

1291 3382 1396 3432 hoc
1419 3383 1565 3433 unde
1589 3384 1876 3434 delectatur
1900 3392 1992 3434 aut
2018 3380 2360 3432 contristatur

1288 3453 1483 3519 saepius
1505 3454 1574 3504 ad
1613 3454 1930 3504 memoriam
1961 3454 2153 3510 redeat,
2190 3463 2356 3516 quam

1287 3524 1391 3574 hoc
1436 3525 1581 3589 quod
1630 3525 2010 3591 negligendum
2054 3520 2217 3571 sentit
2262 3529 2356 3568 aut

1283 3593 1499 3659 cogitat.
1548 3594 1812 3646 Similiter
1857 3610 1914 3645 se
1953 3593 2108 3643 debet
2153 3589 2351 3639 habere

1284 3681 1508 3730 persona
1534 3666 1594 3716 in·
1631 3666 1767 3718 facto
1811 3666 2083 3734 proposito
2107 3661 2349 3713 studiosa

1281 3737 1337 3786 in
1367 3738 1615 3803 quolibet
1642 3751 1794 3790 motu
1840 3735 2105 3790 indecenti
2139 3736 2195 3784 in
2238 3749 2348 3783 cor-

1279 3824 1410 3874 pore
1445 3811 1527 3860 vel
1569 3812 1769 3869 anima,
1800 3808 1956 3861 sicuti
1988 3818 2067 3859 est
2090 3806 2346 3857 stimulus

1278 3881 1474 3943 carnis,
1505 3883 1617 3944 irae,
1649 3883 1881 3946 invidiae,
1909 3882 1992 3932 vel
2024 3879 2204 3930 inanis
2230 3880 2345 3945 glo-

1277 3954 1390 4006 riae.
1428 3955 1583 4006 Tunc
1626 3957 1770 4006 enim
1821 3954 2077 4013 facillime
2130 3953 2342 4004 exstin-
