<?xml version="1.0" encoding="UTF-8"?>
<!DOCTYPE html PUBLIC "-//W3C//DTD XHTML 1.0 Transitional//EN"
    "http://www.w3.org/TR/xhtml1/DTD/xhtml1-transitional.dtd">
<html xmlns="http://www.w3.org/1999/xhtml" xml:lang="en" lang="en">
 <head>
  <title>
</title>
<meta http-equiv="Content-Type" content="text/html;charset=utf-8" />
  <meta name='ocr-system' content='tesseract 3.04.00' />
  <meta name='ocr-capabilities' content='ocr_page ocr_carea ocr_par ocr_line ocrx_word'/>
</head>
<body>
  <div class='ocr_page' id='page_1' title='image "./vitajesuchristi01sachgoog_0377.png"; bbox 0 0 2757 4413; ppageno 0'>
   <div class='ocr_carea' id='block_1_1' title="bbox 355 301 2097 370">
    <p class='ocr_par' dir='ltr' id='par_1_1' title="bbox 355 301 2097 370">
     <span class='ocr_line' id='line_1_1' title="bbox 355 301 2097 370; baseline 0.007 -13"><span class='ocrx_word' id='word_1_1' title='bbox 355 307 448 357; x_wconf 92' lang='lat' dir='ltr'>DE</span> <span class='ocrx_word' id='word_1_2' title='bbox 475 308 518 358; x_wconf 90' lang='lat' dir='ltr'><strong>F</strong></span> <span class='ocrx_word' id='word_1_3' title='bbox 522 308 869 360; x_wconf 86' lang='lat' dir='ltr'><strong>ERMENTO</strong></span> <span class='ocrx_word' id='word_1_4' title='bbox 899 308 1239 361; x_wconf 85' lang='lat' dir='ltr'>CAVENDO</span> <span class='ocrx_word' id='word_1_5' title='bbox 1273 310 1365 361; x_wconf 90' lang='lat' dir='ltr'>ET</span> <span class='ocrx_word' id='word_1_6' title='bbox 1396 301 1604 364; x_wconf 78' lang='lat' dir='ltr'>CAECO</span> <span class='ocrx_word' id='word_1_7' title='bbox 1638 313 2097 370; x_wconf 76' lang='lat' dir='ltr'>IELUMINATO.</span> 
     </span>
    </p>
   </div>
   <div class='ocr_carea' id='block_1_2' title="bbox 110 420 1179 2567">
    <p class='ocr_par' dir='ltr' id='par_1_2' title="bbox 110 420 1179 2567">
     <span class='ocr_line' id='line_1_2' title="bbox 113 420 1178 474; baseline 0.003 -3"><span class='ocrx_word' id='word_1_8' title='bbox 113 420 405 471; x_wconf 89' lang='lat' dir='ltr'>Dominum</span> <span class='ocrx_word' id='word_1_9' title='bbox 475 431 651 472; x_wconf 90' lang='lat' dir='ltr'>secuta</span> <span class='ocrx_word' id='word_1_10' title='bbox 714 421 885 473; x_wconf 89' lang='lat' dir='ltr'>fuerat</span> <span class='ocrx_word' id='word_1_11' title='bbox 944 424 1178 474; x_wconf 87' lang='lat' dir='ltr'>suavitas</span> 
     </span>
     <span class='ocr_line' id='line_1_3' title="bbox 111 491 1178 560; baseline 0.003 -18"><span class='ocrx_word' id='word_1_12' title='bbox 111 491 366 558; x_wconf 88' lang='lat' dir='ltr'>figuratur</span> <span class='ocrx_word' id='word_1_13' title='bbox 395 492 486 543; x_wconf 93' lang='lat' dir='ltr'>illa</span> <span class='ocrx_word' id='word_1_14' title='bbox 517 509 624 559; x_wconf 91' lang='lat' dir='ltr'>qua</span> <span class='ocrx_word' id='word_1_15' title='bbox 662 493 1004 560; x_wconf 88' lang='lat' dir='ltr'>diligentium</span> <span class='ocrx_word' id='word_1_16' title='bbox 1043 510 1098 545; x_wconf 89' lang='lat' dir='ltr'>se</span> <span class='ocrx_word' id='word_1_17' title='bbox 1126 505 1178 546; x_wconf 94' lang='lat' dir='ltr'>et</span> 
     </span>
     <span class='ocr_line' id='line_1_4' title="bbox 110 566 1177 631; baseline 0.003 -16"><span class='ocrx_word' id='word_1_18' title='bbox 110 566 468 631; x_wconf 86' lang='lat' dir='ltr'>quaerentium</span> <span class='ocrx_word' id='word_1_19' title='bbox 498 567 634 616; x_wconf 90' lang='lat' dir='ltr'>solet</span> <span class='ocrx_word' id='word_1_20' title='bbox 652 568 811 617; x_wconf 89' lang='lat' dir='ltr'>corda</span> <span class='ocrx_word' id='word_1_21' title='bbox 837 567 1072 630; x_wconf 88' lang='lat' dir='ltr'>nutrire;</span> <span class='ocrx_word' id='word_1_22' title='bbox 1103 567 1177 618; x_wconf 89' lang='lat' dir='ltr'>ita</span> 
     </span>
     <span class='ocr_line' id='line_1_5' title="bbox 113 640 1179 706; baseline 0.002 -15"><span class='ocrx_word' id='word_1_23' title='bbox 113 640 168 691; x_wconf 84' lang='lat' dir='ltr'>in</span> <span class='ocrx_word' id='word_1_24' title='bbox 200 641 303 691; x_wconf 90' lang='lat' dir='ltr'>hoc</span> <span class='ocrx_word' id='word_1_25' title='bbox 332 656 472 691; x_wconf 88' lang='lat' dir='ltr'>caeco</span> <span class='ocrx_word' id='word_1_26' title='bbox 520 642 779 706; x_wconf 90' lang='lat' dir='ltr'>paulatim</span> <span class='ocrx_word' id='word_1_27' title='bbox 809 653 990 693; x_wconf 89' lang='lat' dir='ltr'>curato</span> <span class='ocrx_word' id='word_1_28' title='bbox 1018 658 1047 693; x_wconf 87' lang='lat' dir='ltr'>a</span> <span class='ocrx_word' id='word_1_29' title='bbox 1076 644 1179 693; x_wconf 86' lang='lat' dir='ltr'>Do·</span> 
     </span>
     <span class='ocr_line' id='line_1_6' title="bbox 114 711 1176 778; baseline 0.004 -18"><span class='ocrx_word' id='word_1_30' title='bbox 114 711 281 774; x_wconf 90' lang='lat' dir='ltr'>mino,</span> <span class='ocrx_word' id='word_1_31' title='bbox 332 711 661 762; x_wconf 88' lang='lat' dir='ltr'>illuminatio</span> <span class='ocrx_word' id='word_1_32' title='bbox 705 712 1016 778; x_wconf 88' lang='lat' dir='ltr'>designatur</span> <span class='ocrx_word' id='word_1_33' title='bbox 1058 730 1176 764; x_wconf 90' lang='lat' dir='ltr'>cor-</span> 
     </span>
     <span class='ocr_line' id='line_1_7' title="bbox 111 780 1176 848; baseline 0.003 -17"><span class='ocrx_word' id='word_1_34' title='bbox 111 780 263 831; x_wconf 88' lang='lat' dir='ltr'>dium</span> <span class='ocrx_word' id='word_1_35' title='bbox 287 783 594 843; x_wconf 87' lang='lat' dir='ltr'>stultorum,</span> <span class='ocrx_word' id='word_1_36' title='bbox 616 798 676 832; x_wconf 92' lang='lat' dir='ltr'>ac</span> <span class='ocrx_word' id='word_1_37' title='bbox 697 784 854 848; x_wconf 90' lang='lat' dir='ltr'>longe</span> <span class='ocrx_word' id='word_1_38' title='bbox 881 798 911 832; x_wconf 89' lang='lat' dir='ltr'>a</span> <span class='ocrx_word' id='word_1_39' title='bbox 936 783 1022 834; x_wconf 92' lang='lat' dir='ltr'>via</span> <span class='ocrx_word' id='word_1_40' title='bbox 1044 783 1176 834; x_wconf 85' lang='lat' dir='ltr'>veri-</span> 
     </span>
     <span class='ocr_line' id='line_1_8' title="bbox 113 851 1173 919; baseline 0.002 -17"><span class='ocrx_word' id='word_1_41' title='bbox 113 851 236 902; x_wconf 86' lang='lat' dir='ltr'>tatis</span> <span class='ocrx_word' id='word_1_42' title='bbox 261 852 640 902; x_wconf 86' lang='lat' dir='ltr'>aberrantium.</span> <span class='ocrx_word' id='word_1_43' title='bbox 688 853 965 919; x_wconf 87' lang='lat' dir='ltr'>Rogabant</span> <span class='ocrx_word' id='word_1_44' title='bbox 994 864 1173 904; x_wconf 90' lang='lat' dir='ltr'>autem</span> 
     </span>
     <span class='ocr_line' id='line_1_9' title="bbox 113 926 1174 992; baseline 0.002 -17"><span class='ocrx_word' id='word_1_45' title='bbox 113 939 238 976; x_wconf 87' lang='lat' dir='ltr'>eum</span> <span class='ocrx_word' id='word_1_46' title='bbox 291 935 351 975; x_wconf 91' lang='lat' dir='ltr'>ut</span> <span class='ocrx_word' id='word_1_47' title='bbox 409 926 565 976; x_wconf 91' lang='lat' dir='ltr'>illum</span> <span class='ocrx_word' id='word_1_48' title='bbox 628 935 885 992; x_wconf 88' lang='lat' dir='ltr'>tangeret,</span> <span class='ocrx_word' id='word_1_49' title='bbox 943 926 1174 977; x_wconf 87' lang='lat' dir='ltr'>scientes</span> 
     </span>
     <span class='ocr_line' id='line_1_10' title="bbox 113 996 1171 1067; baseline 0.002 -21"><span class='ocrx_word' id='word_1_50' title='bbox 113 996 240 1063; x_wconf 89' lang='lat' dir='ltr'>quia</span> <span class='ocrx_word' id='word_1_51' title='bbox 266 1006 436 1047; x_wconf 88' lang='lat' dir='ltr'>tactus</span> <span class='ocrx_word' id='word_1_52' title='bbox 463 996 704 1067; x_wconf 85' lang='lat' dir='ltr'><strong>Domini,</strong></span> <span class='ocrx_word' id='word_1_53' title='bbox 734 996 873 1048; x_wconf 91' lang='lat' dir='ltr'>sicut</span> <span class='ocrx_word' id='word_1_54' title='bbox 901 999 1171 1064; x_wconf 88' lang='lat' dir='ltr'>leprosum</span> 
     </span>
     <span class='ocr_line' id='line_1_11' title="bbox 115 1067 1172 1129; baseline 0 -11"><span class='ocrx_word' id='word_1_55' title='bbox 115 1067 398 1129; x_wconf 87' lang='lat' dir='ltr'>mundare,</span> <span class='ocrx_word' id='word_1_56' title='bbox 430 1068 504 1117; x_wconf 90' lang='lat' dir='ltr'>ita</span> <span class='ocrx_word' id='word_1_57' title='bbox 531 1068 691 1117; x_wconf 90' lang='lat' dir='ltr'>etiam</span> <span class='ocrx_word' id='word_1_58' title='bbox 734 1082 935 1118; x_wconf 86' lang='lat' dir='ltr'>caecum</span> <span class='ocrx_word' id='word_1_59' title='bbox 961 1068 1172 1118; x_wconf 86' lang='lat' dir='ltr'>illumi-</span> 
     </span>
     <span class='ocr_line' id='line_1_12' title="bbox 114 1140 1172 1210; baseline 0 -19"><span class='ocrx_word' id='word_1_60' title='bbox 114 1156 238 1191; x_wconf 82' lang='lat' dir='ltr'>nare</span> <span class='ocrx_word' id='word_1_61' title='bbox 265 1141 476 1192; x_wconf 89' lang='lat' dir='ltr'>valeret.</span> <span class='ocrx_word' id='word_1_62' title='bbox 523 1140 820 1210; x_wconf 86' lang='lat' dir='ltr'>Tangimus</span> <span class='ocrx_word' id='word_1_63' title='bbox 852 1151 1029 1192; x_wconf 88' lang='lat' dir='ltr'>autem</span> <span class='ocrx_word' id='word_1_64' title='bbox 1057 1142 1172 1191; x_wconf 89' lang='lat' dir='ltr'>Do·-</span> 
     </span>
     <span class='ocr_line' id='line_1_13' title="bbox 114 1209 1173 1277; baseline 0.002 -16"><span class='ocrx_word' id='word_1_65' title='bbox 114 1211 322 1262; x_wconf 91' lang='lat' dir='ltr'>minum</span> <span class='ocrx_word' id='word_1_66' title='bbox 355 1227 473 1270; x_wconf 90' lang='lat' dir='ltr'>nos,</span> <span class='ocrx_word' id='word_1_67' title='bbox 503 1227 627 1260; x_wconf 91' lang='lat' dir='ltr'>cum</span> <span class='ocrx_word' id='word_1_68' title='bbox 667 1211 714 1261; x_wconf 89' lang='lat' dir='ltr'>ei</span> <span class='ocrx_word' id='word_1_69' title='bbox 739 1209 842 1261; x_wconf 88' lang='lat' dir='ltr'>fide</span> <span class='ocrx_word' id='word_1_70' title='bbox 879 1212 1086 1277; x_wconf 88' lang='lat' dir='ltr'>integra</span> <span class='ocrx_word' id='word_1_71' title='bbox 1121 1222 1173 1263; x_wconf 87' lang='lat' dir='ltr'>et</span> 
     </span>
     <span class='ocr_line' id='line_1_14' title="bbox 114 1283 1170 1368; baseline 0.001 -33"><span class='ocrx_word' id='word_1_72' title='bbox 114 1283 314 1335; x_wconf 89' lang='lat' dir='ltr'>sincera</span> <span class='ocrx_word' id='word_1_73' title='bbox 378 1284 743 1347; x_wconf 78' lang='lat' dir='ltr'>adhaeremus,</span> <span class='ocrx_word' id='word_1_74' title='bbox 809 1285 980 1351; x_wconf 90' lang='lat' dir='ltr'>tangit</span> <span class='ocrx_word' id='word_1_75' title='bbox 1037 1302 1170 1368; x_wconf 68' lang='lat' dir='ltr'>nos,</span> 
     </span>
     <span class='ocr_line' id='line_1_15' title="bbox 113 1357 1170 1408; baseline 0.001 -1"><span class='ocrx_word' id='word_1_76' title='bbox 113 1372 230 1407; x_wconf 91' lang='lat' dir='ltr'>cum</span> <span class='ocrx_word' id='word_1_77' title='bbox 280 1366 516 1407; x_wconf 87' lang='lat' dir='ltr'><strong>mentem</strong></span> <span class='ocrx_word' id='word_1_78' title='bbox 567 1366 802 1407; x_wconf 89' lang='lat' dir='ltr'>nostram</span> <span class='ocrx_word' id='word_1_79' title='bbox 857 1357 1037 1408; x_wconf 88' lang='lat' dir='ltr'>affiatu</span> <span class='ocrx_word' id='word_1_80' title='bbox 1085 1357 1170 1408; x_wconf 90' lang='lat' dir='ltr'>sui</span> 
     </span>
     <span class='ocr_line' id='line_1_16' title="bbox 112 1422 1172 1495; baseline 0.002 -17"><span class='ocrx_word' id='word_1_81' title='bbox 112 1428 338 1494; x_wconf 82' lang='lat' dir='ltr'>Spiritus</span> <span class='ocrx_word' id='word_1_82' title='bbox 366 1428 615 1489; x_wconf 84' lang='lat' dir='ltr'>illustrat,</span> <span class='ocrx_word' id='word_1_83' title='bbox 642 1422 803 1494; x_wconf 83' lang='lat' dir='ltr'>atque</span> <span class='ocrx_word' id='word_1_84' title='bbox 826 1429 889 1479; x_wconf 88' lang='lat' dir='ltr'>ad</span> <span class='ocrx_word' id='word_1_85' title='bbox 913 1428 1172 1495; x_wconf 89' lang='lat' dir='ltr'>cognitio-</span> 
     </span>
     <span class='ocr_line' id='line_1_17' title="bbox 114 1497 1171 1563; baseline 0.002 -16"><span class='ocrx_word' id='word_1_86' title='bbox 114 1513 232 1548; x_wconf 87' lang='lat' dir='ltr'>nem</span> <span class='ocrx_word' id='word_1_87' title='bbox 270 1514 370 1549; x_wconf 90' lang='lat' dir='ltr'>nos</span> <span class='ocrx_word' id='word_1_88' title='bbox 408 1498 642 1563; x_wconf 88' lang='lat' dir='ltr'>propriae</span> <span class='ocrx_word' id='word_1_89' title='bbox 685 1497 1015 1549; x_wconf 89' lang='lat' dir='ltr'>infirmitatis</span> <span class='ocrx_word' id='word_1_90' title='bbox 1049 1509 1171 1549; x_wconf 90' lang='lat' dir='ltr'>stu-</span> 
     </span>
     <span class='ocr_line' id='line_1_18' title="bbox 112 1568 1169 1634; baseline 0.002 -17"><span class='ocrx_word' id='word_1_91' title='bbox 112 1568 365 1634; x_wconf 90' lang='lat' dir='ltr'>diumque</span> <span class='ocrx_word' id='word_1_92' title='bbox 414 1570 568 1618; x_wconf 87' lang='lat' dir='ltr'>bonae</span> <span class='ocrx_word' id='word_1_93' title='bbox 623 1568 848 1618; x_wconf 88' lang='lat' dir='ltr'>actionis</span> <span class='ocrx_word' id='word_1_94' title='bbox 912 1568 1169 1620; x_wconf 86' lang='lat' dir='ltr'>accendit.</span> 
     </span>
     <span class='ocr_line' id='line_1_19' title="bbox 113 1640 1169 1706; baseline 0.001 -17"><span class='ocrx_word' id='word_1_95' title='bbox 113 1640 475 1706; x_wconf 87' lang='lat' dir='ltr'>Apprehendit</span> <span class='ocrx_word' id='word_1_96' title='bbox 512 1654 734 1689; x_wconf 89' lang='lat' dir='ltr'>manum</span> <span class='ocrx_word' id='word_1_97' title='bbox 774 1640 917 1700; x_wconf 89' lang='lat' dir='ltr'>caeci,</span> <span class='ocrx_word' id='word_1_98' title='bbox 956 1650 1017 1690; x_wconf 91' lang='lat' dir='ltr'>ut</span> <span class='ocrx_word' id='word_1_99' title='bbox 1045 1656 1169 1692; x_wconf 89' lang='lat' dir='ltr'>eum</span> 
     </span>
     <span class='ocr_line' id='line_1_20' title="bbox 112 1713 1171 1778; baseline 0 -14"><span class='ocrx_word' id='word_1_100' title='bbox 112 1714 171 1764; x_wconf 83' lang='lat' dir='ltr'>ad</span> <span class='ocrx_word' id='word_1_101' title='bbox 207 1714 599 1764; x_wconf 87' lang='lat' dir='ltr'>excusationem</span> <span class='ocrx_word' id='word_1_102' title='bbox 644 1714 798 1764; x_wconf 85' lang='lat' dir='ltr'>bonae</span> <span class='ocrx_word' id='word_1_103' title='bbox 826 1713 1171 1778; x_wconf 68' lang='lat' dir='ltr'>operationis</span> 
     </span>
     <span class='ocr_line' id='line_1_21' title="bbox 114 1783 1170 1845; baseline 0.001 -12"><span class='ocrx_word' id='word_1_104' title='bbox 114 1783 383 1834; x_wconf 88' lang='lat' dir='ltr'>confortet.</span> <span class='ocrx_word' id='word_1_105' title='bbox 436 1783 625 1834; x_wconf 88' lang='lat' dir='ltr'>Educit</span> <span class='ocrx_word' id='word_1_106' title='bbox 653 1793 797 1845; x_wconf 77' lang='lat' dir='ltr'>extra</span> <span class='ocrx_word' id='word_1_107' title='bbox 824 1783 1021 1843; x_wconf 82' lang='lat' dir='ltr'>vicum,</span> <span class='ocrx_word' id='word_1_108' title='bbox 1051 1794 1113 1834; x_wconf 92' lang='lat' dir='ltr'>ut</span> <span class='ocrx_word' id='word_1_109' title='bbox 1139 1800 1170 1834; x_wconf 91' lang='lat' dir='ltr'>a</span> 
     </span>
     <span class='ocr_line' id='line_1_22' title="bbox 114 1853 1168 1921; baseline 0 -16"><span class='ocrx_word' id='word_1_110' title='bbox 114 1853 211 1905; x_wconf 84' lang='lat' dir='ltr'>vita</span> <span class='ocrx_word' id='word_1_111' title='bbox 244 1855 452 1921; x_wconf 89' lang='lat' dir='ltr'>vulgari</span> <span class='ocrx_word' id='word_1_112' title='bbox 493 1863 814 1920; x_wconf 77' lang='lat' dir='ltr'>segregatuS,</span> <span class='ocrx_word' id='word_1_113' title='bbox 839 1855 1168 1905; x_wconf 88' lang='lat' dir='ltr'>voluntatem</span> 
     </span>
     <span class='ocr_line' id='line_1_23' title="bbox 116 1927 1169 1993; baseline 0 -16"><span class='ocrx_word' id='word_1_114' title='bbox 116 1928 192 1977; x_wconf 83' lang='lat' dir='ltr'>sui</span> <span class='ocrx_word' id='word_1_115' title='bbox 219 1927 548 1991; x_wconf 88' lang='lat' dir='ltr'>Conditoris,</span> <span class='ocrx_word' id='word_1_116' title='bbox 579 1943 688 1993; x_wconf 94' lang='lat' dir='ltr'>quo</span> <span class='ocrx_word' id='word_1_117' title='bbox 718 1927 1008 1977; x_wconf 86' lang='lat' dir='ltr'>illuminari</span> <span class='ocrx_word' id='word_1_118' title='bbox 1049 1943 1169 1977; x_wconf 88' lang='lat' dir='ltr'>me-</span> 
     </span>
     <span class='ocr_line' id='line_1_24' title="bbox 115 1998 1172 2062; baseline 0.003 -15"><span class='ocrx_word' id='word_1_119' title='bbox 115 2007 266 2062; x_wconf 82' lang='lat' dir='ltr'>retur,</span> <span class='ocrx_word' id='word_1_120' title='bbox 316 1998 539 2048; x_wconf 88' lang='lat' dir='ltr'>liberius</span> <span class='ocrx_word' id='word_1_121' title='bbox 567 1998 752 2048; x_wconf 89' lang='lat' dir='ltr'>sedulo</span> <span class='ocrx_word' id='word_1_122' title='bbox 792 1998 947 2048; x_wconf 90' lang='lat' dir='ltr'>corde</span> <span class='ocrx_word' id='word_1_123' title='bbox 975 2009 1172 2050; x_wconf 86' lang='lat' dir='ltr'>scrute-</span> 
     </span>
     <span class='ocr_line' id='line_1_25' title="bbox 115 2068 1170 2136; baseline 0.001 -17"><span class='ocrx_word' id='word_1_124' title='bbox 115 2077 211 2120; x_wconf 89' lang='lat' dir='ltr'>tur.</span> <span class='ocrx_word' id='word_1_125' title='bbox 250 2069 514 2136; x_wconf 89' lang='lat' dir='ltr'>Quisquis</span> <span class='ocrx_word' id='word_1_126' title='bbox 542 2068 689 2119; x_wconf 90' lang='lat' dir='ltr'>enim</span> <span class='ocrx_word' id='word_1_127' title='bbox 731 2070 915 2119; x_wconf 90' lang='lat' dir='ltr'>lumen</span> <span class='ocrx_word' id='word_1_128' title='bbox 965 2070 1170 2120; x_wconf 89' lang='lat' dir='ltr'>aeterni-</span> 
     </span>
     <span class='ocr_line' id='line_1_26' title="bbox 112 2138 1169 2206; baseline 0.001 -17"><span class='ocrx_word' id='word_1_129' title='bbox 112 2138 224 2189; x_wconf 88' lang='lat' dir='ltr'>tatis</span> <span class='ocrx_word' id='word_1_130' title='bbox 250 2139 431 2189; x_wconf 85' lang='lat' dir='ltr'>videre</span> <span class='ocrx_word' id='word_1_131' title='bbox 470 2139 755 2199; x_wconf 85' lang='lat' dir='ltr'>desiderat,</span> <span class='ocrx_word' id='word_1_132' title='bbox 787 2155 897 2188; x_wconf 92' lang='lat' dir='ltr'>non</span> <span class='ocrx_word' id='word_1_133' title='bbox 926 2142 1169 2206; x_wconf 88' lang='lat' dir='ltr'>exempla</span> 
     </span>
     <span class='ocr_line' id='line_1_27' title="bbox 114 2210 1168 2270; baseline 0.001 -9"><span class='ocrx_word' id='word_1_134' title='bbox 114 2210 398 2270; x_wconf 88' lang='lat' dir='ltr'>turbarum,</span> <span class='ocrx_word' id='word_1_135' title='bbox 438 2211 531 2261; x_wconf 87' lang='lat' dir='ltr'>sed</span> <span class='ocrx_word' id='word_1_136' title='bbox 560 2212 808 2262; x_wconf 90' lang='lat' dir='ltr'>ducatum</span> <span class='ocrx_word' id='word_1_137' title='bbox 849 2226 1059 2261; x_wconf 85' lang='lat' dir='ltr'>necesse</span> <span class='ocrx_word' id='word_1_138' title='bbox 1089 2221 1168 2262; x_wconf 88' lang='lat' dir='ltr'>est</span> 
     </span>
     <span class='ocr_line' id='line_1_28' title="bbox 115 2281 1167 2349; baseline 0.001 -17"><span class='ocrx_word' id='word_1_139' title='bbox 115 2295 315 2348; x_wconf 83' lang='lat' dir='ltr'>semper</span> <span class='ocrx_word' id='word_1_140' title='bbox 341 2281 431 2332; x_wconf 90' lang='lat' dir='ltr'>sui</span> <span class='ocrx_word' id='word_1_141' title='bbox 484 2281 857 2347; x_wconf 89' lang='lat' dir='ltr'>Redemptoris</span> <span class='ocrx_word' id='word_1_142' title='bbox 894 2292 1167 2349; x_wconf 89' lang='lat' dir='ltr'>sequatur.</span> 
     </span>
     <span class='ocr_line' id='line_1_29' title="bbox 117 2354 1166 2422; baseline 0.001 -18"><span class='ocrx_word' id='word_1_143' title='bbox 117 2354 226 2408; x_wconf 83' lang='lat' dir='ltr'>Ideo</span> <span class='ocrx_word' id='word_1_144' title='bbox 251 2366 431 2407; x_wconf 87' lang='lat' dir='ltr'>autem</span> <span class='ocrx_word' id='word_1_145' title='bbox 463 2371 662 2406; x_wconf 84' lang='lat' dir='ltr'>caecum</span> <span class='ocrx_word' id='word_1_146' title='bbox 709 2356 855 2406; x_wconf 91' lang='lat' dir='ltr'>hunc</span> <span class='ocrx_word' id='word_1_147' title='bbox 890 2355 1166 2422; x_wconf 90' lang='lat' dir='ltr'>paulatim,</span> 
     </span>
     <span class='ocr_line' id='line_1_30' title="bbox 117 2439 1169 2496; baseline 0 -16"><span class='ocrx_word' id='word_1_148' title='bbox 117 2439 162 2480; x_wconf 88' lang='lat' dir='ltr'>et</span> <span class='ocrx_word' id='word_1_149' title='bbox 205 2447 317 2482; x_wconf 90' lang='lat' dir='ltr'>non</span> <span class='ocrx_word' id='word_1_150' title='bbox 356 2440 578 2496; x_wconf 87' lang='lat' dir='ltr'>repente</span> <span class='ocrx_word' id='word_1_151' title='bbox 618 2439 788 2490; x_wconf 90' lang='lat' dir='ltr'>curat,</span> <span class='ocrx_word' id='word_1_152' title='bbox 835 2445 996 2495; x_wconf 91' lang='lat' dir='ltr'>quem</span> <span class='ocrx_word' id='word_1_153' title='bbox 1042 2446 1169 2480; x_wconf 86' lang='lat' dir='ltr'>mox</span> 
     </span>
     <span class='ocr_line' id='line_1_31' title="bbox 121 2501 1168 2567; baseline 0.001 -17"><span class='ocrx_word' id='word_1_154' title='bbox 121 2515 214 2553; x_wconf 87' lang='lat' dir='ltr'>uno</span> <span class='ocrx_word' id='word_1_155' title='bbox 234 2504 418 2566; x_wconf 77' lang='lat' dir='ltr'>verbe,</span> <span class='ocrx_word' id='word_1_156' title='bbox 452 2501 502 2552; x_wconf 90' lang='lat' dir='ltr'>si</span> <span class='ocrx_word' id='word_1_157' title='bbox 536 2502 713 2562; x_wconf 86' lang='lat' dir='ltr'>vellet,</span> <span class='ocrx_word' id='word_1_158' title='bbox 742 2510 946 2567; x_wconf 90' lang='lat' dir='ltr'>poterat</span> <span class='ocrx_word' id='word_1_159' title='bbox 969 2516 1168 2562; x_wconf 91' lang='lat' dir='ltr'>curare,</span> 
     </span>
    </p>
   </div>
   <div class='ocr_carea' id='block_1_3' title="bbox 2241 319 2346 389">
    <p class='ocr_par' dir='ltr' id='par_1_3' title="bbox 2241 319 2346 389">
     <span class='ocr_line' id='line_1_32' title="bbox 2241 319 2346 389; baseline 0.01 -19"><span class='ocrx_word' id='word_1_160' title='bbox 2241 319 2346 389; x_wconf 88' lang='lat'>819</span> 
     </span>
    </p>
   </div>
   <div class='ocr_carea' id='block_1_4' title="bbox 1272 428 2351 2483">
    <p class='ocr_par' dir='ltr' id='par_1_4' title="bbox 1272 428 2351 2483">
     <span class='ocr_line' id='line_1_33' title="bbox 1282 428 2351 494; baseline 0.012 -19"><span class='ocrx_word' id='word_1_161' title='bbox 1282 436 1343 475; x_wconf 94' lang='lat' dir='ltr'>ut</span> <span class='ocrx_word' id='word_1_162' title='bbox 1367 428 1797 494; x_wconf 85' lang='lat' dir='ltr'>magnitudinem</span> <span class='ocrx_word' id='word_1_163' title='bbox 1827 432 2081 485; x_wconf 86' lang='lat' dir='ltr'>humanae</span> <span class='ocrx_word' id='word_1_164' title='bbox 2104 436 2351 488; x_wconf 81' lang='lat' dir='ltr'>caecitatis</span> 
     </span>
     <span class='ocr_line' id='line_1_34' title="bbox 1282 500 2349 570; baseline 0.01 -24"><span class='ocrx_word' id='word_1_165' title='bbox 1282 500 1611 561; x_wconf 88' lang='lat' dir='ltr'>ostenderet,</span> <span class='ocrx_word' id='word_1_166' title='bbox 1651 517 1771 567; x_wconf 88' lang='lat' dir='ltr'>quae</span> <span class='ocrx_word' id='word_1_167' title='bbox 1812 504 1964 569; x_wconf 86' lang='lat' dir='ltr'>quasi</span> <span class='ocrx_word' id='word_1_168' title='bbox 2002 506 2349 570; x_wconf 87' lang='lat' dir='ltr'>pedetentim,</span> 
     </span>
     <span class='ocr_line' id='line_1_35' title="bbox 1280 575 2348 657; baseline 0.01 -36"><span class='ocrx_word' id='word_1_169' title='bbox 1280 579 1331 621; x_wconf 89' lang='lat' dir='ltr'>et</span> <span class='ocrx_word' id='word_1_170' title='bbox 1360 587 1455 637; x_wconf 90' lang='lat' dir='ltr'>per</span> <span class='ocrx_word' id='word_1_171' title='bbox 1481 575 1745 638; x_wconf 88' lang='lat' dir='ltr'>quosdam</span> <span class='ocrx_word' id='word_1_172' title='bbox 1775 576 2109 657; x_wconf 81' lang='lat' dir='ltr'>profectuum</span> <span class='ocrx_word' id='word_1_173' title='bbox 2134 580 2348 645; x_wconf 78' lang='lat' dir='ltr'>graduS,</span> 
     </span>
     <span class='ocr_line' id='line_1_36' title="bbox 1279 642 2347 715; baseline 0.011 -25"><span class='ocrx_word' id='word_1_174' title='bbox 1279 642 1342 690; x_wconf 91' lang='lat' dir='ltr'>ad</span> <span class='ocrx_word' id='word_1_175' title='bbox 1380 642 1557 693; x_wconf 88' lang='lat' dir='ltr'>lucem</span> <span class='ocrx_word' id='word_1_176' title='bbox 1586 644 1782 696; x_wconf 87' lang='lat' dir='ltr'>divinae</span> <span class='ocrx_word' id='word_1_177' title='bbox 1804 646 2031 698; x_wconf 86' lang='lat' dir='ltr'>visionis</span> <span class='ocrx_word' id='word_1_178' title='bbox 2061 650 2197 704; x_wconf 90' lang='lat' dir='ltr'>solet</span> <span class='ocrx_word' id='word_1_179' title='bbox 2221 666 2347 715; x_wconf 92' lang='lat' dir='ltr'>per-</span> 
     </span>
     <span class='ocr_line' id='line_1_37' title="bbox 1279 711 2346 783; baseline 0.01 -23"><span class='ocrx_word' id='word_1_180' title='bbox 1279 711 1477 764; x_wconf 89' lang='lat' dir='ltr'>venire.</span> <span class='ocrx_word' id='word_1_181' title='bbox 1506 714 1736 779; x_wconf 90' lang='lat' dir='ltr'>Sputum</span> <span class='ocrx_word' id='word_1_182' title='bbox 1766 716 1967 783; x_wconf 90' lang='lat' dir='ltr'>quippe</span> <span class='ocrx_word' id='word_1_183' title='bbox 2002 719 2067 768; x_wconf 88' lang='lat' dir='ltr'>ab</span> <span class='ocrx_word' id='word_1_184' title='bbox 2106 720 2256 771; x_wconf 91' lang='lat' dir='ltr'>intus</span> <span class='ocrx_word' id='word_1_185' title='bbox 2281 721 2346 771; x_wconf 92' lang='lat' dir='ltr'>de</span> 
     </span>
     <span class='ocr_line' id='line_1_38' title="bbox 1279 781 2346 851; baseline 0.009 -20"><span class='ocrx_word' id='word_1_186' title='bbox 1279 781 1450 847; x_wconf 89' lang='lat' dir='ltr'>capite</span> <span class='ocrx_word' id='word_1_187' title='bbox 1474 784 1692 835; x_wconf 88' lang='lat' dir='ltr'>Domini</span> <span class='ocrx_word' id='word_1_188' title='bbox 1713 787 1977 851; x_wconf 90' lang='lat' dir='ltr'>procedit;</span> <span class='ocrx_word' id='word_1_189' title='bbox 2004 805 2198 840; x_wconf 91' lang='lat' dir='ltr'>manus</span> <span class='ocrx_word' id='word_1_190' title='bbox 2220 806 2346 841; x_wconf 88' lang='lat' dir='ltr'>vero</span> 
     </span>
     <span class='ocr_line' id='line_1_39' title="bbox 1278 855 2347 927; baseline 0.008 -24"><span class='ocrx_word' id='word_1_191' title='bbox 1278 861 1405 903; x_wconf 90' lang='lat' dir='ltr'>sunt</span> <span class='ocrx_word' id='word_1_192' title='bbox 1438 855 1683 906; x_wconf 83' lang='lat' dir='ltr'>membra</span> <span class='ocrx_word' id='word_1_193' title='bbox 1708 858 1968 923; x_wconf 78' lang='lat' dir='ltr'>corporiS,</span> <span class='ocrx_word' id='word_1_194' title='bbox 1995 859 2226 910; x_wconf 83' lang='lat' dir='ltr'>exterius</span> <span class='ocrx_word' id='word_1_195' title='bbox 2257 876 2347 927; x_wconf 91' lang='lat' dir='ltr'>po-</span> 
     </span>
     <span class='ocr_line' id='line_1_40' title="bbox 1278 923 2343 1009; baseline 0.009 -36"><span class='ocrx_word' id='word_1_196' title='bbox 1278 923 1396 975; x_wconf 88' lang='lat' dir='ltr'>sita.</span> <span class='ocrx_word' id='word_1_197' title='bbox 1437 926 1687 991; x_wconf 86' lang='lat' dir='ltr'>Expuens</span> <span class='ocrx_word' id='word_1_198' title='bbox 1731 943 1856 1009; x_wconf 83' lang='lat' dir='ltr'>ergo</span> <span class='ocrx_word' id='word_1_199' title='bbox 1900 929 1958 979; x_wconf 95' lang='lat' dir='ltr'>in</span> <span class='ocrx_word' id='word_1_200' title='bbox 1987 931 2169 981; x_wconf 91' lang='lat' dir='ltr'>oculos</span> <span class='ocrx_word' id='word_1_201' title='bbox 2198 931 2343 992; x_wconf 88' lang='lat' dir='ltr'>caeci,</span> 
     </span>
     <span class='ocr_line' id='line_1_41' title="bbox 1277 996 2345 1080; baseline 0.009 -36"><span class='ocrx_word' id='word_1_202' title='bbox 1277 996 1544 1047; x_wconf 91' lang='lat' dir='ltr'>Dominus</span> <span class='ocrx_word' id='word_1_203' title='bbox 1581 997 1831 1080; x_wconf 88' lang='lat' dir='ltr'>imponit</span> <span class='ocrx_word' id='word_1_204' title='bbox 1870 1015 2077 1061; x_wconf 88' lang='lat' dir='ltr'>manus</span> <span class='ocrx_word' id='word_1_205' title='bbox 2117 1018 2240 1053; x_wconf 90' lang='lat' dir='ltr'>suas</span> <span class='ocrx_word' id='word_1_206' title='bbox 2285 1013 2345 1054; x_wconf 88' lang='lat' dir='ltr'>ut</span> 
     </span>
     <span class='ocr_line' id='line_1_42' title="bbox 1275 1066 2345 1148; baseline 0.007 -31"><span class='ocrx_word' id='word_1_207' title='bbox 1275 1066 1472 1148; x_wconf 77' lang='lat' dir='ltr'>videat,</span> <span class='ocrx_word' id='word_1_208' title='bbox 1501 1067 1596 1134; x_wconf 91' lang='lat' dir='ltr'>qui</span> <span class='ocrx_word' id='word_1_209' title='bbox 1649 1069 1937 1122; x_wconf 80' lang='lat' dir='ltr'>caecitatem</span> <span class='ocrx_word' id='word_1_210' title='bbox 1987 1073 2194 1138; x_wconf 83' lang='lat' dir='ltr'>generis</span> <span class='ocrx_word' id='word_1_211' title='bbox 2236 1074 2345 1124; x_wconf 90' lang='lat' dir='ltr'>hu-</span> 
     </span>
     <span class='ocr_line' id='line_1_43' title="bbox 1277 1138 2343 1211; baseline 0.008 -24"><span class='ocrx_word' id='word_1_212' title='bbox 1277 1138 1445 1199; x_wconf 90' lang='lat' dir='ltr'>mani,</span> <span class='ocrx_word' id='word_1_213' title='bbox 1472 1149 1523 1189; x_wconf 93' lang='lat' dir='ltr'>et</span> <span class='ocrx_word' id='word_1_214' title='bbox 1553 1155 1646 1205; x_wconf 92' lang='lat' dir='ltr'>per</span> <span class='ocrx_word' id='word_1_215' title='bbox 1674 1139 1967 1191; x_wconf 85' lang='lat' dir='ltr'>invisibilia</span> <span class='ocrx_word' id='word_1_216' title='bbox 1996 1143 2191 1195; x_wconf 87' lang='lat' dir='ltr'>divinae</span> <span class='ocrx_word' id='word_1_217' title='bbox 2227 1145 2343 1211; x_wconf 89' lang='lat' dir='ltr'>pie-</span> 
     </span>
     <span class='ocr_line' id='line_1_44' title="bbox 1276 1210 2343 1278; baseline 0.007 -19"><span class='ocrx_word' id='word_1_218' title='bbox 1276 1210 1401 1260; x_wconf 90' lang='lat' dir='ltr'>tatis</span> <span class='ocrx_word' id='word_1_219' title='bbox 1455 1211 1623 1273; x_wconf 91' lang='lat' dir='ltr'>dona,</span> <span class='ocrx_word' id='word_1_220' title='bbox 1676 1222 1729 1263; x_wconf 92' lang='lat' dir='ltr'>et</span> <span class='ocrx_word' id='word_1_221' title='bbox 1773 1229 1867 1278; x_wconf 89' lang='lat' dir='ltr'>per</span> <span class='ocrx_word' id='word_1_222' title='bbox 1911 1214 2151 1266; x_wconf 88' lang='lat' dir='ltr'>exhibita</span> <span class='ocrx_word' id='word_1_223' title='bbox 2211 1217 2343 1268; x_wconf 90' lang='lat' dir='ltr'>foris</span> 
     </span>
     <span class='ocr_line' id='line_1_45' title="bbox 1275 1284 2342 1349; baseline 0.007 -20"><span class='ocrx_word' id='word_1_224' title='bbox 1275 1292 1603 1331; x_wconf 86' lang='lat' dir='ltr'>sacramenta</span> <span class='ocrx_word' id='word_1_225' title='bbox 1651 1294 1939 1349; x_wconf 89' lang='lat' dir='ltr'>assumptae</span> <span class='ocrx_word' id='word_1_226' title='bbox 1988 1284 2342 1337; x_wconf 89' lang='lat' dir='ltr'>humanitatis</span> 
     </span>
     <span class='ocr_line' id='line_1_46' title="bbox 1274 1351 2341 1413; baseline 0.006 -12"><span class='ocrx_word' id='word_1_227' title='bbox 1274 1351 1542 1403; x_wconf 87' lang='lat' dir='ltr'>abstersit.</span> <span class='ocrx_word' id='word_1_228' title='bbox 1578 1353 1736 1413; x_wconf 87' lang='lat' dir='ltr'>Quod</span> <span class='ocrx_word' id='word_1_229' title='bbox 1774 1364 1956 1406; x_wconf 79' lang='lat' dir='ltr'>autem</span> <span class='ocrx_word' id='word_1_230' title='bbox 1996 1371 2121 1405; x_wconf 90' lang='lat' dir='ltr'>eum</span> <span class='ocrx_word' id='word_1_231' title='bbox 2150 1355 2206 1405; x_wconf 95' lang='lat' dir='ltr'>in</span> <span class='ocrx_word' id='word_1_232' title='bbox 2236 1357 2341 1407; x_wconf 91' lang='lat' dir='ltr'>do-</span> 
     </span>
     <span class='ocr_line' id='line_1_47' title="bbox 1275 1423 2344 1492; baseline 0.006 -20"><span class='ocrx_word' id='word_1_233' title='bbox 1275 1438 1429 1474; x_wconf 90' lang='lat' dir='ltr'>mum</span> <span class='ocrx_word' id='word_1_234' title='bbox 1455 1423 1532 1474; x_wconf 88' lang='lat' dir='ltr'>ire</span> <span class='ocrx_word' id='word_1_235' title='bbox 1560 1425 1826 1491; x_wconf 90' lang='lat' dir='ltr'>praecepit,</span> <span class='ocrx_word' id='word_1_236' title='bbox 1852 1426 2076 1492; x_wconf 87' lang='lat' dir='ltr'>mystice</span> <span class='ocrx_word' id='word_1_237' title='bbox 2092 1426 2344 1479; x_wconf 88' lang='lat' dir='ltr'>admonet</span> 
     </span>
     <span class='ocr_line' id='line_1_48' title="bbox 1274 1496 2341 1563; baseline 0.005 -18"><span class='ocrx_word' id='word_1_238' title='bbox 1274 1511 1466 1546; x_wconf 89' lang='lat' dir='ltr'>omnes</span> <span class='ocrx_word' id='word_1_239' title='bbox 1510 1496 1607 1562; x_wconf 90' lang='lat' dir='ltr'>qui</span> <span class='ocrx_word' id='word_1_240' title='bbox 1654 1498 1958 1563; x_wconf 88' lang='lat' dir='ltr'>cognitione</span> <span class='ocrx_word' id='word_1_241' title='bbox 1998 1498 2233 1549; x_wconf 89' lang='lat' dir='ltr'>veritatis</span> <span class='ocrx_word' id='word_1_242' title='bbox 2268 1500 2341 1551; x_wconf 91' lang='lat' dir='ltr'>il-</span> 
     </span>
     <span class='ocr_line' id='line_1_49' title="bbox 1272 1566 2339 1632; baseline 0.004 -16"><span class='ocrx_word' id='word_1_243' title='bbox 1272 1566 1589 1626; x_wconf 85' lang='lat' dir='ltr'>lustrantur,</span> <span class='ocrx_word' id='word_1_244' title='bbox 1620 1578 1680 1617; x_wconf 93' lang='lat' dir='ltr'>ut</span> <span class='ocrx_word' id='word_1_245' title='bbox 1703 1568 1767 1617; x_wconf 92' lang='lat' dir='ltr'>ad</span> <span class='ocrx_word' id='word_1_246' title='bbox 1788 1583 1879 1618; x_wconf 90' lang='lat' dir='ltr'>cor</span> <span class='ocrx_word' id='word_1_247' title='bbox 1901 1584 2061 1619; x_wconf 90' lang='lat' dir='ltr'>suum</span> <span class='ocrx_word' id='word_1_248' title='bbox 2090 1569 2339 1632; x_wconf 81' lang='lat' dir='ltr'>redeant3</span> 
     </span>
     <span class='ocr_line' id='line_1_50' title="bbox 1274 1638 2343 1703; baseline 0.004 -16"><span class='ocrx_word' id='word_1_249' title='bbox 1274 1647 1325 1687; x_wconf 92' lang='lat' dir='ltr'>et</span> <span class='ocrx_word' id='word_1_250' title='bbox 1352 1647 1617 1703; x_wconf 90' lang='lat' dir='ltr'>quantum</span> <span class='ocrx_word' id='word_1_251' title='bbox 1658 1638 1762 1689; x_wconf 91' lang='lat' dir='ltr'>sibi</span> <span class='ocrx_word' id='word_1_252' title='bbox 1800 1639 2055 1689; x_wconf 91' lang='lat' dir='ltr'>donatum</span> <span class='ocrx_word' id='word_1_253' title='bbox 2097 1640 2184 1701; x_wconf 91' lang='lat' dir='ltr'>sit,</span> <span class='ocrx_word' id='word_1_254' title='bbox 2229 1641 2343 1691; x_wconf 92' lang='lat' dir='ltr'>sol-</span> 
     </span>
     <span class='ocr_line' id='line_1_51' title="bbox 1274 1710 2344 1777; baseline 0.004 -17"><span class='ocrx_word' id='word_1_255' title='bbox 1274 1710 1421 1761; x_wconf 89' lang='lat' dir='ltr'>licita</span> <span class='ocrx_word' id='word_1_256' title='bbox 1472 1721 1653 1762; x_wconf 92' lang='lat' dir='ltr'>mente</span> <span class='ocrx_word' id='word_1_257' title='bbox 1715 1712 2079 1777; x_wconf 86' lang='lat' dir='ltr'>perpendant,</span> <span class='ocrx_word' id='word_1_258' title='bbox 2132 1713 2344 1764; x_wconf 87' lang='lat' dir='ltr'>donatis</span> 
     </span>
     <span class='ocr_line' id='line_1_52' title="bbox 1273 1782 2347 1850; baseline 0.003 -19"><span class='ocrx_word' id='word_1_259' title='bbox 1273 1782 1587 1849; x_wconf 91' lang='lat' dir='ltr'>collatisque</span> <span class='ocrx_word' id='word_1_260' title='bbox 1654 1782 1758 1833; x_wconf 87' lang='lat' dir='ltr'>sibi</span> <span class='ocrx_word' id='word_1_261' title='bbox 1814 1782 2088 1834; x_wconf 88' lang='lat' dir='ltr'>beneficiis</span> <span class='ocrx_word' id='word_1_262' title='bbox 2110 1822 2123 1844; x_wconf 93' lang='lat'>,</span> <span class='ocrx_word' id='word_1_263' title='bbox 2183 1784 2347 1850; x_wconf 87' lang='lat' dir='ltr'>digna</span> 
     </span>
     <span class='ocr_line' id='line_1_53' title="bbox 1273 1856 2342 1924; baseline 0.003 -19"><span class='ocrx_word' id='word_1_264' title='bbox 1273 1870 1501 1920; x_wconf 90' lang='lat' dir='ltr'>operum</span> <span class='ocrx_word' id='word_1_265' title='bbox 1564 1856 1901 1907; x_wconf 86' lang='lat' dir='ltr'>exsecutione</span> <span class='ocrx_word' id='word_1_266' title='bbox 1972 1858 2342 1924; x_wconf 86' lang='lat' dir='ltr'>respondeant.</span> 
     </span>
     <span class='ocr_line' id='line_1_54' title="bbox 1275 1926 2346 1988; baseline 0.003 -11"><span class='ocrx_word' id='word_1_267' title='bbox 1275 1926 1415 1988; x_wconf 85' lang='lat' dir='ltr'>Quia</span> <span class='ocrx_word' id='word_1_268' title='bbox 1437 1944 1563 1978; x_wconf 90' lang='lat' dir='ltr'>vero</span> <span class='ocrx_word' id='word_1_269' title='bbox 1586 1944 1727 1988; x_wconf 93' lang='lat' dir='ltr'>eum,</span> <span class='ocrx_word' id='word_1_270' title='bbox 1749 1928 1886 1980; x_wconf 80' lang='lat' dir='ltr'>sicut</span> <span class='ocrx_word' id='word_1_271' title='bbox 1910 1938 1963 1979; x_wconf 88' lang='lat' dir='ltr'>et</span> <span class='ocrx_word' id='word_1_272' title='bbox 1989 1930 2190 1980; x_wconf 91' lang='lat' dir='ltr'>multos</span> <span class='ocrx_word' id='word_1_273' title='bbox 2214 1929 2346 1980; x_wconf 90' lang='lat' dir='ltr'>alios</span> 
     </span>
     <span class='ocr_line' id='line_1_55' title="bbox 1272 2000 2345 2065; baseline 0.003 -17"><span class='ocrx_word' id='word_1_274' title='bbox 1272 2015 1413 2065; x_wconf 88' lang='lat' dir='ltr'>quos</span> <span class='ocrx_word' id='word_1_275' title='bbox 1445 2000 1668 2061; x_wconf 84' lang='lat' dir='ltr'>sanavit,</span> <span class='ocrx_word' id='word_1_276' title='bbox 1710 2000 2042 2051; x_wconf 91' lang='lat' dir='ltr'>sanationem</span> <span class='ocrx_word' id='word_1_277' title='bbox 2066 2017 2219 2051; x_wconf 90' lang='lat' dir='ltr'>suam</span> <span class='ocrx_word' id='word_1_278' title='bbox 2263 2001 2345 2051; x_wconf 89' lang='lat' dir='ltr'>si·-</span> 
     </span>
     <span class='ocr_line' id='line_1_56' title="bbox 1272 2071 2343 2138; baseline 0.001 -17"><span class='ocrx_word' id='word_1_279' title='bbox 1272 2071 1440 2121; x_wconf 90' lang='lat' dir='ltr'>lentio</span> <span class='ocrx_word' id='word_1_280' title='bbox 1485 2080 1660 2136; x_wconf 88' lang='lat' dir='ltr'>tegere</span> <span class='ocrx_word' id='word_1_281' title='bbox 1698 2072 1863 2135; x_wconf 87' lang='lat' dir='ltr'>jubet,</span> <span class='ocrx_word' id='word_1_282' title='bbox 1894 2074 2199 2138; x_wconf 84' lang='lat' dir='ltr'>exemplum</span> <span class='ocrx_word' id='word_1_283' title='bbox 2229 2071 2343 2122; x_wconf 92' lang='lat' dir='ltr'>suis</span> 
     </span>
     <span class='ocr_line' id='line_1_57' title="bbox 1273 2143 2342 2216; baseline 0.001 -22"><span class='ocrx_word' id='word_1_284' title='bbox 1273 2144 1480 2205; x_wconf 88' lang='lat' dir='ltr'>tribuit,</span> <span class='ocrx_word' id='word_1_285' title='bbox 1511 2159 1579 2216; x_wconf 79' lang='lat' dir='ltr'>ne</span> <span class='ocrx_word' id='word_1_286' title='bbox 1615 2145 1681 2193; x_wconf 90' lang='lat' dir='ltr'>de</span> <span class='ocrx_word' id='word_1_287' title='bbox 1719 2143 1807 2194; x_wconf 91' lang='lat' dir='ltr'>his</span> <span class='ocrx_word' id='word_1_288' title='bbox 1839 2159 1959 2210; x_wconf 89' lang='lat' dir='ltr'>quae</span> <span class='ocrx_word' id='word_1_289' title='bbox 1992 2144 2195 2194; x_wconf 91' lang='lat' dir='ltr'>faciunt</span> <span class='ocrx_word' id='word_1_290' title='bbox 2231 2145 2342 2195; x_wconf 86' lang='lat' dir='ltr'>mi-</span> 
     </span>
     <span class='ocr_line' id='line_1_58' title="bbox 1273 2205 2338 2282; baseline -0.001 -15"><span class='ocrx_word' id='word_1_291' title='bbox 1273 2217 1489 2277; x_wconf 78' lang='lat' dir='ltr'>randiS,</span> <span class='ocrx_word' id='word_1_292' title='bbox 1520 2205 1776 2266; x_wconf 90' lang='lat' dir='ltr'>favorem</span> <span class='ocrx_word' id='word_1_293' title='bbox 1831 2215 1976 2281; x_wconf 90' lang='lat' dir='ltr'>vulgi</span> <span class='ocrx_word' id='word_1_294' title='bbox 2025 2216 2338 2282; x_wconf 86' lang='lat' dir='ltr'>requirant;</span> 
     </span>
     <span class='ocr_line' id='line_1_59' title="bbox 1272 2287 2337 2354; baseline -0.003 -14"><span class='ocrx_word' id='word_1_295' title='bbox 1272 2291 1364 2340; x_wconf 93' lang='lat' dir='ltr'>sed</span> <span class='ocrx_word' id='word_1_296' title='bbox 1402 2289 1602 2340; x_wconf 90' lang='lat' dir='ltr'>divinis</span> <span class='ocrx_word' id='word_1_297' title='bbox 1634 2298 1842 2339; x_wconf 90' lang='lat' dir='ltr'>tantum</span> <span class='ocrx_word' id='word_1_298' title='bbox 1890 2289 2212 2354; x_wconf 88' lang='lat' dir='ltr'>aspectibus,</span> <span class='ocrx_word' id='word_1_299' title='bbox 2244 2287 2337 2338; x_wconf 91' lang='lat' dir='ltr'>ubi</span> 
     </span>
     <span class='ocr_line' id='line_1_60' title="bbox 1273 2358 2343 2426; baseline -0.002 -15"><span class='ocrx_word' id='word_1_300' title='bbox 1273 2370 1326 2411; x_wconf 91' lang='lat' dir='ltr'>et</span> <span class='ocrx_word' id='word_1_301' title='bbox 1371 2374 1577 2410; x_wconf 84' lang='lat' dir='ltr'>merces</span> <span class='ocrx_word' id='word_1_302' title='bbox 1621 2368 1797 2420; x_wconf 89' lang='lat' dir='ltr'>restat,</span> <span class='ocrx_word' id='word_1_303' title='bbox 1834 2358 1946 2410; x_wconf 92' lang='lat' dir='ltr'>sint</span> <span class='ocrx_word' id='word_1_304' title='bbox 1989 2360 2191 2426; x_wconf 88' lang='lat' dir='ltr'>placere</span> <span class='ocrx_word' id='word_1_305' title='bbox 2219 2373 2343 2409; x_wconf 86' lang='lat' dir='ltr'>con-</span> 
     </span>
     <span class='ocr_line' id='line_1_61' title="bbox 1274 2429 1862 2483; baseline -0.003 -2"><span class='ocrx_word' id='word_1_306' title='bbox 1274 2430 1412 2482; x_wconf 90' lang='lat' dir='ltr'>tenti</span> <span class='ocrx_word' id='word_1_307' title='bbox 1443 2446 1457 2483; x_wconf 82' lang='lat'>:</span> <span class='ocrx_word' id='word_1_308' title='bbox 1486 2449 1515 2478; x_wconf 71' lang='lat' dir='ltr'>n</span> <span class='ocrx_word' id='word_1_309' title='bbox 1543 2429 1659 2481; x_wconf 84' lang='lat' dir='ltr'>haec</span> <span class='ocrx_word' id='word_1_310' title='bbox 1690 2429 1862 2480; x_wconf 85' lang='lat' dir='ltr'>Beda.</span> 
     </span>
    </p>
   </div>
   <div class='ocr_carea' id='block_1_5' title="bbox 1092 2730 1364 2782">
    <p class='ocr_par' dir='ltr' id='par_1_5' title="bbox 1092 2730 1364 2782">
     <span class='ocr_line' id='line_1_62' title="bbox 1092 2730 1364 2782; baseline 0 0"><span class='ocrx_word' id='word_1_311' title='bbox 1092 2730 1364 2782; x_wconf 87' lang='lat' dir='ltr'>ORATIO</span> 
     </span>
    </p>
   </div>
   <div class='ocr_carea' id='block_1_6' title="bbox 1647 2815 1659 2838">
    <p class='ocr_par' dir='ltr' id='par_1_6' title="bbox 1647 2815 1659 2838">
     <span class='ocr_line' id='line_1_63' title="bbox 1647 2815 1659 2838; baseline 0 0"><span class='ocrx_word' id='word_1_312' title='bbox 1647 2815 1659 2838; x_wconf 65' lang='lat' dir='ltr'>C</span> 
     </span>
    </p>
   </div>
   <div class='ocr_carea' id='block_1_7' title="bbox 119 2904 2336 3478">
    <p class='ocr_par' dir='ltr' id='par_1_7' title="bbox 119 2904 2336 3478">
     <span class='ocr_line' id='line_1_64' title="bbox 169 2904 2336 2972; baseline -0.001 -12"><span class='ocrx_word' id='word_1_313' title='bbox 169 2909 399 2960; x_wconf 89' lang='lat' dir='ltr'>Domine</span> <span class='ocrx_word' id='word_1_314' title='bbox 425 2909 553 2959; x_wconf 84' lang='lat' dir='ltr'>Jesu</span> <span class='ocrx_word' id='word_1_315' title='bbox 583 2908 815 2968; x_wconf 85' lang='lat' dir='ltr'>Christe,</span> <span class='ocrx_word' id='word_1_316' title='bbox 845 2907 923 2957; x_wconf 87' lang='lat' dir='ltr'>fac</span> <span class='ocrx_word' id='word_1_317' title='bbox 950 2921 1160 2957; x_wconf 90' lang='lat' dir='ltr'>mecum</span> <span class='ocrx_word' id='word_1_318' title='bbox 1190 2905 1410 2972; x_wconf 86' lang='lat' dir='ltr'>signum</span> <span class='ocrx_word' id='word_1_319' title='bbox 1444 2904 1770 2956; x_wconf 88' lang='lat' dir='ltr'>infirmitatis</span> <span class='ocrx_word' id='word_1_320' title='bbox 1812 2915 1866 2956; x_wconf 93' lang='lat' dir='ltr'>et</span> <span class='ocrx_word' id='word_1_321' title='bbox 1914 2904 2185 2955; x_wconf 90' lang='lat' dir='ltr'>Passionis</span> <span class='ocrx_word' id='word_1_322' title='bbox 2230 2913 2336 2957; x_wconf 86' lang='lat' dir='ltr'>tuae</span> 
     </span>
     <span class='ocr_line' id='line_1_65' title="bbox 120 2976 2336 3045; baseline -0.001 -15"><span class='ocrx_word' id='word_1_323' title='bbox 120 2980 167 3030; x_wconf 88' lang='lat' dir='ltr'>in</span> <span class='ocrx_word' id='word_1_324' title='bbox 206 2981 442 3043; x_wconf 91' lang='lat' dir='ltr'>bonurn,</span> <span class='ocrx_word' id='word_1_325' title='bbox 477 2989 537 3030; x_wconf 91' lang='lat' dir='ltr'>ut</span> <span class='ocrx_word' id='word_1_326' title='bbox 576 2980 702 3030; x_wconf 91' lang='lat' dir='ltr'>inde</span> <span class='ocrx_word' id='word_1_327' title='bbox 737 2994 830 3045; x_wconf 87' lang='lat' dir='ltr'>per</span> <span class='ocrx_word' id='word_1_328' title='bbox 869 2987 921 3028; x_wconf 90' lang='lat' dir='ltr'>te</span> <span class='ocrx_word' id='word_1_329' title='bbox 959 2993 1046 3027; x_wconf 91' lang='lat' dir='ltr'>me</span> <span class='ocrx_word' id='word_1_330' title='bbox 1075 2977 1316 3042; x_wconf 85' lang='lat' dir='ltr'>adjutum</span> <span class='ocrx_word' id='word_1_331' title='bbox 1350 2977 1611 3043; x_wconf 88' lang='lat' dir='ltr'>gaudeam</span> <span class='ocrx_word' id='word_1_332' title='bbox 1641 2986 1692 3027; x_wconf 92' lang='lat' dir='ltr'>et</span> <span class='ocrx_word' id='word_1_333' title='bbox 1720 2977 2072 3027; x_wconf 90' lang='lat' dir='ltr'>consolatum.</span> <span class='ocrx_word' id='word_1_334' title='bbox 2104 2976 2151 3027; x_wconf 95' lang='lat' dir='ltr'>O</span> <span class='ocrx_word' id='word_1_335' title='bbox 2181 2976 2336 3042; x_wconf 90' lang='lat' dir='ltr'>panis</span> 
     </span>
     <span class='ocr_line' id='line_1_66' title="bbox 119 3046 2334 3117; baseline -0.002 -16"><span class='ocrx_word' id='word_1_336' title='bbox 119 3051 242 3113; x_wconf 85' lang='lat' dir='ltr'>vitae,</span> <span class='ocrx_word' id='word_1_337' title='bbox 261 3054 330 3102; x_wconf 88' lang='lat' dir='ltr'>da</span> <span class='ocrx_word' id='word_1_338' title='bbox 360 3050 499 3101; x_wconf 90' lang='lat' dir='ltr'>mihi</span> <span class='ocrx_word' id='word_1_339' title='bbox 545 3066 756 3117; x_wconf 90' lang='lat' dir='ltr'>semper</span> <span class='ocrx_word' id='word_1_340' title='bbox 802 3060 895 3100; x_wconf 89' lang='lat' dir='ltr'>tuo</span> <span class='ocrx_word' id='word_1_341' title='bbox 944 3063 1129 3098; x_wconf 91' lang='lat' dir='ltr'>amore</span> <span class='ocrx_word' id='word_1_342' title='bbox 1183 3047 1349 3111; x_wconf 87' lang='lat' dir='ltr'>refici,</span> <span class='ocrx_word' id='word_1_343' title='bbox 1385 3057 1445 3099; x_wconf 91' lang='lat' dir='ltr'>ut</span> <span class='ocrx_word' id='word_1_344' title='bbox 1494 3049 1680 3099; x_wconf 90' lang='lat' dir='ltr'>minus</span> <span class='ocrx_word' id='word_1_345' title='bbox 1710 3046 1965 3098; x_wconf 88' lang='lat' dir='ltr'>solliciter</span> <span class='ocrx_word' id='word_1_346' title='bbox 1993 3048 2058 3097; x_wconf 92' lang='lat' dir='ltr'>de</span> <span class='ocrx_word' id='word_1_347' title='bbox 2088 3063 2224 3113; x_wconf 90' lang='lat' dir='ltr'>pane</span> <span class='ocrx_word' id='word_1_348' title='bbox 2251 3047 2334 3097; x_wconf 92' lang='lat' dir='ltr'>vel</span> 
     </span>
     <span class='ocr_line' id='line_1_67' title="bbox 120 3118 2330 3189; baseline -0.003 -15"><span class='ocrx_word' id='word_1_349' title='bbox 120 3137 428 3189; x_wconf 88' lang='lat' dir='ltr'>quocunque</span> <span class='ocrx_word' id='word_1_350' title='bbox 469 3123 658 3172; x_wconf 91' lang='lat' dir='ltr'>solatio</span> <span class='ocrx_word' id='word_1_351' title='bbox 695 3120 993 3187; x_wconf 90' lang='lat' dir='ltr'>temporali.</span> <span class='ocrx_word' id='word_1_352' title='bbox 1033 3121 1111 3169; x_wconf 91' lang='lat' dir='ltr'>Da</span> <span class='ocrx_word' id='word_1_353' title='bbox 1139 3119 1298 3182; x_wconf 89' lang='lat' dir='ltr'>mihi,</span> <span class='ocrx_word' id='word_1_354' title='bbox 1323 3128 1386 3169; x_wconf 91' lang='lat' dir='ltr'>ut</span> <span class='ocrx_word' id='word_1_355' title='bbox 1417 3135 1448 3170; x_wconf 91' lang='lat' dir='ltr'>a</span> <span class='ocrx_word' id='word_1_356' title='bbox 1476 3119 1739 3170; x_wconf 89' lang='lat' dir='ltr'>fermento</span> <span class='ocrx_word' id='word_1_357' title='bbox 1770 3133 2026 3184; x_wconf 88' lang='lat' dir='ltr'>perversae</span> <span class='ocrx_word' id='word_1_358' title='bbox 2056 3118 2330 3177; x_wconf 85' lang='lat' dir='ltr'>doctrinae,</span> 
     </span>
     <span class='ocr_line' id='line_1_68' title="bbox 121 3190 2331 3259; baseline -0.002 -15"><span class='ocrx_word' id='word_1_359' title='bbox 121 3209 170 3244; x_wconf 89' lang='lat' dir='ltr'>ac</span> <span class='ocrx_word' id='word_1_360' title='bbox 201 3196 467 3246; x_wconf 88' lang='lat' dir='ltr'>simulatae</span> <span class='ocrx_word' id='word_1_361' title='bbox 507 3194 742 3259; x_wconf 88' lang='lat' dir='ltr'>justitiae,</span> <span class='ocrx_word' id='word_1_362' title='bbox 773 3201 842 3244; x_wconf 91' lang='lat' dir='ltr'>et</span> <span class='ocrx_word' id='word_1_363' title='bbox 850 3191 1079 3243; x_wconf 88' lang='lat' dir='ltr'>actionis</span> <span class='ocrx_word' id='word_1_364' title='bbox 1106 3207 1280 3258; x_wconf 84' lang='lat' dir='ltr'>pravae</span> <span class='ocrx_word' id='word_1_365' title='bbox 1307 3206 1554 3257; x_wconf 87' lang='lat' dir='ltr'>caveam;</span> <span class='ocrx_word' id='word_1_366' title='bbox 1607 3202 1660 3243; x_wconf 85' lang='lat' dir='ltr'>et</span> <span class='ocrx_word' id='word_1_367' title='bbox 1696 3191 1752 3241; x_wconf 97' lang='lat' dir='ltr'>in</span> <span class='ocrx_word' id='word_1_368' title='bbox 1794 3190 1882 3240; x_wconf 92' lang='lat' dir='ltr'>his</span> <span class='ocrx_word' id='word_1_369' title='bbox 1921 3206 2017 3240; x_wconf 90' lang='lat' dir='ltr'>nec</span> <span class='ocrx_word' id='word_1_370' title='bbox 2042 3190 2210 3241; x_wconf 89' lang='lat' dir='ltr'>active</span> <span class='ocrx_word' id='word_1_371' title='bbox 2234 3204 2331 3239; x_wconf 87' lang='lat' dir='ltr'>nec</span> 
     </span>
     <span class='ocr_line' id='line_1_69' title="bbox 121 3255 2328 3332; baseline -0.004 -14"><span class='ocrx_word' id='word_1_372' title='bbox 121 3269 315 3332; x_wconf 84' lang='lat' dir='ltr'>passive</span> <span class='ocrx_word' id='word_1_373' title='bbox 345 3278 399 3318; x_wconf 89' lang='lat' dir='ltr'>te</span> <span class='ocrx_word' id='word_1_374' title='bbox 435 3267 719 3317; x_wconf 86' lang='lat' dir='ltr'>offendam.</span> <span class='ocrx_word' id='word_1_375' title='bbox 767 3267 815 3317; x_wconf 94' lang='lat' dir='ltr'>O</span> <span class='ocrx_word' id='word_1_376' title='bbox 846 3255 1097 3332; x_wconf 84' lang='lat' dir='ltr'>splendor</span> <span class='ocrx_word' id='word_1_377' title='bbox 1125 3274 1355 3331; x_wconf 84' lang='lat' dir='ltr'>paternae</span> <span class='ocrx_word' id='word_1_378' title='bbox 1402 3265 1605 3331; x_wconf 88' lang='lat' dir='ltr'>gloriae,</span> <span class='ocrx_word' id='word_1_379' title='bbox 1636 3262 1882 3314; x_wconf 90' lang='lat' dir='ltr'>illumina</span> <span class='ocrx_word' id='word_1_380' title='bbox 1908 3279 1999 3314; x_wconf 91' lang='lat' dir='ltr'>cor</span> <span class='ocrx_word' id='word_1_381' title='bbox 2034 3278 2214 3313; x_wconf 89' lang='lat' dir='ltr'>meum</span> <span class='ocrx_word' id='word_1_382' title='bbox 2242 3262 2328 3311; x_wconf 90' lang='lat' dir='ltr'>lu-</span> 
     </span>
     <span class='ocr_line' id='line_1_70' title="bbox 121 3334 2323 3405; baseline -0.002 -18"><span class='ocrx_word' id='word_1_383' title='bbox 121 3338 253 3392; x_wconf 90' lang='lat' dir='ltr'>mine</span> <span class='ocrx_word' id='word_1_384' title='bbox 290 3350 397 3390; x_wconf 83' lang='lat' dir='ltr'>tuae</span> <span class='ocrx_word' id='word_1_385' title='bbox 439 3337 620 3405; x_wconf 85' lang='lat' dir='ltr'>gratiae</span> <span class='ocrx_word' id='word_1_386' title='bbox 662 3337 892 3398; x_wconf 86' lang='lat' dir='ltr'>divinae,</span> <span class='ocrx_word' id='word_1_387' title='bbox 935 3352 1130 3403; x_wconf 90' lang='lat' dir='ltr'>meque</span> <span class='ocrx_word' id='word_1_388' title='bbox 1156 3336 1222 3386; x_wconf 91' lang='lat' dir='ltr'>de</span> <span class='ocrx_word' id='word_1_389' title='bbox 1250 3335 1508 3386; x_wconf 88' lang='lat' dir='ltr'>omnibus</span> <span class='ocrx_word' id='word_1_390' title='bbox 1533 3336 1805 3387; x_wconf 86' lang='lat' dir='ltr'>erroribus</span> <span class='ocrx_word' id='word_1_391' title='bbox 1843 3344 1895 3386; x_wconf 89' lang='lat' dir='ltr'>et</span> <span class='ocrx_word' id='word_1_392' title='bbox 1930 3334 2137 3401; x_wconf 88' lang='lat' dir='ltr'>laqueis</span> <span class='ocrx_word' id='word_1_393' title='bbox 2172 3347 2323 3392; x_wconf 87' lang='lat' dir='ltr'>erue,</span> 
     </span>
     <span class='ocr_line' id='line_1_71' title="bbox 121 3406 2038 3478; baseline -0.001 -20"><span class='ocrx_word' id='word_1_394' title='bbox 121 3421 169 3460; x_wconf 89' lang='lat' dir='ltr'>ac</span> <span class='ocrx_word' id='word_1_395' title='bbox 196 3409 408 3478; x_wconf 87' lang='lat' dir='ltr'>dirige</span> <span class='ocrx_word' id='word_1_396' title='bbox 395 3426 454 3460; x_wconf 91' lang='grc' dir='ltr'>ιιι</span> <span class='ocrx_word' id='word_1_397' title='bbox 481 3408 624 3460; x_wconf 90' lang='lat' dir='ltr'>viam</span> <span class='ocrx_word' id='word_1_398' title='bbox 645 3407 886 3460; x_wconf 88' lang='lat' dir='ltr'>veritatis</span> <span class='ocrx_word' id='word_1_399' title='bbox 921 3417 973 3458; x_wconf 92' lang='lat' dir='ltr'>et</span> <span class='ocrx_word' id='word_1_400' title='bbox 999 3406 1240 3472; x_wconf 87' lang='lat' dir='ltr'>justitiae,</span> <span class='ocrx_word' id='word_1_401' title='bbox 1269 3421 1327 3457; x_wconf 88' lang='lat' dir='ltr'>ac</span> <span class='ocrx_word' id='word_1_402' title='bbox 1355 3406 1545 3457; x_wconf 86' lang='lat' dir='ltr'>salutis</span> <span class='ocrx_word' id='word_1_403' title='bbox 1571 3417 1795 3459; x_wconf 85' lang='lat' dir='ltr'>aeternae.</span> <span class='ocrx_word' id='word_1_404' title='bbox 1825 3407 2038 3458; x_wconf 86' lang='lat' dir='ltr'>Amen.-</span> 
     </span>
    </p>
   </div>
   <div class='ocr_carea' id='block_1_8' title="bbox 691 3706 1757 3753">
    <p class='ocr_par' dir='ltr' id='par_1_8' title="bbox 691 3706 1757 3753">
     <span class='ocr_line' id='line_1_72' title="bbox 691 3706 1757 3753; baseline -0.001 -9"><span class='ocrx_word' id='word_1_405' title='bbox 691 3709 836 3746; x_wconf 77' lang='lat' dir='ltr'>rmrr</span> <span class='ocrx_word' id='word_1_406' title='bbox 866 3711 1029 3748; x_wconf 66' lang='lat' dir='ltr'>PRIMA</span> <span class='ocrx_word' id='word_1_407' title='bbox 1056 3708 1188 3753; x_wconf 59' lang='lat' dir='ltr'>PARS</span> <span class='ocrx_word' id='word_1_408' title='bbox 1214 3709 1352 3747; x_wconf 73' lang='lat' dir='ltr'>vrrAE</span> <span class='ocrx_word' id='word_1_409' title='bbox 1378 3707 1499 3746; x_wconf 77' lang='lat' dir='ltr'>JESU</span> <span class='ocrx_word' id='word_1_410' title='bbox 1530 3706 1757 3744; x_wconf 64' lang='lat' dir='ltr'>cumsrt.</span> 
     </span>
    </p>
   </div>
   <div class='ocr_carea' id='block_1_9' title="bbox 232 3966 1117 4030">
    <p class='ocr_par' dir='ltr' id='par_1_9' title="bbox 232 3966 1117 4030">
     <span class='ocr_line' id='line_1_73' title="bbox 232 3966 1117 4030; baseline -0.005 -8"><span class='ocrx_word' id='word_1_411' title='bbox 232 3970 370 4023; x_wconf 75' lang='lat' dir='ltr'>Vm</span> <span class='ocrx_word' id='word_1_412' title='bbox 399 3969 526 4021; x_wconf 72' lang='lat' dir='ltr'>Jsssu</span> <span class='ocrx_word' id='word_1_413' title='bbox 553 3968 792 4030; x_wconf 73' lang='lat' dir='ltr'>Cmusn,</span> <span class='ocrx_word' id='word_1_414' title='bbox 821 3981 995 4018; x_wconf 71' lang='lat' dir='ltr'>rouus</span> <span class='ocrx_word' id='word_1_415' title='bbox 1025 3966 1088 4018; x_wconf 91' lang='lat'>11.</span> <span class='ocrx_word' id='word_1_416' title='bbox 1112 3980 1117 3983; x_wconf 89' lang='lat'>·</span> 
     </span>
    </p>
   </div>
   <div class='ocr_carea' id='block_1_10' title="bbox 2072 3971 2141 4022">
    <p class='ocr_par' dir='ltr' id='par_1_10' title="bbox 2072 3971 2141 4022">
     <span class='ocr_line' id='line_1_74' title="bbox 2072 3971 2141 4022; baseline 0 0"><span class='ocrx_word' id='word_1_417' title='bbox 2072 3971 2141 4022; x_wconf 82' lang='lat'>24</span> 
     </span>
    </p>
   </div>
  </div>
 </body>
</html>
