2757 4413
408 322 503 373 DE
534 322 944 373 MINISTERIO
979 323 1303 373 MARTHAE
1337 324 1431 375 ET
1463 324 1636 376 OTIO
1671 327 1915 376 MARIAE
1947 328 2165 378 MAGD.
2305 327 2405 380 553

188 437 289 498 bat,
309 435 435 497 quia
459 446 509 485 te
527 450 812 501 pauperem
841 434 963 484 talis
980 450 1039 485 ac
1064 444 1240 485 tantus

190 507 444 567 visitabat,
482 518 541 556 tu
574 522 697 557 vero
724 522 753 556 e
780 521 1031 557 converso
1060 507 1237 572 ipsum

191 579 538 640 inhonorasti,
578 579 708 646 quia
748 579 795 628 ei
834 594 1111 645 assurgere
1139 595 1242 629 no-

188 650 347 700 luisti.
371 650 584 710 Quibus
608 649 891 714 respondit
916 667 930 699 2
954 651 1076 700 Non
1097 651 1245 700 decet

184 721 490 786 dignitatem
532 736 705 771 meam
725 759 740 781 ,
788 731 849 771 ut
896 736 1049 772 servo
1105 721 1243 772 servi

187 791 283 841 mei
315 791 664 842 reverentiam
689 790 897 842 faciam.
937 791 1112 842 Servit
1148 792 1248 842 iste

181 879 328 914 servo
356 880 501 925 meo,
524 863 728 915 scilicet
748 865 973 925 mundo,
989 863 1084 931 qui
1108 863 1246 913 mihi

1340 437 1519 498 servit,
1556 453 1619 488 eo
1658 439 1808 489 enim
1837 440 2007 492 factus
2038 452 2147 502 est,
2177 452 2239 493 ut
2267 443 2408 493 mihi

1340 508 1558 572 serviat;
1582 525 1692 559 non
1710 510 1878 576 igitur
1894 512 2072 563 decuit
2084 529 2171 563 me
2189 513 2411 579 signum

1340 578 1566 643 alicujus
1614 581 1919 632 reverentiae
1968 582 2073 632 sibi
2137 584 2407 635 exhibere.

1344 650 1487 698 Bene
1523 650 1901 702 dominabatur
1949 651 2047 703 iste
2102 654 2309 704 mundo
2357 664 2410 705 et

1344 718 1673 784 imperabat3
1705 721 1841 771 bene
1867 732 2067 785 naturae
2094 738 2203 773 suae
2229 724 2409 789 digni-

1346 802 1508 842 tatem
1537 803 1591 844 et
1618 794 2015 859 praesidentiam
2047 797 2375 848 observabat.

1158 1033 1433 1084 ORATIO

243 1202 287 1252 O
339 1202 465 1252 Jesu
507 1201 662 1265 bone,
706 1217 828 1268 spes
872 1201 1266 1268 poenitentium,
1308 1202 1404 1268 qui
1448 1202 1629 1254 Mariae
1665 1201 1944 1270 peccatrici
1986 1204 2050 1253 ad
2082 1204 2409 1273 tuos-pedes

187 1274 335 1324 stanti
379 1284 433 1324 et
475 1289 568 1324 eos
608 1274 860 1340 lacrymis
898 1274 1122 1340 riganti,
1155 1273 1361 1339 capillis
1393 1275 1650 1340 tergenti,
1681 1273 1841 1324 labiis
1869 1274 2160 1335 osculanti,
2199 1274 2411 1340 pietatis

185 1344 393 1409 signum
425 1345 673 1410 aperiens
701 1355 1036 1410 peccatorum
1064 1344 1279 1394 veniam
1304 1344 1578 1405 tribuisti,
1616 1360 1683 1394 ne
1715 1344 1995 1408 despicias,
2034 1345 2159 1395 Jesu
2188 1346 2409 1396 miseri-

188 1431 308 1477 corS,
338 1433 425 1466 me
449 1426 777 1482 peccatorem
809 1416 874 1466 ad
904 1416 1202 1466 clementiae
1240 1425 1347 1466 tuae
1377 1416 1603 1481 vestigia
1631 1417 1996 1482 provolutum,
2035 1416 2298 1481 rigantem
2326 1419 2410 1468 la-

184 1485 370 1550 crymis
411 1487 618 1536 intimae
649 1486 1095 1552 compunctioniS,
1131 1487 1462 1536 osculantem
1493 1485 1650 1536 labiis
1674 1487 1878 1536 devotae
1912 1486 2201 1549 orationis,
2248 1497 2300 1537 et
2332 1487 2412 1538 fac

189 1573 267 1607 me
290 1559 472 1608 audire
498 1573 683 1607 vocem
713 1568 861 1606 tuam
891 1558 1084 1623 pietate
1107 1571 1159 1607 et
1187 1558 1484 1618 clementia,
1517 1558 1775 1608 suavitate
1806 1568 1859 1608 et
1892 1558 2262 1609 misericordia
2292 1560 2412 1627 ple-

186 1643 321 1690 nam,
348 1645 514 1695 quam
536 1628 722 1679 audire
748 1629 946 1679 meruit
974 1639 1025 1679 et
1054 1630 1186 1695 ipsa,
1227 1639 1286 1680 ut
1322 1629 1666 1681 dimittantur
1695 1629 1833 1680 mihi
1857 1640 2066 1697 peccata
2098 1646 2216 1681 mea
2239 1633 2409 1682 multa

183 1715 272 1765 per
295 1710 441 1753 tuam
468 1701 695 1768 gratiam
728 1709 781 1750 et
804 1700 976 1768 ipsius
1001 1700 1208 1752 merita.
1237 1702 1435 1752 Amen.

1015 1982 1350 2073 CAPUT
1402 2003 1565 2072 LXI

260 2199 362 2268 De
406 2197 805 2270 ministerio
854 2198 1169 2270 Marthoe
1227 2209 1295 2269 et
1341 2198 1492 2269 otio
1535 2198 1805 2270 Marica
1849 2198 2316 2293 Magdalence.

1041 2394 1197 2458 Luc.
1247 2415 1382 2478 cap.
1441 2415 1539 2458 10.

251 2673 270 2707 1
302 2658 452 2708 Jasus
473 2658 785 2708 Biz-mmm
803 2673 1082 2709 moaassus
1099 2675 1239 2709 arun

193 2729 448 2778 Murum
468 2744 536 2778 m·
561 2730 779 2779 Malam(
802 2745 1067 2779 numan-r.
1088 2758 1149 2768 —
1168 2730 1241 2780 Et

186 2810 300 2865 post
313 2800 438 2859 haec,
453 2799 684 2865 quadam
700 2799 829 2859 vice,
845 2799 1068 2849 intravit
1078 2801 1241 2850 Jesus

190 2874 237 2923 in
268 2871 530 2939 quoddam
560 2872 853 2935 castellum,
886 2872 1082 2923 scilicet
1132 2874 1239 2923 Be-

188 2944 434 3004 thaniam,
478 2959 602 3009 quae
645 2943 1020 3008 interpretatur
1050 2942 1240 2993 domus

186 3017 510 3079 obedientiae,
556 3031 648 3081 per
687 3016 832 3081 quod
863 3015 1135 3081 signatum
1159 3025 1241 3065 est

187 3087 320 3152 quod
347 3086 576 3137 libenter
623 3086 788 3136 intrat
827 3084 1095 3135 Dominus
1137 3086 1240 3135 do·-

187 3172 326 3206 mum
367 3156 727 3216 conscientioe,
766 3155 860 3205 ubi
897 3156 946 3205 ei
993 3155 1242 3205 obeditur

186 3228 373 3277 devote.
397 3227 464 3277 Et
491 3225 637 3277 venit
667 3227 732 3275 ad
773 3226 997 3275 domum
1017 3225 1240 3276 Marthae

185 3308 232 3347 et
270 3297 476 3360 Mariae3
522 3297 588 3347 ad
623 3296 772 3346 illam
813 3296 961 3346 enim
1011 3296 1237 3345 domum

185 3367 478 3436 frequenter
533 3369 855 3427 divertebat,
918 3377 970 3417 et
1022 3382 1234 3428 secure,

180 3450 386 3505 propter
430 3439 715 3505 specialem
752 3437 829 3488 ibi
875 3436 1237 3488 habitantium

182 3514 462 3564 amicitiam
488 3522 543 3564 et
569 3512 930 3565 devotionem.
958 3512 1062 3562 Sed
1089 3512 1236 3561 Mar-

180 3587 278 3637 thae
301 3589 499 3637 domus
524 3587 614 3637 hic
644 3587 958 3652 appellatur,
990 3601 1114 3636 cum
1147 3585 1236 3635 di-

180 3658 337 3721 citur,
383 3664 435 3708 et
486 3657 678 3709 mulier
719 3657 965 3723 quaedam
1009 3654 1237 3706 Martha

180 3730 375 3780 nomine
418 3729 634 3795 excepit
699 3728 850 3778 illum
907 3727 961 3778 in
1026 3727 1238 3778 domum

183 3813 337 3863 suam,
363 3800 493 3866 quia
516 3800 687 3865 major
706 3808 833 3848 natu
853 3807 962 3849 erat
980 3807 1030 3848 et
1054 3811 1237 3847 curam

181 3870 364 3922 domus
392 3872 639 3928 habebat.
663 3872 733 3920 At
761 3870 866 3919 illae
892 3884 1104 3920 sorores
1126 3879 1238 3919 toto

178 3942 356 3994 affectu
393 3945 578 3996 Jesum
609 3943 915 4009 diligentem
944 3951 1241 3996 reverenter

1346 2668 1399 2710 et
1462 2659 1702 2710 alacriter
1744 2674 1867 2709 eum
1921 2667 2298 2724 susceperunt,
2347 2659 2415 2709 de

1346 2731 1478 2781 tanti
1503 2730 1731 2796 hospitis
1751 2731 1979 2780 adventu
2009 2730 2317 2794 gaudentes.
2341 2729 2414 2780 Et

1347 2804 1554 2853 Martha
1566 2803 1786 2869 quidem
1807 2817 1864 2852 se
1881 2801 2239 2852 incontinenti
2258 2803 2322 2852 ad
2338 2816 2413 2853 re·

1345 2873 1629 2923 sectionem
1660 2874 1895 2923 Domino
1914 2882 1967 2922 et
1990 2872 2275 2938 discipulis
2300 2871 2413 2923 suis

1347 2944 1731 3010 procurandam
1771 2943 1989 3009 paravit,
2017 2953 2069 2992 et
2089 2943 2146 2992 in
2177 2942 2416 2993 ministe-

1345 3016 1428 3065 rio
1446 3016 1704 3067 laboravit
1722 3026 1782 3067 ut
1806 3016 1884 3066 eis
1902 3016 2272 3066 convenienter
2298 3030 2416 3083 pro·

1344 3085 1565 3137 videret.
1587 3087 1753 3137 Maria
1773 3102 1899 3137 vero
1927 3088 1992 3136 ad
2013 3088 2174 3153 pedes
2191 3085 2413 3137 Domini

1346 3171 1405 3206 se
1441 3157 1639 3222 posuit,
1677 3167 1738 3207 ut
1780 3157 2134 3223 diligentiam,
2180 3157 2415 3207 assidui-

1346 3237 1529 3286 tatem,
1580 3228 1855 3277 solertiam
1910 3242 2032 3293 erga
2082 3227 2415 3277 auditionem

1344 3297 1665 3358 ostenderet,
1706 3308 1759 3348 et
1797 3299 2021 3348 multam
2069 3298 2416 3348 reverentiam

1346 3381 1508 3431 quam
1560 3367 1627 3417 ad
1667 3368 1961 3418 Dominum
2019 3368 2265 3418 habebat.
2321 3367 2417 3417 Illa

1347 3440 1522 3489 stabat
1559 3449 1610 3490 et
1654 3441 1921 3507 satagebat
1946 3450 2007 3491 ut
2044 3450 2278 3506 pasceret
2302 3440 2417 3489 Do-

1349 3512 1563 3563 minum
1592 3514 1713 3564 cibo
1752 3514 1943 3579 utique
1971 3513 2264 3579 corporali;
2301 3512 2416 3561 haec

1348 3586 1565 3636 sedebat
1596 3596 1649 3636 et
1675 3586 1941 3646 audiebat,
1972 3595 2033 3635 ut
2059 3592 2359 3650 pasceretur
2385 3597 2418 3633 a

1348 3655 1583 3705 Domino
1634 3671 1732 3706 suo
1783 3655 1903 3705 cibo
1949 3653 2234 3720 spirituali.
2278 3653 2418 3703 Sane

1349 3736 1555 3792 quanto
1594 3726 1787 3776 melior
1832 3735 1912 3776 est
1954 3725 2129 3774 anima
2172 3735 2414 3787 corpore,

1350 3807 1499 3847 tanto
1528 3796 1735 3846 dulcior
1767 3805 1847 3845 est
1863 3795 2016 3844 cibus
2040 3792 2335 3858 spiritualis
2354 3792 2414 3843 in

1351 3879 1528 3920 mente
1568 3883 1728 3934 quam
1760 3866 1986 3917 carnalis
2024 3865 2082 3914 in
2110 3874 2311 3915 ventre.
2343 3866 2415 3917 Ut

1349 3950 1528 3991 autem
1540 3936 2009 4003 dicitAugustinus
2019 3951 2036 3985 .·
2050 3954 2075 3981 α
2090 3934 2305 3995 Quanto
2318 3935 2415 3985 hu·
