2757 4413
437 264 534 314 DE
561 263 958 315 AMBITIONE
997 263 1089 313 ET
1118 261 1525 322 QUIBUSDAM
1557 262 1734 313 ALIIS
1766 264 2218 315 DEFECTIBUS.

230 379 345 445 ipsis
383 379 617 445 praelatis
658 378 814 430 nobis
850 393 1036 429 eorum
1063 377 1264 428 subditi

226 450 403 516 pariter
448 449 766 500 offeruntur.
809 449 1011 500 Invitus
1045 449 1265 515 quidem

223 521 309 571 tibi
355 521 501 583 dic0,
564 522 659 571 sed
716 520 979 572 Altissimi
1031 520 1267 586 jussione

223 604 433 645 coactus.

277 685 295 719 1
313 685 329 718 1
362 671 667 720 Monsrmnt
697 686 791 720 ns'r
819 685 1070 720 emarcus
1092 685 1161 718 Er
1180 684 1271 718 RF:-

216 756 436 790 morosus
463 757 719 792 v1r1osus.
744 769 805 780 --
826 742 1003 801 Quam
1020 755 1142 790 vera
1170 740 1270 790 ista

216 811 329 871 sint,
372 821 542 862 status
588 812 771 877 procul
808 812 973 862 dubio
1017 811 1266 861 Ecclesiae

215 892 476 944 monstrat,
508 884 601 950 qui
643 886 844 934 nullam
890 884 1058 934 trium
1087 883 1266 932 malo-

215 969 322 1004 rum
358 971 479 1020 quae
527 955 585 1005 in
628 956 828 1005 mundo
874 964 1016 1014 sunt,
1064 954 1266 1004 scilicet

215 1027 479 1093 superbiae,
511 1028 760 1088 avaritiae,
790 1027 1014 1078 luxuriae
1043 1043 1266 1093 compa-

216 1101 461 1151 rationem
492 1101 682 1166 recipit
721 1102 780 1151 in
810 1100 1013 1152 clericis
1038 1111 1090 1151 et
1119 1116 1263 1166 prae-

215 1173 336 1224 latis.
399 1174 539 1224 Vide
602 1175 960 1225 moderatores
1008 1174 1155 1224 orbis
1210 1183 1263 1224 et

217 1261 349 1311 reges
383 1261 630 1312 magum,
659 1246 781 1296 vide
819 1246 995 1306 duces,
1044 1244 1265 1296 comites

218 1326 262 1365 et
297 1316 548 1378 barones;
583 1316 718 1366 nihil
745 1316 949 1367 videbis
989 1316 1047 1365 in
1076 1332 1263 1366 eorum

217 1387 346 1436 cultu
390 1398 442 1437 et
491 1396 746 1453 apparatu
780 1398 887 1437 tam
924 1386 1264 1453 singulariter

216 1457 544 1522 exquisitum,
570 1465 678 1507 tam
698 1472 1038 1523 pomposum.
1059 1456 1265 1508 Eorum

218 1527 472 1577 avaritiam
505 1527 552 1577 si
580 1528 837 1587 attendas,
873 1528 1074 1579 nullam
1112 1543 1260 1578 mer-

219 1606 457 1658 catorum,
501 1600 703 1648 nullam
738 1598 938 1649 civium
984 1599 1143 1649 talem
1172 1615 1260 1649 re·-

221 1666 399 1732 peries;
455 1668 551 1734 qui
606 1678 782 1718 tamen
826 1668 1046 1719 heredes
1082 1669 1263 1736 legiti-

220 1752 321 1786 mos
343 1738 385 1787 si
412 1738 687 1798 haberent,
712 1738 1041 1789 tolerabilior
1058 1739 1265 1790 insania

219 1806 481 1859 videretur.
526 1808 605 1859 De
649 1809 860 1859 luxuria
902 1826 1028 1861 vero
1074 1826 1260 1861 eorum

219 1876 337 1926 nihil
374 1878 611 1928 diffinire
640 1895 921 1945 praesum0‚
962 1881 1067 1931 nisi
1115 1883 1261 1948 quod

220 1945 345 1997 illam
369 1950 518 1999 solus
547 1950 754 2000 noverit
780 1950 1136 2016 omnipotenS,
1161 1952 1257 2018 qui

220 2032 388 2069 renum
454 2029 507 2070 et
561 2021 804 2071 cordium
866 2032 1123 2073 scrutator
1182 2033 1261 2074 est

218 2087 359 2141 Deus.
386 2092 433 2141 A
473 2106 579 2157 qua
608 2092 827 2157 quidem
859 2094 1071 2144 luxuria
1110 2095 1263 2146 valde

218 2169 390 2213 terrere
436 2162 691 2214 deberent
744 2179 835 2214 eos
896 2167 1255 2232 quorumdam

216 2232 508 2283 clericorum
529 2236 785 2300 exempla,
815 2235 880 2285 de
908 2236 1108 2302 quibus
1135 2238 1258 2288 novi

215 2305 457 2369 quosdam
484 2305 664 2355 subito
697 2315 749 2355 et
774 2306 1064 2372 improvise
1092 2308 1149 2358 in
1179 2311 1261 2360 la-

213 2371 336 2422 tn‘na
360 2385 409 2424 et
437 2374 623 2424 foetore
649 2375 811 2426 vitam
837 2392 990 2428 suam
1020 2377 1257 2430 foetidam

210 2446 536 2507 terminasse,
586 2457 637 2497 et
684 2449 971 2513 quemdam
1030 2451 1087 2500 in
1144 2452 1263 2517 ipso

210 2527 313 2568 actu
352 2519 517 2569 simul
558 2536 681 2570 cum
731 2520 839 2571 fine
883 2523 1060 2588 operis
1109 2524 1263 2590 expi-

208 2602 352 2639 rasse.
386 2591 451 2640 Et
480 2590 527 2640 si
557 2590 753 2656 quaeris
782 2591 848 2642 de
868 2594 1010 2658 gula,
1038 2610 1157 2660 quae
1174 2594 1262 2645 fo-

208 2671 437 2711 mentum
456 2671 536 2711 est
558 2662 801 2726 luxuriae,
828 2663 1071 2714 invenies
1098 2681 1263 2731 popu-

205 2729 308 2780 lum
362 2732 528 2782 semel
563 2731 617 2781 in
662 2747 806 2783 anno
852 2734 1260 2800 carnisprivium

207 2802 384 2864 facere,
411 2806 504 2855 sed
529 2805 729 2855 clerum
758 2806 1017 2871 quotidie.
1044 2807 1102 2856 In
1128 2808 1256 2858 sab-

205 2873 317 2925 bato
358 2891 580 2941 quoque
622 2876 829 2927 deliciis
884 2877 1099 2927 affluere
1141 2894 1260 2929 mos

203 2956 304 2995 erat
356 2946 557 2996 Judaeis
607 2946 719 2997 veri
766 2947 971 2997 sabbati
1020 2947 1253 3013 ignaris3

201 3031 331 3081 quos
358 3017 535 3067 clerici
566 3016 624 3067 in
666 3019 768 3068 hoc
796 3018 925 3068 satis
956 3018 1255 3082 imitantur,

201 3085 252 3137 in
278 3088 429 3138 festis
458 3089 649 3139 diebus
676 3089 953 3139 delicatius
982 3091 1261 3142 convivan-

200 3170 290 3223 tes,
343 3177 441 3211 nec
496 3162 650 3213 aliter
693 3162 838 3212 diem
889 3162 1107 3227 festum,
1151 3165 1257 3215 nisi

202 3233 316 3296 plus
359 3232 519 3282 solito
548 3248 605 3282 se
635 3232 966 3298 ingurgitent
1001 3245 1261 3299 reputan—

202 3314 291 3355 tes,
319 3306 476 3357 Unde
522 3306 598 3356 ait
624 3306 996 3373 Hieronymus
1024 3324 1041 3357 .·
1072 3325 1099 3353 ι(
1121 3308 1259 3358 Cum

204 3376 446 3441 superbia
503 3375 717 3441 propria
780 3376 851 3425 sit
907 3377 1259 3438 daemonibu5‚

204 3445 306 3497 sive
328 3447 667 3508 mulieribuS,
704 3447 915 3498 luxuria
946 3449 1259 3514 pecudibuS‚

205 3517 412 3568 avaritia
441 3517 843 3578 mercatoribuS‚
870 3534 934 3567 ex
957 3518 1043 3568 his
1062 3519 1259 3570 factum

207 3598 279 3637 est
303 3600 624 3647 monstrum,
659 3588 805 3655 quod
841 3598 922 3639 est
949 3589 1123 3639 malus
1152 3591 1261 3640 cle-

208 3656 356 3736 ricus.
394 3679 422 3707 >2
463 3660 730 3710 Similiter
775 3669 827 3709 et
881 3660 936 3709 in
993 3661 1259 3727 religiosis

210 3730 436 3780 invenire
480 3729 681 3796 poteris
730 3746 904 3781 unum
956 3742 1260 3782 monstrum

213 3814 271 3850 ex
311 3803 617 3867 hujusmodi
666 3804 822 3854 malis
880 3804 1257 3870 compositum.

216 3868 533 3939 Quandoque
571 3871 717 3922 enim
746 3873 1035 3939 praesidens
1059 3883 1137 3924 est
1161 3889 1260 3925 su-

2329 261 2430 313 635

1372 377 1570 442 perbus
1593 388 1644 429 et
1669 378 2007 439 ambitiosus,
2033 379 2264 445 diligens
2292 393 2433 443 prae-

1372 463 1504 508 esse,
1558 460 1610 500 et
1663 465 1905 516 quaerens
1945 451 2119 500 modis
2175 449 2432 499 omnibus

1372 522 1427 571 in
1453 521 1628 574 officio
1648 539 1937 574 remanere.
1964 525 2058 574 Est
2081 522 2242 573 etiam
2271 537 2436 588 quan-

1372 595 1550 661 doque
1623 612 1746 647 cum
1820 597 1924 647 hoc
1988 594 2433 661 concupiscentiae

1371 666 1541 716 carnis
1581 666 1812 727 dedituS,
1862 681 2108 732 quaerens
2136 665 2438 730 frequenter

1370 736 1674 786 occasiones
1702 737 1923 788 vacandi
1948 736 2154 787 deliciis
2191 745 2243 785 et
2274 735 2435 785 volu-

1370 807 1626 872 ptatibus.
1685 807 1785 858 Est
1835 808 2056 873 insuper
2112 807 2436 872 quandoque

1370 877 1796 943 concupiscentia
1823 879 2124 938 oculorum,
2151 888 2202 927 et
2220 875 2436 927 avaritia

1370 962 1595 1002 caecatus
1638 969 1734 1019 pro
1772 964 1982 1020 quaestu
2026 952 2288 1011 faciend0‚
2319 950 2436 1000 dis-

1370 1038 1589 1074 currens
1612 1033 1664 1074 et
1701 1024 2144 1090 qualitercunque
2179 1032 2437 1087 tempora-

1369 1092 1442 1143 lia
1486 1093 1785 1160 acquirenS,
1839 1095 1923 1144 vel
1992 1093 2252 1159 acquisita
2297 1090 2436 1141 reci-

1371 1163 1543 1228 piens.
1576 1164 1642 1217 Et
1670 1168 1798 1230 quia
1825 1164 1882 1213 in
1916 1179 1971 1214 se
2010 1163 2169 1213 habet
2194 1162 2307 1212 haec
2334 1161 2435 1211 tria

1370 1248 1435 1283 ex
1481 1233 1683 1299 quibus
1741 1233 1990 1283 oriuntur
2038 1232 2222 1282 omnia
2277 1232 2439 1297 hujus

1371 1305 1535 1355 seculi
1567 1307 1722 1365 mala,
1757 1322 1900 1366 nam,
1931 1316 2155 1356 testante
2186 1305 2391 1355 Joanne
2421 1319 2436 1354 :

1372 1378 1538 1428 Omne
1567 1379 1708 1444 quod
1752 1384 1832 1429 est
1859 1378 1912 1427 in
1954 1377 2163 1439 mundo,
2216 1381 2310 1426 aut
2355 1381 2435 1427 est

1368 1449 1791 1514 concupiscentia
1816 1447 2016 1508 camir,
2055 1453 2150 1497 aut
2183 1445 2424 1511 concupi·
2455 1505 2463 1511 ⁶

1367 1518 1568 1568 scentia
1593 1519 1881 1580 oculorum,
1908 1524 2005 1567 aut
2024 1517 2270 1584 superbia
2290 1516 2432 1578 vitae,

1368 1589 1488 1638 ideo
1529 1599 1828 1654 exspectare
1869 1589 2027 1638 habet
2066 1604 2162 1653 pro
2200 1585 2435 1638 retribu-

1366 1657 1516 1708 tione
1564 1659 1842 1724 condigna‚
1890 1657 2075 1708 omnia
2109 1656 2276 1707 seculi
2299 1656 2435 1706 alte-

1366 1730 1482 1780 rius
1529 1729 1889 1781 incommoda.
1942 1729 2000 1779 Si
2041 1729 2165 1795 quis
2211 1737 2426 1793 propter

1368 1802 1620 1869 praedicta
1647 1803 1784 1853 mihi
1810 1818 1872 1853 ea
1893 1802 2146 1853 scribenti
2173 1800 2434 1859 irascitur,

1365 1873 1487 1922 talis
1515 1874 1582 1923 de
1608 1873 1786 1939 seipso
1825 1873 1971 1939 quod
2013 1871 2320 1937 hujusmodi
2367 1870 2438 1920 sit

1365 1944 1663 1995 confitetur.
1696 1946 1850 1995 Multi
1881 1945 2028 1995 enim
2071 1959 2194 1994 cum
2232 1943 2309 1993 eis
2339 1957 2436 1993 ve-

1366 2018 1497 2069 ritas
1545 2019 1866 2085 proponitur
1895 2018 2118 2084 indigne
2145 2018 2341 2080 ferunt,
2384 2026 2437 2067 et

1364 2106 1489 2141 cum
1538 2092 1690 2141 aliter
1753 2092 1972 2142 evadere
2028 2106 2137 2140 non
2182 2098 2428 2155 possunt,

1365 2164 1687 2229 respondent
1745 2164 1890 2230 quod
1953 2164 2017 2213 de
2078 2162 2274 2213 talibus
2324 2161 2429 2211 sibi

1364 2234 1747 2284 conscientiam
1787 2250 1894 2283 non
1937 2233 2164 2295 faciunt;
2216 2241 2269 2281 et
2318 2231 2429 2281 haec

1365 2314 1445 2354 est
1483 2305 1619 2355 mala
1658 2305 2002 2363 conscientia,
2054 2302 2184 2370 quia
2221 2301 2429 2352 veritati

1364 2385 1417 2425 et
1439 2376 1630 2426 rationi
1656 2376 1936 2425 contraria.
2370 2405 2385 2430 ε

1435 2466 1495 2499 12
1543 2449 1895 2499 Consua-:mut
1945 2462 2314 2506 QUADRUPLEx.
2369 2474 2428 2484 —

1365 2520 1518 2572 Unde
1566 2519 1857 2569 notandum
1899 2519 2044 2585 quod
2097 2517 2430 2585 quadruplex

1364 2600 1445 2641 est
1485 2590 1825 2650 conscientia,
1858 2590 2059 2640 scilicet
2094 2589 2213 2639 duae
2260 2588 2428 2646 bonae,

1365 2671 1417 2712 et
1452 2661 1572 2711 duae
1616 2661 1787 2711 malae.
1838 2662 2014 2711 Prima
2062 2669 2143 2710 est
2189 2659 2330 2709 bona
2378 2667 2431 2708 et

1363 2735 1677 2801 tranquilla;
1707 2745 1758 2784 et
1779 2735 1890 2784 haec
1915 2744 1995 2784 est
2021 2734 2169 2784 illius
2194 2732 2287 2799 qui
2318 2748 2432 2797 pec-

1364 2817 1478 2856 cata
1539 2804 1800 2871 praeterita
1847 2806 2022 2871 punit,
2073 2815 2126 2855 et
2175 2803 2431 2855 commit-

1363 2877 1522 2927 tenda
1554 2876 1838 2941 diligenter
1884 2875 2097 2941 refugit,
2135 2876 2200 2926 de
2230 2890 2336 2941 qua
2371 2873 2428 2924 in

1367 2952 1576 3001 Psalmo
1605 2966 1618 2999 :
1649 2951 1855 2999 Beatus
1892 2949 1976 3000 vir
2005 2950 2093 3001 cui
2120 2966 2220 3002 non
2252 2950 2428 3016 impu-

1365 3020 1499 3071 tavit
1559 3019 1820 3070 Dominus
1890 3026 2169 3087 peccatum
2187 3037 2207 3082 ,·
2272 3032 2433 3069 omne

1363 3102 1541 3143 autem
1571 3093 1715 3158 quod
1743 3092 1858 3158 ipse
1899 3108 2009 3142 non
2042 3093 2305 3158 imputare
2332 3091 2432 3140 de-

1361 3164 1543 3224 crevit,
1573 3164 1650 3213 sic
1680 3174 1760 3213 est
1807 3163 1960 3230 quasi
1995 3180 2104 3214 non
2151 3163 2325 3214 fuerit.
2366 3190 2430 3199 —

1362 3235 1605 3284 Secunda
1630 3243 1710 3284 est
1736 3235 1892 3298 bona,
1922 3235 2014 3285 sed
2058 3235 2284 3293 turbata,
2310 3248 2430 3300 quae

1364 3319 1421 3353 se
1470 3305 1624 3364 levat,
1655 3320 1762 3354 non
1809 3315 1987 3356 tamen
2028 3306 2084 3355 in
2131 3304 2428 3366 dulcedine,

1363 3374 1458 3424 sed
1483 3375 1540 3424 in
1573 3375 1929 3428 amaritudine
1952 3387 2277 3442 repugnante
2305 3390 2431 3425 sen-

1363 3445 1625 3506 sualitate,
1658 3445 1731 3497 ita
1759 3457 1817 3498 ut
1838 3447 1972 3498 dura
2003 3447 2244 3497 videatur
2268 3446 2315 3495 ei
2342 3445 2429 3495 via

1364 3526 1519 3578 recta,
1552 3534 1706 3584 parca
1737 3519 1863 3580 vita,
1888 3521 2049 3585 longa
2074 3518 2273 3585 vigilia,
2299 3532 2423 3566 ora·-

1363 3589 1441 3638 tio
1462 3589 1683 3655 prolixa,
1710 3591 1860 3642 rudis
1886 3592 2067 3650 vestis,
2091 3590 2245 3639 cibus
2271 3603 2426 3654 agre-

1364 3658 1482 3723 stiS‚
1511 3669 1564 3711 et
1591 3671 1769 3711 tamen
1799 3662 1991 3712 retinet
2010 3676 2067 3711 se
2085 3660 2234 3709 freno
2258 3657 2424 3707 timo-

1363 3731 1470 3797 ris3
1521 3735 1613 3784 sed
1654 3734 1834 3785 audiet
1867 3735 1966 3784 iste
1994 3748 2024 3783 a
2056 3731 2272 3783 Christo
2301 3747 2424 3781 cum

1364 3803 1674 3868 Apostolis:
1716 3804 1821 3853 Vos
1863 3803 1992 3853 estis
2040 3800 2129 3866 qui
2164 3816 2424 3865 perman-

1363 3875 1519 3925 sistis
1558 3889 1758 3926 mecum
1784 3875 1837 3925 in
1862 3873 2239 3925 tentationibus
2267 3874 2371 3924 mei
2383 3888 2410 3923 s
2431 3883 2434 3886 “
