2757 4413
159 247 246 298 DE
265 239 775 296 lMPEDIMENTIS
815 236 1326 290 PERFECTIONIS
1353 235 1447 287 ET
1478 232 1831 296 SEQUELAE
1861 233 2159 284 CHRISTI.
2207 232 2313 301 495

97 361 335 428 negand0,
366 359 453 410 vel
481 358 550 408 ab
585 370 768 407 amore
800 354 915 420 ejus
941 353 1138 404 caden-

97 435 166 493 do,
208 432 290 482 vel
341 429 707 497 quodcunque
750 440 888 491 opus
919 423 1140 490 justitioe

95 502 387 562 doeerendO,
418 500 504 550 vel
531 498 693 549 etiam
723 496 899 548 carnis
925 494 1142 545 deside-

95 576 159 627 ria
205 573 475 632 sectand0,
527 570 614 620 vel
649 569 780 620 alias
824 567 1008 627 verbo,
1051 575 1144 616 aut

1247 372 1274 399 ι
1300 350 1497 401 Anima
1519 365 1584 400 ex
1614 365 1678 401 eo
1706 350 1848 401 dicta
1888 359 1985 410 est,
2016 349 2161 416 quod
2191 350 2317 400 ani-

1245 432 1354 472 met
1395 437 1592 487 corpus
1634 422 1701 471 ad
1739 421 2061 481 vivendum,
2102 422 2205 471 hoc
2239 430 2322 472 est

1242 491 1511 555 vivifice13
1559 491 1788 558 spiritus
1828 500 1907 542 est
1958 492 2074 557 ipsa
2120 492 2318 554 anima,

1247 578 1344 628 pro
1388 561 1656 628 spirituali
1715 571 1933 622 natura,
1988 564 2072 612 vel
2117 578 2214 628 pro
2255 578 2321 614 eo

95 661 233 713 opere
295 641 700 709 postponendo,
757 654 923 706 quam
976 637 1143 688 vitam
1246 633 1395 699 quod
1429 632 1596 698 spiret
1634 632 1691 682 in
1718 647 1977 698 corpore:
2007 633 2229 699 spiritus
2256 633 2323 683 ad

95 726 402 786 praesentem
439 712 803 778 temporaliter
828 709 1143 768 amittendo,

94 789 265 856 perdet
291 801 415 838 eam
447 783 782 846 aeternaliter,
811 782 940 848 quia
964 780 1147 847 perdet

98 861 239 911 vitam
288 866 568 907 aeternam.
618 854 772 905 Unde
814 852 1101 918 Remigius
1130 867 1147 900 .·

101 950 120 977 ι
143 928 246 991 Qui
271 928 422 978 hanc
448 935 772 992 praesentem
804 924 970 974 vitam
995 932 1048 973 et
1074 922 1155 972 lu·

99 1018 213 1061 cem,
241 1015 304 1050 ac
330 1000 452 1064 ejus
491 997 866 1048 delectationes
905 1004 957 1045 et
996 993 1153 1044 volu-

100 1083 252 1138 ptates
295 1070 365 1120 ad
398 1069 504 1118 hoc
541 1067 823 1128 desiderat,
849 1076 910 1116 ut
942 1078 1155 1130 semper

98 1142 325 1193 invenire
342 1137 546 1205 possit,
580 1137 740 1188 istam
766 1151 930 1203 quam
947 1147 1154 1186 servare

97 1213 228 1278 cupit
247 1209 460 1278 perdet,
490 1218 544 1259 et
571 1207 812 1258 animam
833 1222 987 1258 suam
1010 1215 1156 1256 aeter-

100 1298 173 1333 11ae
196 1277 545 1331 damnationi
587 1286 864 1343 praeparat.
904 1296 928 1322 1·
963 1277 1069 1327 Sed
1106 1279 1157 1325 et

95 1354 171 1420 qui
174 1349 508 1419 perdiderit,
526 1347 908 1414 temporaliter,
922 1347 1158 1400 animam

95 1439 252 1487 suam,
288 1421 345 1471 id
376 1430 462 1471 est
487 1419 655 1470 vitam
688 1419 827 1468 hanc
849 1417 1157 1479 animalem,

98 1505 141 1546 et
160 1504 383 1560 paratus
413 1500 498 1542 est
524 1490 743 1556 perdere
765 1505 884 1540 eam
913 1488 978 1539 ad
1008 1503 1163 1539 mor-

102 1580 196 1620 tem
226 1564 621 1630 temporalem3
657 1569 883 1629 propter
915 1577 1014 1627 me,
1045 1577 1162 1613 eam

101 1656 186 1705 pro
217 1637 454 1690 Christo
500 1634 843 1702 exponendO,
878 1644 930 1684 et
978 1633 1166 1684 omnia

106 1708 303 1762 Christi
337 1722 530 1758 amore
585 1706 989 1772 postponend03
1026 1719 1168 1772 pro-

96 1788 206 1849 pter
246 1794 358 1843 me,
413 1777 658 1844 inquam,
700 1776 902 1828 scilicet
946 1778 1171 1844 diligen·

103 1854 221 1904 dum
264 1851 328 1902 in
363 1849 545 1912 corde,
576 1845 943 1899 confitendum
972 1848 1030 1899 in
1060 1863 1169 1907 ore,

105 1925 435 1975 imitandum
475 1920 535 1970 in
571 1935 761 1986 opere,
803 1930 917 1970 non
958 1930 1174 1986 propter

109 2013 175 2058 se,
197 2005 264 2046 ut
291 1996 561 2054 latrones3
584 1993 669 2042 vel
699 2002 918 2057 propter
936 1992 1176 2043 favorem

108 2068 414 2118 humanum
431 2102 446 2125 ,
497 2072 560 2113 ut
606 2063 825 2128 superbi
872 2078 1008 2113 vane
1060 2064 1180 2129 glo-

109 2138 334 2199 riantes3
395 2149 511 2183 non
565 2143 783 2199 propter
835 2134 1180 2199 temporalem

110 2208 435 2267 mercedem,
459 2214 524 2254 ut
543 2201 724 2270 cupidi
749 2214 959 2256 terrena
986 2214 1185 2256 sectan-

109 2291 197 2341 tes,
231 2275 472 2329 inveniet
492 2289 609 2325 eam
641 2275 701 2324 in
735 2274 917 2326 futuro
945 2276 1181 2326 salvam:

111 2351 231 2417 quia
262 2346 514 2399 inveniet
539 2355 591 2396 et
620 2345 843 2412 accipiet
875 2362 976 2412 pro
1008 2355 1188 2397 trans-

112 2422 271 2472 itoria
296 2429 579 2469 aeternam.
623 2418 778 2467 Unde
802 2416 1143 2483 Augustinus
1172 2433 1189 2467 .-

110 2512 136 2539 α
166 2489 446 2557 Quisquis
477 2497 698 2553 propter
735 2488 912 2537 Deum
942 2488 1078 2537 hanc
1104 2485 1193 2537 vi-

117 2577 244 2626 tam,
280 2577 410 2631 quae
439 2576 586 2611 nunc
609 2560 850 2625 corporis
876 2558 1193 2611 vivificatio-

113 2652 180 2687 ne
230 2650 301 2685 ex
360 2632 551 2683 anima
589 2630 954 2697 temporaliter
981 2630 1194 2682 mortali

116 2715 346 2768 constat,
381 2704 621 2754 libenter
646 2702 972 2767 despexerit3
1022 2702 1081 2753 in
1108 2702 1198 2753 fu-

115 2791 237 2830 turo
278 2775 533 2827 eamdem
582 2773 837 2840 corporis,
863 2789 974 2824 non
1020 2773 1199 2825 solum

117 2851 333 2910 animae,
363 2847 538 2898 vitam
564 2854 820 2897 aeternam
838 2856 891 2897 et
918 2845 1203 2896 immorta-

121 2923 226 2972 lem
285 2918 517 2984 recipiet
551 2933 566 2966 :
615 2934 642 2963 n
686 2916 799 2965 haec
846 2916 1202 2983 Augustinus·

121 2991 383 3042 Animam
414 3001 545 3052 ergo
584 2985 642 3037 in
676 2986 926 3036 hocloco
963 3002 1060 3053 pro
1100 2985 1209 3037 vita

123 3061 382 3130 praesenti
405 3058 608 3126 posuit,
634 3057 763 3124 quia
788 3057 966 3108 omnis
990 3058 1100 3109 vita
1121 3075 1212 3109 no·

124 3145 236 3186 stra
250 3134 309 3184 in
334 3130 527 3182 anima
542 3138 639 3179 est.
653 3128 853 3179 Anima
870 3129 1071 3196 quippe
1088 3130 1216 3181 dici-

125 3217 234 3263 tur,
267 3203 327 3253 in
349 3211 625 3269 quantum
645 3214 839 3265 corpus
859 3200 1080 3261 animat,
1101 3202 1213 3253 sive

126 3274 395 3337 vivifican
416 3270 662 3338 spiritus,
680 3272 812 3321 dum
833 3271 1013 3338 spirat;
1039 3288 1212 3334 mens,

127 3346 185 3398 in
227 3354 510 3413 quantum
549 3342 858 3393 recordatur
901 3359 998 3395 seu
1029 3345 1220 3396 memi-

130 3419 242 3482 nit3
285 3417 535 3480 animus»,
569 3416 701 3465 dum
727 3418 878 3482 vult3
900 3416 1058 3482 ratio,
1084 3418 1215 3468 dum

130 3501 339 3541 rectum
371 3488 611 3551 indicat3
641 3502 846 3550 sensus,
874 3489 1005 3540 dum
1029 3490 1216 3554 sentit;

132 3562 426 3625 memoria,
443 3562 580 3611 dum
604 3562 929 3626 recordatum
954 3564 1218 3626 voluntas,

136 3637 271 3687 :lum
302 3634 604 3687 consentit.
626 3635 751 3685 Haec
770 3635 990 3687 nomina
1014 3636 1225 3689 diversa

137 3715 272 3759 sunt
311 3706 553 3766 animae,
613 3720 708 3755 nec
758 3716 970 3772 propter
1025 3707 1222 3759 animae

140 3777 520 3843 pluralitatem
537 3814 552 3837 ,
589 3776 681 3827 sed
706 3787 919 3843 propter
940 3778 1223 3830 effectuum

147 3846 591 3901 multitudinem.
633 3846 785 3899 Unde
834 3845 1178 3916 Augustinus
1206 3868 1225 3902 .-

1250 705 1606 755 substantiam
1634 704 1851 764 dicitur,
1881 705 2063 755 anima
2090 706 2154 755 ad
2182 704 2326 756 vivi-

1252 774 1573 826 ficationem.
1624 775 1824 826 Eadem
1875 786 1954 826 est
2004 775 2323 837 substantia,

1253 849 1345 899 sed
1373 848 1670 914 proprietas
1696 848 1921 899 diversa.
1943 849 2080 898 Nam
2108 865 2252 899 unus
2275 858 2330 899 et

1255 920 1400 971 idem
1450 920 1698 986 spiritus,
1745 922 1812 971 ad
1856 922 2096 988 seipsum
2134 922 2330 972 dicitur

1254 994 1510 1060 spirituS,
1547 994 1612 1044 ad
1650 1010 1843 1060 corpus
1888 996 2110 1045 anima:
2140 1015 2167 1041 n
2215 994 2332 1044 haec

1255 1065 1616 1130 Augustinus,
1657 1064 1890 1131 Spiritus
1939 1081 2085 1132 ergo,
2124 1065 2218 1133 qui
2252 1074 2334 1115 est

1255 1134 1556 1187 substantia
1584 1145 1783 1187 nostrae
1805 1134 2020 1196 animae,
2050 1136 2094 1186 si
2121 1135 2337 1187 deside-

1257 1216 1339 1258 rat
1364 1220 1427 1255 ea
1453 1221 1575 1272 quae
1601 1216 1730 1256 sunt
1755 1205 2011 1272 corporis,
2034 1206 2087 1255 in
2117 1206 2205 1256 his
2226 1221 2341 1272 per-

1261 1277 1409 1327 ditur
1439 1286 1615 1327 totum
1661 1275 1868 1325 bonum
1912 1276 2045 1340 ejus,
2085 1277 2215 1342 quia
2254 1285 2343 1325 to·-

1262 1358 1382 1398 tum
1420 1347 1626 1397 bonum
1664 1345 1883 1412 spiritus
1922 1357 2115 1397 nostrae
2143 1346 2340 1396 animae

1263 1427 1345 1468 est
1397 1416 1456 1467 in
1514 1416 1800 1468 avertendo
1860 1430 1918 1466 se
1975 1432 2007 1466 a
2065 1432 2220 1467 carne
2288 1425 2342 1466 et

1265 1487 1623 1538 abstrahendo
1655 1503 1712 1538 se
1749 1502 1780 1537 a
1819 1487 2101 1537 desideriis
2145 1502 2343 1537 concu-

1269 1559 1539 1628 piscentiae
1570 1577 1586 1609 ε
1621 1559 1700 1610 sic
1740 1558 1889 1610 enim
1917 1559 2084 1609 vincit
2130 1557 2345 1624 passio-

1270 1649 1387 1695 nes,
1412 1643 1466 1684 et
1494 1633 1690 1685 virtute
1712 1631 2001 1700 perficitur,
2037 1642 2088 1683 et
2113 1641 2348 1682 contem·

1271 1705 1492 1774 piationi
1521 1706 1865 1773 conjungitur
1898 1706 2265 1772 superiorum;
2297 1715 2351 1755 et

1273 1780 1564 1844 deputatur
1589 1787 1642 1828 et
1674 1778 1979 1837 mundatur,
2001 1786 2063 1828 ut
2089 1776 2160 1827 sit
2188 1777 2353 1826 hone-

1274 1849 1400 1900 stati
1427 1848 1724 1914 subjectum
1760 1857 1812 1898 et
1846 1847 2040 1898 divinae
2073 1845 2352 1913 sapientiae

1278 1920 1577 1987 speculum.
1608 1920 1719 1982 Qui
1747 1935 1881 1986 ergo
1920 1921 2171 1980 animam,
2191 1919 2246 1969 id
2274 1928 2356 1969 est

1278 1992 1446 2042 vitam
1473 2000 1793 2056 praesentem
1820 1990 1877 2040 in
1899 1991 2078 2040 anima
2100 1991 2357 2056 designa-

1283 2074 1413 2123 tam,
1444 2062 1655 2126 invenit,
1698 2072 1752 2112 et
1790 2073 1934 2113 amat
1970 2062 2273 2112 inordinate
2301 2060 2358 2110 in

1284 2150 1346 2186 ea
1373 2132 1658 2184 carnaliter
1683 2133 1862 2184 vivere
1891 2133 2186 2198 cupiendo,
2216 2133 2361 2183 unde

1288 2219 1341 2260 et
1384 2206 1583 2258 dicitur
1624 2204 1878 2258 animalis
1928 2206 2126 2266 homo,
2165 2205 2362 2274 perdet

1288 2296 1407 2332 eam
1467 2278 1525 2329 in
1564 2277 1763 2329 futuro.
1805 2279 1908 2328 Res
1936 2278 2081 2329 enirn
2123 2277 2365 2343 perditur

1291 2365 1413 2417 quae
1440 2349 1606 2399 finem
1633 2347 1877 2399 debitum
1923 2365 2033 2398 non
2075 2346 2366 2413 consequi-

1294 2433 1411 2485 tur,
1449 2419 1589 2470 sicut
1628 2418 1898 2470 medicina
1945 2418 2210 2484 perditur,
2241 2434 2365 2468 cum

1297 2510 1392 2562 per
1419 2508 1538 2544 eam
1566 2491 1767 2542 sanitas
1795 2507 1901 2542 non
1944 2491 2272 2558 acquiritur;
2317 2501 2372 2541 et

1297 2567 1488 2618 eodem
1517 2563 1679 2613 modo
1709 2562 1818 2613 vita
1844 2578 2078 2629 praesens
2095 2602 2109 2623 ,
2153 2579 2275 2629 quae
2303 2561 2372 2613 fi-

1301 2637 1494 2689 naliter
1519 2636 1586 2686 ad
1616 2635 2049 2686 consecutionem
2077 2635 2201 2685 vitae
2228 2644 2374 2685 aeter·

1303 2724 1387 2761 nae
1405 2706 1702 2767 ordinatur,
1721 2716 1858 2757 recte
1880 2706 2139 2771 perditur,
2159 2706 2375 2772 quando

1306 2796 1400 2848 per
1431 2779 1604 2844 ipsam
1648 2777 1715 2827 ad
1758 2787 2013 2828 aeternam
2058 2777 2223 2828 vitam
2264 2792 2375 2826 non

1308 2851 1633 2920 pervenitur,
1663 2849 1808 2916 quod
1855 2848 1934 2901 illi
1984 2849 2250 2916 contingit
2281 2849 2376 2915 qui

1309 2925 1612 2979 inordinate
1645 2923 1819 2989 ipsam
1847 2923 2042 2989 diligit.
2067 2924 2141 2973 Et
2176 2938 2205 2973 e
2244 2939 2380 2973 con-

1309 2997 1505 3058 trario,
1550 2995 1644 3062 qui
1688 2994 1991 3062 perdiderit
2036 2995 2201 3045 vitam
2239 3010 2384 3060 prae-

1313 3078 1523 3120 sentem
1551 3075 1768 3131 propter
1791 3065 2072 3116 Christum
2098 3065 2383 3132 negligen-

1315 3141 1419 3200 do,
1456 3137 1578 3188 talis
1618 3136 1768 3187 enim
1792 3135 1989 3186 dicitur
2024 3137 2241 3202 perdere
2274 3151 2385 3185 non

1317 3208 1615 3261 secundum
1669 3206 1942 3257 veritatem
1960 3245 1977 3268 ,
2031 3207 2122 3257 sed
2176 3217 2386 3257 tantum

1317 3280 1615 3333 secundum
1688 3276 1975 3328 hominum
2042 3277 2389 3344 opinionem3

1320 3349 1546 3403 inveniet
1573 3361 1710 3413 eam,
1742 3346 2051 3414 accipiendo
2089 3363 2185 3414 pro
2212 3358 2391 3399 trans-

1321 3422 1481 3476 itoria
1535 3430 1808 3473 aeternam.
1870 3420 1992 3471 Non
2049 3421 2208 3472 debet
2266 3436 2394 3488 ergo

1308 3495 1492 3545 homo
1529 3490 1668 3541 trahi
1696 3506 1728 3541 a
1760 3490 1929 3549 bono,
1970 3502 2185 3557 propter
2212 3492 2395 3541 dulce-

1322 3564 1506 3616 dinem
1527 3560 1804 3629 praesentis
1815 3562 1960 3623 vitae,
1980 3579 2100 3629 quae
2126 3573 2204 3614 est
2221 3561 2397 3612 brevis

1323 3648 1377 3689 et
1396 3633 1721 3695 transitoria,
1748 3641 1802 3684 et
1818 3634 1884 3684 ad
1910 3636 2225 3685 merendum
2255 3642 2401 3684 aeter-

1318 3726 1457 3762 nam
1500 3708 1668 3760 vitam
1718 3706 1962 3757 ordinata
2013 3725 2027 3757 z
2072 3707 2197 3757 finis
2253 3706 2399 3757 enim

1330 3781 1522 3833 melior
1567 3788 1649 3831 est
1688 3777 1777 3828 his
1818 3794 1938 3845 quae
1967 3788 2094 3829 sunt
2121 3779 2185 3828 ad
2214 3777 2400 3842 finem,

1331 3852 1444 3905 imo
1471 3867 1533 3905 ea
1554 3857 1814 3917 quaesunt
1840 3849 1905 3901 ad
1926 3847 2108 3911 finem,
2130 3864 2240 3901 non
2255 3858 2401 3910 sunt,
