2757 4413
384 324 480 376 DE
511 325 877 385 ENCAENIIS,
908 326 982 377 m
1014 325 1282 387 QUIBUS
1305 325 1758 379 VOLUERUN'IT
1787 329 2006 381 JESUM
2040 330 2264 381 LAPID.
2359 332 2465 399 785

215 455 276 497 α
323 441 676 508 wimperosis,
717 440 922 492 scilicet
946 457 968 491 t
994 456 1093 507 per
1134 456 1292 491 nares

215 517 340 577 Dei,
374 530 469 581 per
501 515 648 579 jecur
695 513 818 573 Dei,
840 515 925 564 vd
953 529 1049 580 per
1074 513 1292 563 brachia

214 590 338 650 Dei,
367 597 419 637 et
449 586 666 645 similia,
695 602 815 651 quae
841 598 965 637 sunt
990 585 1292 637 exsecrabi-

214 660 290 711 lia
339 657 571 708 auditui.
601 687 660 695 —
702 656 884 707 Tertio
947 658 1128 713 modo,
1172 657 1291 706 bla-

213 730 471 796 sphemia
547 729 600 777 in
667 728 840 778 Deum
914 728 1288 785 committitur,

214 802 441 870 quando
473 800 604 849 illud
642 801 787 866 quod
817 801 915 851 Dei
955 809 1052 859 cst,
1091 799 1291 865 aliquis

215 873 325 926 sibi
374 871 457 922 vel
499 870 649 920 alteri
702 880 951 922 creaturae
1014 870 1290 933 attribuit,

217 947 363 999 sicut
386 944 466 995 illi
501 942 598 1010 qui
628 943 731 994 sibi
764 944 1008 994 divinum
1024 944 1292 994 honorem

211 1030 480 1081 usurpare
512 1025 987 1081 praesumpserunt,
1006 1024 1068 1065 ut
1098 1013 1288 1064 Simon

214 1091 408 1156 Magus
451 1098 505 1138 et
553 1103 743 1137 omnes
785 1087 1094 1138 idololatrae.
1123 1086 1197 1136 Et
1223 1086 1287 1136 ad

212 1162 378 1213 istam
409 1160 644 1227 speciem
679 1160 950 1226 pertinent
990 1159 1285 1219 ambitiosi,

214 1249 276 1283 ac
302 1231 543 1298 superbi,
567 1239 618 1281 et
634 1246 768 1281 vane
793 1231 1033 1297 gloriosi,
1061 1230 1155 1298 qui
1180 1230 1285 1281 sibi

214 1303 448 1370 gloriam
491 1300 810 1363 attribuunt,
854 1301 1009 1369 quasi
1063 1317 1178 1352 eam
1221 1316 1286 1351 ex

214 1373 412 1439 seipsis
467 1380 520 1422 et
578 1371 788 1422 meritis
846 1373 962 1423 suis
1016 1371 1247 1422 habeant
1269 1409 1283 1431 ,

211 1459 340 1494 cum
368 1452 551 1492 tamen
588 1442 761 1508 gloria
799 1442 871 1493 sit
914 1442 1012 1492 Dei
1047 1442 1280 1509 propria.

212 1517 347 1566 Item
375 1516 441 1564 ad
479 1514 618 1564 hanc
644 1524 849 1581 partem
881 1515 1148 1581 pertinent
1177 1515 1284 1564 ira-

209 1586 397 1645 cundi,
430 1585 523 1650 qui
554 1585 658 1635 sibi
688 1596 950 1651 usurpant
989 1585 1280 1636 vindictam

208 1672 335 1725 quae
352 1653 566 1722 propria
595 1664 674 1705 est
693 1655 809 1706 Dei.
834 1655 1097 1705 Similiter
1122 1665 1172 1705 et
1203 1654 1282 1705 illi

212 1726 502 1789 temerarii,
534 1726 627 1792 qui
650 1735 988 1791 praesumunt
1016 1736 1069 1777 et
1093 1726 1283 1777 volunt

208 1802 279 1851 de
327 1801 555 1850 aliorum
600 1800 852 1851 cordibus
879 1801 1128 1866 judicare,
1157 1816 1281 1852 cum

209 1874 320 1925 hoc
350 1873 422 1923 sit
444 1873 721 1939 proprium
749 1874 845 1924 Dei
874 1882 1100 1924 tantum.
1138 1875 1280 1924 Prae-

207 1955 290 1995 ter
315 1945 444 2003 haec,
465 1953 545 1993 est
574 1954 625 1993 et
651 1944 794 1993 aliud
825 1944 1171 2009 blasphemiae
1200 1960 1284 2010 ge-

207 2030 334 2073 nuS,
376 2015 522 2079 quod
569 2014 928 2065 committitur
960 2015 1016 2064 in
1057 2015 1280 2064 Sanctos

206 2094 498 2151 regnantes
531 2099 654 2134 cum
685 2084 922 2145 Christ0,
951 2096 1003 2136 et
1049 2085 1107 2135 in
1152 2085 1279 2151 qui-

205 2157 314 2206 bus
360 2164 546 2223 regnat
589 2154 858 2205 Christus.
896 2156 1052 2208 Unde
1105 2154 1164 2206 in
1201 2155 1281 2206 eis

204 2227 463 2279 Christus
485 2227 747 2286 laudatur,
764 2242 822 2276 ac
855 2228 1016 2279 etiam
1038 2229 1280 2294 blasphe-

205 2309 419 2361 matur3
445 2306 499 2347 et
525 2297 583 2345 in
626 2299 871 2362 praelatos
904 2300 999 2364 qui
1037 2301 1280 2351 serviunt

201 2370 319 2420 Deo
352 2369 410 2418 in
442 2367 693 2427 subditis,
723 2378 778 2418 et
816 2370 930 2419 vice
976 2371 1072 2420 Dei
1117 2387 1278 2438 supra

204 2442 459 2493 subditos
489 2441 650 2507 positi
681 2451 825 2507 sunt,
858 2458 916 2493 ac
949 2460 1046 2510 per
1083 2444 1185 2496 hoc
1218 2446 1275 2495 in

201 2518 284 2567 eis
330 2517 479 2565 Deus
516 2514 830 2575 honoratur,
858 2531 919 2566 ac
955 2517 1118 2568 etiam
1157 2519 1275 2568 bla-

206 2589 547 2655 sphematur.

279 2676 299 2709 1
316 2676 333 2710 1
368 2660 621 2709 Sum-rar
639 2675 963 2710 Larmanras
990 2676 1166 2711 orani-3
1178 2677 1277 2711 rm

206 2747 513 2791 Quonnmar
556 2746 847 2783 peccarunt.
885 2762 946 2771 —
981 2735 1153 2785 Tertii
1196 2735 1279 2785 si-

209 2803 422 2854 militer
463 2800 703 2866 lapidant
743 2803 1041 2853 Dominum
1071 2806 1275 2866 Jesum,

205 2874 347 2926 sicut
392 2871 558 2922 Judaei
618 2872 986 2937 lapidaverunt
1046 2876 1279 2941 Stepha-

207 2958 373 3006 num3
405 2942 484 2992 sic
510 2943 656 2992 enim
686 2943 814 2992 mali
835 2943 1130 2995 Christiani
1158 2946 1277 3011 spi-

206 3012 477 3063 ritualiter
496 3028 639 3062 nunc
659 3013 896 3078 lapidant
921 3015 1276 3080 Stephanum,

205 3085 321 3134 imo
344 3083 527 3149 ipsum
551 3083 851 3144 Christum,
872 3086 1089 3152 quando
1111 3086 1163 3137 vi
1189 3104 1280 3153 op-

205 3154 456 3221 primunt
485 3160 538 3202 et
559 3152 808 3219 affligunt
833 3156 1161 3220 proximum.
1183 3158 1280 3208 La-

206 3225 296 3291 pis
323 3223 473 3274 enim
504 3223 703 3274 dicitur
726 3240 756 3275 a
780 3225 1054 3292 laedend03
1077 3238 1130 3278 et
1158 3229 1278 3279 ideo

206 3312 336 3345 cum
388 3294 686 3360 proximus,
722 3296 816 3362 qui
851 3308 931 3348 est
969 3300 1277 3351 membrum

206 3365 436 3427 Christi,
482 3366 714 3430 laeditur,
746 3368 860 3433 ipse
915 3370 1164 3422 Christus
1220 3373 1284 3422 in*

207 3440 460 3490 membro
514 3455 616 3490 suo
667 3441 950 3505 lapidatur.
985 3444 1089 3506 Sed
1139 3460 1278 3511 saepe

205 3511 429 3563 tristitia
457 3511 633 3562 taliter
660 3528 1037 3579 oppressorum
1067 3532 1280 3568 conver-

203 3580 344 3631 titur
386 3580 463 3631 eis
497 3580 553 3629 in
581 3584 878 3648 gaudium3
905 3584 1043 3636 sicut
1075 3586 1278 3653 lapides

202 3669 349 3721 quos
393 3653 678 3705 mittebant
721 3656 891 3707 Judaei
932 3669 1117 3710 contra
1153 3661 1276 3710 Ste-

209 3727 459 3793 phanum
489 3726 554 3775 ad
574 3727 921 3781 afflictionem
947 3733 1137 3793 carnis,
1165 3734 1281 3785 dul-

205 3814 296 3849 ces
321 3797 403 3847 illi
434 3795 653 3847 fuerunt
672 3815 736 3849 ex
766 3802 962 3866 gaudio
989 3804 1206 3865 mentia,
1228 3815 1281 3855 et

206 3867 660 3919 convertebantur
698 3869 752 3920 in
785 3872 988 3938 lapides
1015 3875 1280 3941 pretiosos

207 3940 278 3989 ad
333 3952 600 3989 coronam.
640 3941 830 4007 capitis
854 3957 870 4006 3
919 3944 1047 4009 quia
1092 3946 1280 4011 posuit

1401 442 1561 493 Dens
1577 443 1632 493 in
1661 444 1978 511 capite'ejus
1999 461 2253 498 coronam
2282 448 2351 498 da
2375 450 2465 501 la-

1391 513 1527 579 pide
1536 514 1795 579 pretioso,
1825 526 1926 566 etc.
1946 517 2135 567 Posset
2154 518 2316 569 etiam
2336 520 2465 586 dici,

1400 584 1544 648 quod
1575 584 1949 637 universaliter
1982 588 2146 638 homo
2192 589 2466 642 Christia-

1400 671 1503 704 nus
1527 656 1580 705 in
1611 657 1758 707 omni
1790 669 1999 723 peccato
2029 661 2241 710 mortali
2266 663 2464 728 lapidat

1399 725 1696 779 Christum.
1756 729 1911 780 Unde
1945 731 2262 781 Ambrosius
2290 751 2306 783 .·
2341 752 2369 780 «
2412 735 2463 785 O

1397 812 1561 861 quam
1602 798 1755 862 pauci
1789 809 1915 849 sunt
1950 800 2010 850 in
2040 810 2181 851 tanta
2206 803 2461 854 multitu-

1397 868 1523 918 dine
1542 870 1996 937 Christianorum,
2017 873 2114 939 qui
2136 875 2318 926 Jesum
2345 893 2459 928 non

1397 953 1783 1009 persequantur
1826 954 1879 995 et
1923 946 2163 1012 lapident
2206 957 2259 999 et
2314 950 2464 1000 occi-

1396 1012 1559 1064 dantl
1583 1033 1610 1061 n
1642 1014 1965 1079 Huiusmodi
1999 1017 2162 1068 etiam
2209 1019 2461 1085 lapidatio

1397 1083 1473 1133 sic
1500 1085 1808 1136 declaratur.
1853 1087 1992 1137 Cum
2028 1090 2178 1139 enim
2212 1090 2463 1144 Christus

1394 1154 1465 1203 sit
1507 1155 1791 1207 advocatus
1835 1168 2036 1219 noster,
2068 1169 2120 1210 et
2153 1161 2462 1227 propitiatio

1394 1240 1491 1290 pro
1521 1226 1750 1290 peccatis
1778 1228 1998 1288 nostriS,
2033 1230 2128 1294 qui
2160 1231 2464 1296 interpellat

1395 1311 1491 1361 pro
1521 1297 1680 1347 nobis
1708 1299 1848 1364 apud
1876 1299 2106 1360 Patrem,
2124 1299 2322 1352 idcirco
2347 1302 2462 1367 ipse

1393 1369 1462 1418 de
1518 1370 1741 1435 peccatis
1789 1370 1935 1420 dolet
1989 1381 2040 1421 et
2090 1372 2260 1437 luget3
2322 1374 2462 1424 sicut

1391 1453 1421 1487 e
1467 1454 1724 1490 converso
1764 1442 1830 1491 de
1878 1450 2058 1491 nostra
2112 1443 2461 1494 conversione

1390 1512 1602 1575 gaudet.
1649 1514 2091 1580 Quotiescunque
2133 1514 2280 1564 enim
2328 1530 2459 1580 pec-

1389 1597 1591 1641 camuS,
1643 1584 1921 1635 Christum
1978 1586 2358 1636 contristamus
2409 1596 2462 1638 et

1390 1653 1658 1718 laedimus3
1686 1671 1745 1705 ac
1778 1672 1872 1721 per
1902 1657 2003 1706 hoc
2036 1673 2160 1708 eum
2191 1658 2460 1723 quodam-

1390 1726 1551 1775 modo
1601 1727 1920 1792 lapidamus,
1984 1730 2049 1779 Et
2113 1730 2461 1795 intelligenda

1389 1809 1516 1848 sunt
1558 1799 1674 1850 haec
1719 1816 1843 1852 sane
1885 1817 1991 1851 non
2033 1803 2178 1868 quod
2209 1803 2460 1853 Christus

1390 1869 1446 1920 in
1466 1886 1687 1937 corpore
1718 1889 1816 1923 suo
1844 1875 1951 1939 jam
1981 1874 2217 1939 glorioso
2240 1874 2459 1924 laedatur

1388 1942 1735 2004 sensibiliter,
1777 1960 1899 1994 cum
1952 1959 2147 2011 corpus
2203 1944 2337 1995 illud
2385 1945 2458 1996 sit

1388 2015 1752 2081 impassibile3
1775 2018 1878 2079 vel,
1899 2018 2044 2084 quod
2066 2019 2122 2068 in
2154 2018 2351 2084 ipsum,
2374 2018 2457 2068 vel

1386 2097 1589 2150 partem
1619 2086 1930 2137 sensitivam
1955 2088 2145 2138 cadant
2179 2088 2460 2154 passiones

1386 2156 1613 2219 animae;
1641 2165 1691 2205 et
1713 2157 1867 2222 quasi
1897 2157 1973 2208 sic
2004 2157 2229 2224 peccatis
2251 2159 2454 2210 nostris

1385 2228 1666 2293 lapidetur.
1698 2229 1802 2279 Sed
1850 2230 2164 2295 hujusmodi
2201 2231 2455 2297 lapidatio

1385 2310 1463 2350 est
1497 2300 1879 2366 metaphorica,
1908 2302 2049 2352 sicut
2078 2313 2130 2351 et
2154 2302 2451 2362 crucifixio,

1385 2372 1842 2438 quemadmodum
1882 2372 2014 2423 dicit
2054 2373 2345 2438 Apostolus
2388 2373 2456 2424 de

1384 2443 1709 2509 quibusdam
1754 2442 2031 2507 baptizatis
2062 2454 2113 2492 et
2146 2442 2409 2507 prolapsis
2436 2460 2449 2491 ε

1385 2517 1623 2566 Rursum
1668 2514 2044 2582 crucifigentes
2078 2515 2130 2565 in
2157 2515 2456 2580 semetipsis

1386 2588 1589 2639 Filium
1639 2588 1761 2638 Dei.
1819 2588 1921 2638 Ubi
1973 2588 2172 2638 Glossa
2208 2605 2225 2637 .-
2261 2605 2288 2632 «
2330 2587 2452 2636 Non

1385 2661 1530 2727 quod
1583 2659 1901 2726 crucifigant
1948 2660 2151 2710 Filium
2201 2657 2318 2717 Dei,
2363 2659 2458 2708 sed

1385 2732 1514 2799 quia
1572 2731 1779 2783 similes
1832 2741 1956 2782 sunt
2014 2730 2451 2793 crucifixoribus3

1384 2803 1702 2870 crucifigunt
1742 2815 1922 2854 autem
1952 2804 2009 2855 in
2045 2804 2370 2870 semetipsis,
2401 2803 2459 2853 id

1384 2887 1466 2926 est
1510 2886 1776 2942 quantum
1810 2876 1866 2925 in
1914 2875 2047 2941 ipsis
2087 2886 2186 2926 est.
2218 2895 2241 2920 ιο
2268 2874 2358 2925 Sic
2400 2874 2457 2925 ni

1386 2946 1661 3013 proposito
1689 2948 1908 3013 quando
1934 2946 2234 2996 mortaliter
2272 2961 2462 3011 pecca-

1385 3035 1527 3079 mua,
1555 3018 1840 3069 Christum
1872 3019 2179 3084 lapidamus
2214 3028 2267 3068 et
2299 3018 2456 3068 Iaedi-

1386 3107 1508 3141 mus
1538 3100 1590 3141 et
1610 3090 2009 3150 contristamus,
2027 3090 2172 3157 quia,
2191 3099 2463 3156 quantum

1387 3163 1443 3212 in
1481 3163 1639 3212 nobis
1671 3172 1769 3222 est,
1796 3179 1919 3212 eum
1946 3164 2147 3228 gaudio
2175 3162 2320 3229 quod
2342 3162 2458 3226 ipse

1384 3236 1450 3285 de
1475 3235 1639 3285 nobis
1663 3246 1930 3300 exspectat
1954 3237 2247 3302 privamus.
2267 3236 2327 3283 In
2344 3247 2465 3297 quo

1384 3307 1546 3357 etiam
1575 3323 1738 3357 sensu
1770 3308 2011 3375 loquitur
2054 3305 2370 3359 Ber-nardus
2397 3304 2456 3354 in

1386 3393 1614 3443 persona
1637 3377 1858 3440 Christi,
1874 3379 1953 3430 sic
1980 3380 2259 3444 alloquens
2283 3388 2460 3440 pecca·

1384 3462 1553 3501 torem
1581 3468 1594 3501 ε
1623 3470 1649 3497 «
1680 3452 1872 3503 Nonne
1914 3462 2131 3519 propter
2170 3460 2221 3499 te
2259 3449 2461 3498 vulne-

1385 3532 1531 3573 ratus
1566 3523 1723 3574 sum?
1755 3524 2035 3591 Numquid
2066 3537 2178 3572 non
2205 3535 2303 3585 pro
2339 3517 2456 3568 ini-

1383 3595 1588 3660 quitate
1638 3605 1731 3646 tua
1782 3596 2014 3646 afflictus
2051 3592 2208 3644 sum?
2246 3588 2455 3655 thuid

1384 3665 1537 3715 addis
1593 3665 1939 3717 affiictionem
1992 3662 2226 3715 afflicto?
2284 3658 2458 3724 Magis

1385 3747 1673 3802 aggravant
1717 3753 1805 3787 me
1856 3737 2077 3787 vulnera
2115 3732 2193 3783 tui
2236 3729 2454 3797 peccati,

1386 3822 1549 3873 quam
1582 3808 1807 3858 vulnera
1829 3804 2069 3872 corporis
2106 3802 2211 3853 mei
2242 3820 2256 3852 z
2287 3821 2314 3848 »
2339 3801 2456 3851 haec

1387 3878 1719 3928 Ber-nardus·
1754 3878 1857 3927 Sed
1902 3892 1979 3927 vae
2027 3873 2284 3926 omnibus
2336 3870 2459 3922 istis

1390 3950 1688 4000 Dominum
1767 3949 1949 3999 Jesum
2039 3944 2404 4013 lapidantibus
2440 3940 2455 3992 l
