2757 4413
404 317 507 386 735

401 453 608 489 coenam
632 444 1005 496 contemnunt,
1033 446 1087 486 et
1106 434 1307 486 vilibus
1325 436 1462 487 cibis

400 518 639 558 mentem
695 507 941 572 implent.
992 506 1192 568 Iratus,
1266 506 1460 573 inquit,

402 579 550 630 dixit
585 593 740 629 servo
769 591 883 641 suo,
910 575 1116 627 scilicet
1145 576 1462 642 praedicato-

398 652 446 703 ri
475 650 792 717 Evangelico
822 667 837 699 ε
864 648 988 699 Exi
1014 648 1136 711 cito,
1163 649 1367 701 scilicet
1396 652 1462 701 ab

399 722 512 773 otio
554 721 719 772 studii
758 729 809 771 et
847 720 1347 785 contemplationis,
1395 723 1461 772 ad

398 795 680 862 publicum
709 792 935 844 actionis
962 803 1016 844 et
1043 793 1458 858 praedicationiS,

400 868 455 919 in
473 868 687 934 plateas
714 870 765 915 et
787 864 934 915 vicos
960 863 1214 914 civitatis.
1245 864 1349 916 Per
1372 866 1461 915 vi-

398 955 488 991 cos
521 949 572 989 et
600 940 799 1002 plateas
826 935 1075 996 civitatis,
1104 951 1225 1002 quae
1261 937 1463 987 scilicet

396 1013 698 1063 clausuram
740 1009 956 1069 habent,
1004 1007 1327 1074 intelligitur
1357 1026 1460 1061 vo-

397 1083 535 1133 catio
587 1082 898 1132 Judaeorum
953 1079 1047 1145 qui
1096 1079 1263 1131 clausi
1310 1093 1460 1133 erant

391 1155 654 1222 legalibus
685 1153 1057 1213 observantii5‚
1094 1162 1148 1203 et
1175 1155 1324 1220 quasi
1359 1156 1457 1206 Dei

393 1227 550 1289 εἰπε,
580 1233 765 1290 utpote
795 1224 911 1289 ejus
946 1224 1144 1290 Legem
1177 1234 1452 1276 tenentes·
1440 1264 1455 1289 ,

393 1313 628 1365 quorum
649 1296 870 1362 quidam
900 1305 1052 1345 erant
1077 1295 1132 1345 in
1157 1295 1371 1360 plateis,
1401 1297 1456 1346 id

390 1380 472 1422 est
510 1370 568 1420 in
609 1371 712 1420 lata
743 1369 828 1419 via
855 1368 1224 1435 prosperitatis
1267 1380 1322 1420 et·
1347 1386 1452 1422 vo-

390 1440 629 1506 luptatis,
655 1440 877 1505 quidam
902 1440 957 1489 in
991 1439 1141 1501 vicis,
1185 1439 1239 1489 id
1277 1449 1358 1490 est
1398 1440 1455 1490 in

390 1511 635 1577 angustia
686 1509 1017 1561 adversitatis
1054 1519 1106 1560 et
1142 1510 1455 1562 tribulat-io-

390 1582 506 1643 nis;
553 1581 702 1633 vicus
749 1582 897 1631 enim
942 1580 1137 1630 arctior
1176 1593 1255 1632 est
1288 1599 1454 1648 quam

390 1655 577 1720 platea.
606 1652 897 1718 Subiungit
923 1661 1103 1702 autem
1147 1669 1161 1702 ε
1191 1654 1271 1703 Et
1301 1669 1452 1719 pau-—

380 1738 557 1789 pereS‚
582 1734 800 1789 propter
850 1721 1116 1771 defectum
1164 1733 1283 1788 grat
1293 1723 1359 1773 iae
1401 1733 1454 1773 et

385 1797 618 1858 virtutis,
658 1810 723 1846 ac
772 1795 1005 1857 debiles,
1047 1804 1265 1860 propter
1300 1796 1454 1846 defe-

385 1879 532 1921 ctum
566 1870 733 1918 ‘bonae
780 1868 1124 1932 operationis,
1174 1875 1227 1918 et
1257 1883 1450 1934 ccecos,
1478 1889 1482 1893 ·

386 1947 608 2005 propter
632 1936 897 1987 defectum
940 1953 1077 1988 verae
1106 1937 1449 2003 cognitioniS‚

384 2016 439 2060 et
467 2008 705 2071 claudos,
733 2016 951 2073 propter
983 2006 1248 2058 defectum
1296 2020 1452 2061 rectae

384 2081 683 2133 affectionis
735 2091 788 2130 et
828 2080 1178 2142 intentionis,
1222 2082 1329 2133 hoc
1370 2095 1453 2135 est

384 2152 641 2214 humiles,
696 2151 790 2219 qui
833 2167 892 2202 se
932 2151 1063 2202 tales
1110 2163 1362 2219 reputant
1401 2167 1452 2206 et

385 2223 582 2275 intrare
640 2224 960 2284 desiderant,
1013 2223 1262 2276 introduc
1316 2227 1450 2292 huc‘5

384 2296 515 2346 tales
544 2294 690 2344 enim
720 2294 834 2345 vult
871 2293 1135 2344 Dominus
1167 2296 1232 2345 ad
1270 2297 1450 2361 poeni-

384 2365 610 2416 tentiam
637 2363 833 2424 vocari,
868 2373 922 2414 et
961 2363 1027 2413 ad
1067 2379 1228 2414 suum
1259 2368 1450 2417 convi-

382 2436 534 2486 vium
567 2435 849 2485 introduci.
873 2435 1009 2486 Natn
1035 2435 1367 2502 principibus
1397 2449 1450 2489 et

384 2508 767 2571 sacerdotibus,
787 2523 846 2557 ac
875 2507 1220 2573 Legisperitis
1244 2510 1271 2559 J
1276 2512 1450 2561 udaeo-

382 2594 525 2639 rum,
552 2588 771 2645 propter
797 2577 1237 2643 ingratitudinem
1262 2590 1316 2629 et
1349 2597 1447 2631 su-

383 2651 625 2717 perbiam
652 2649 895 2699 dimissis
933 2663 965 2698 a
1002 2649 1114 2698 Deo
1150 2659 1203 2700 et
1229 2651 1444 2713 relictis,

381 2722 645 2783 humileS‚
700 2720 975 2786 simplices
1044 2730 1097 2770 et
1171 2722 1445 2787 publicani

382 2794 530 2843 illius
563 2794 747 2861 populi
796 2801 926 2845 sunt
961 2793 1152 2854 vocati,
1208 2803 1270 2844 ut
1302 2806 1446 2861 patet

382 2866 439 2916 in
466 2867 738 2931 Apostolis
757 2879 812 2918 et
829 2867 1077 2933 pluribus
1103 2867 1225 2917 aliis
1249 2883 1314 2917 ex
1341 2870 1444 2920 de-

381 2951 541 2987 cursu
571 2937 862 3003 Evangelii.
892 2938 1048 2987 Unde
1090 2937 1400 3003 Gregorius
1427 2956 1444 2991 .·

383 3023 413 3052 α
433 3005 581 3066 Quia·
595 3022 719 3072 ergo
741 3006 925 3057 venire
945 3006 1162 3072 superbi
1189 3018 1442 3071 renuunt,

382 3093 644 3144 pauperes
698 3078 1004 3145 eliguntur3
1055 3080 1184 3145 quia
1229 3080 1444 3137 infirma

379 3147 566 3197 mundi
614 3148 773 3214 eligit
820 3149 989 3212 Deus,
1042 3155 1100 3199 ut
1146 3150 1444 3215 confundat

368 3218 570 3284 sortia,
607 3228 908 3284 peccatores
946 3220 1183 3271 humiles
1224 3221 1444 3287 eligun-

379 3300 495 3353 tur,
532 3292 634 3341 hos
684 3292 864 3358 itaque
905 3293 1067 3359 elegit
1101 3294 1263 3354 Deus,
1304 3310 1443 3361 quos

377 3364 607 3431 despicit
649 3367 917 3427 mundus,
952 3368 1079 3433 quia
1118 3369 1441 3435 plerumque

376 3434 495 3501 ipsa
524 3436 792 3503 despectio
817 3437 1098 3489 hominem
1135 3449 1346 3490 revocat
1373 3442 1439 3490 ad

374 3506 745 3573 semetipsum.
781 3508 1040 3574 Pauperes
1068 3524 1195 3576 ergo
1218 3520 1272 3561 et
1297 3511 1441 3561 debi-

373 3577 471 3639 les,
512 3578 635 3629 caeci
663 3590 717 3630 et
742 3579 935 3641 claudi,
964 3591 1221 3632 vocantur
1253 3593 1306 3633 et
1340 3598 1439 3634 ve-

376 3648 564 3711 niunt,
584 3649 713 3715 quia
738 3648 938 3700 infirmi
964 3651 1168 3717 quique
1195 3662 1354 3718 atque
1378 3653 1437 3701 in

372 3718 479 3771 hoc
546 3721 754 3772 mundo
807 3722 1039 3789 despecti
1118 3723 1438 3790 plerumque

374 3798 523 3841 tanto
556 3792 779 3843 celerius
826 3809 1010 3845 vocem
1042 3792 1141 3843 Dei
1189 3794 1435 3853 audiunt,

372 3872 577 3927 quanto
619 3864 684 3914 in·
725 3865 827 3915 hoc
853 3866 1060 3916 mundo
1087 3880 1195 3915 non
1237 3864 1438 3914 habent

368 3934 467 3987 ubi
491 3937 839 3991 delectentur.
860 3958 888 3989 n
923 3940 1078 3993 Unde
1101 3948 1155 3992 et
1172 3936 1437 4004 Augusti-

855 326 862 331 “
951 317 1191 368 PRIMAE
1227 315 1476 367 PARTIS
1514 315 1751 366 CAPUT
1783 317 2016 368 LXXXI.

1567 447 1666 482 nus
1690 451 1708 483 .-
1726 451 1756 480 (ι
1783 434 1849 484 Et
1871 435 1963 501 qui
1984 445 2263 496 venerunt,
2289 437 2390 488 nisi
2420 440 2575 491 mendi

1567 504 1632 564 ci,
1662 505 1884 570 debileS,
1913 507 2105 566 claudi,
2141 508 2305 558 caeci?
2332 510 2408 559 Illi
2435 521 2588 561 autem

1567 593 1675 626 non
1720 588 1986 629 venerunt
2039 578 2253 640 diviteS,
2292 581 2421 641 sani,
2460 583 2587 648 quasi

1568 650 1701 700 bene
1727 651 2061 702 ambulantes
2093 662 2145 702 et
2162 663 2317 703 acute
2332 665 2589 715 cernentes,

1568 722 1802 773 multum
1827 723 1892 772 de
1911 737 1969 772 se
1993 734 2401 788 praesumentes3
2425 735 2471 774 et
2491 725 2589 776 ideo

1568 801 1713 842 tanto
1765 793 2141 858 despectioreS,
2179 803 2381 859 quanto
2429 810 2588 860 super-

1567 862 1765 912 biores,
1804 863 2040 913 Veniant
2083 865 2332 928 mendici,
2375 866 2490 932 quia
2515 866 2588 916 ine

1567 936 1759 988 invitat
1797 937 1891 1003 qui
1912 942 2158 1004 ‘propter
2193 955 2295 989 nos
2339 939 2490 989 factus
2522 949 2589 990 est

1566 1027 1782 1077 pauper,
1812 1027 1934 1062 cum
1973 1013 2121 1063 dives
2171 1023 2341 1077 esset3
2384 1024 2440 1083 ut
2464 1014 2585 1065 illius

1566 1093 1872 1148 paupertate
1901 1084 2132 1134 mendici
2168 1085 2464 1136 ditaremur.
2495 1086 2584 1136 Ve-

1566 1153 1719 1204 niant
1736 1154 1954 1215 debiles,
1985 1155 2114 1221 quia
2137 1171 2241 1206 non
2273 1163 2353 1207 est
2371 1171 2491 1223 opus
2508 1171 2586 1207 sa-

1564 1225 1648 1274 nis
1674 1225 1928 1286 medicuS,
1970 1226 2066 1276 sed
2115 1227 2260 1278 male
2297 1228 2585 1279 habentibus.

1562 1295 1794 1346 Veniant
1818 1295 2012 1360 claudi,
2051 1296 2148 1362 qui
2185 1297 2234 1348 ei
2263 1298 2469 1348 dicant:
2501 1297 2589 1348 Di-

1561 1367 1686 1432 rige
1713 1382 1941 1435 gressus
1978 1383 2124 1419 meos
2160 1369 2215 1419 in
2257 1371 2451 1421 semitis
2484 1369 2582 1421 tuis.

1563 1441 1795 1491 Veniant
1817 1440 1959 1502 caeci,
1995 1442 2089 1507 qui
2113 1443 2298 1494 dicant
2325 1462 2339 1494 :
2369 1444 2584 1495 Illumina

1562 1512 1744 1563 oculos
1761 1525 1920 1573 meos,
1949 1526 2014 1562 ne
2038 1527 2270 1578 unquam
2296 1514 2585 1564 obdormiam

1561 1583 1614 1632 in
1638 1588 1808 1632 morte
1835 1599 1852 1632 :
1871 1601 1898 1630 n
1929 1582 2042 1633 haec
2061 1585 2414 1649 Augustinus.
2436 1585 2507 1635 Et
2519 1584 2585 1634 ait

1560 1669 1747 1705 servus
1772 1672 1790 1705 .-
1817 1655 2057 1718 Domine,
2082 1655 2305 1720 factum
2334 1663 2412 1707 est
2438 1663 2487 1706 ut
2501 1657 2585 1705 im·

1550 1727 1790 1794 perasti,·
1820 1729 1912 1777 sed
1948 1727 2110 1777 etiam
2138 1744 2204 1778 eo
2239 1731 2394 1780 modo
2418 1740 2473 1780 ut
2494 1729 2582 1779 im-

1559 1801 1773 1867 perasti,
1807 1811 1858 1852 et
1885 1801 1962 1852 sic
1988 1811 2210 1853 notatur
2234 1803 2450 1870 perfecta
2475 1804 2583 1854 obe-

1557 1873 1776 1933 dientia,
1800 1873 2006 1923 scilicet
2029 1873 2085 1923 in
2106 1890 2270 1940 opere
2293 1884 2343 1926 et
2361 1876 2414 1925 in
2430 1875 2601 1931 modo,-

1558 1949 1610 1994 et
1658 1943 1835 1994 adhuc
1880 1943 2027 1993 locus
2066 1951 2167 1994 est.
2219 1946 2378 2004 Quasi
2418 1945 2536 1995 dieat
2567 1959 2579 1992 ε

1558 2015 1757 2064 Multos
1810 2013 2216 2066 introduximus
2275 2017 2339 2066 de
2387 2015 2578 2074 Judaeis,

1557 2085 1652 2136 sed
1680 2086 1855 2136 adhuc
1885 2092 1966 2136 est
1989 2085 2138 2137 locus
2163 2087 2259 2137 ubi
2300 2088 2580 2153 recipiantur

1559 2158 1823 2222 Gentiles;
1877 2158 1980 2209 hoc
2033 2158 2200 2210 etiam
2239 2161 2357 2211 ideo
2399 2159 2576 2220 dicitur,

1556 2231 1685 2297 quia
1715 2232 1947 2281 Ecclesia
1976 2232 2159 2297 plures
2204 2233 2427 2299 recipere
2462 2246 2578 2281 sem-

1556 2318 1650 2367 per
1677 2312 1761 2352 est
1786 2311 1982 2366 parata.
2009 2303 2088 2353 Et
2110 2304 2201 2354 ait
2227 2304 2461 2355 dominus
2482 2315 2579 2351 ser-

1556 2388 1620 2423 vo
1650 2391 1667 2424 .-
1696 2373 1820 2423 Exi
1845 2373 1950 2423 cito
1975 2373 2027 2423 in
2050 2373 2172 2424 vias
2192 2380 2244 2425 et
2267 2388 2425 2439 sepe-5,
2454 2373 2499 2424 id
2516 2379 2578 2421 est

1554 2454 1700 2494 extra
1726 2445 1964 2495 Judaeam
1998 2443 2346 2495 discurrendo
2366 2444 2427 2494 ad
2456 2444 2577 2494 Gen-

1552 2516 1701 2565 tilem
1731 2516 2028 2581 populum3
2076 2518 2199 2581 per‘*
2224 2517 2340 2568 vias
2378 2515 2503 2567 enirn
2536 2521 2577 2563 et

1553 2601 1705 2652 sepes
1727 2586 2045 2653 intelligitur
2070 2588 2280 2639 vocatio
2312 2586 2571 2639 Gentilium

1553 2656 1669 2722 qui,
1694 2666 1948 2722 tanquam
1981 2667 2232 2723 agrestes,
2258 2658 2314 2708 in
2334 2658 2430 2708 viis
2451 2666 2496 2706 et
2516 2668 2578 2703 se-

1552 2728 1711 2793 pibus
1759 2736 1910 2777 erant
1947 2727 2176 2810 dispersi
2231 2738 2284 2778 et
2326 2722 2574 2792 direptioni

1551 2798 1792 2849 hostium
1846 2798 2073 2863 expositi
2127 2799 2181 2849 in
2234 2798 2352 2861 viis,
2411 2795 2578 2847 scilicet

1552 2869 1840 2918 mundanae
1908 2869 2236 2935 prosperatis
2300 2875 2352 2920 et
2394 2865 2575 2931 sepibus

1549 2938 1903 3002 adversitatis;
1933 2944 1986 2988 et
2006 2939 2258 3006 compelle
2295 2940 2489 2989 intrare
2501 2934 2575 2985 in-

1549 3012 1744 3063 stantia
1776 3022 1829 3062 et
1857 3010 2263 3077 importunitate
2280 3006 2574 3091 praedicatio-

1550 3085 1655 3133 nis,
1702 3083 1975 3133 Vocantur
2019 3081 2185 3142 enirn,
2241 3081 2333 3148 qui
2385 3095 2413 3129 a
2456 3075 2575 3127 malo

1549 3154 1891 3205 retrahuntur
1916 3153 2248 3204 ferventibus
2276 3148 2572 3204 exhortatio-

1550 3226 1745 3289 nibus;
1770 3226 2194 3291 compelluntur,·
2207 3224 2302 3291 qui
2320 3222 2574 3273 trahuntur

1548 3298 1699 3348 duris
1737 3297 2272 3348 comminationibus.
2307 3294 2451 3347 Unde
2486 3292 2571 3341 Ju-

1547 3369 1692 3418 daeos
1746 3377 1932 3418 monet
1988 3367 2201 3428 vocari,
2256 3376 2308 3417 et
2361 3361 2570 3415 Gentiles

1546 3437 1814 3504 compelli,
1836 3438 1966 3504 quia
1984 3438 2198 3498 Judaeis,
2229 3447 2472 3502 tanquam
2495 3430 2571 3480 Le-

1546 3525 1666 3575 gem
1690 3519 1742 3560 et
1769 3509 2062 3574 Prophetas
2079 3507 2412 3566 habentibus,
2430 3499 2570 3553 levior

1544 3580 1750 3630 vocatio
1783 3579 2013 3629 debebat
2049 3577 2310 3636 sufficere,
2338 3588 2449 3642 quae
2479 3583 2568 3620 non

1546 3650 1839 3701 sufficiebat
1891 3648 2171 3708 Gentibus,
2215 3653 2281 3697 ut
2318 3643 2572 3711 impleam
2609 3694 2613 3700 .

1544 3723 1733 3773 domus
1760 3735 1895 3783 mea,
1937 3720 2137 3771 scilicet
2175 3718 2363 3769 coelum
2390 3725 2438 3765 et
2473 3726 2567 3762 coe-

1541 3792 1691 3843 lestis
1727 3792 1915 3859 patria,
1944 3791 2039 3842 ubi
2080 3790 2140 3841 fit
2177 3799 2427 3839 aeternum
2452 3796 2568 3833 con·-

1541 3866 1747 3917 viviurn
1776 3864 1956 3915 debito
1990 3878 2213 3914 numero
2248 3855 2564 3929 praedestin&-

1541 3945 1753 4000 torum,
1779 3933 1874 4003 qui
1900 3947 2156 3985 numerus
2172 3945 2278 3981 non
2300 3918 2567 3980 remanebit
