2757 4413
323 350 418 400 DE
454 349 605 401 NON
641 344 967 397 TIMENDA
998 343 1254 396 MORTE
1289 343 1384 395 ET
1413 342 1874 394 CONFITENDO
1909 342 2241 394 CHRISTO.
2309 343 2419 414 489

174 465 475 516 moriemini
537 464 655 515 sine
702 462 1040 514 ordinatione
1086 460 1185 511 Dei
1217 459 1238 511 ?

175 539 281 588 Non
308 549 390 589 est
415 537 569 588 enim
599 536 876 603 proportio
912 534 1114 586 valoris
1147 533 1235 583 in-

168 609 443 660 finitorum
473 624 755 675 passerum
780 609 847 658 ad
877 623 1051 658 unum
1080 606 1233 672 spiri-

170 692 302 743 tum3
350 692 404 731 et
450 680 526 731 ita
575 690 721 746 patet
757 679 895 729 ratio
931 679 1230 729 secundum

164 753 690 818 appretiabilitatem.
718 754 871 812 Item,
897 762 1073 818 potest
1098 768 1229 817 pro-

169 825 275 874 bari
309 825 612 876 secundum
658 823 1029 882 eternitatem,
1060 833 1112 873 et
1149 832 1229 873 est

162 911 368 954 sensus,
411 895 710 945 secundum
739 895 1153 958 Hieronymum,
1178 893 1225 943 si

165 966 424 1031 peritura,
467 965 590 1016 sine
618 964 716 1015 Dei
754 962 1092 1014 Providentia
1115 979 1225 1013 non

164 1045 403 1100 pereunt,
430 1051 528 1086 vos
554 1035 651 1101 qui
677 1033 865 1084 oeterni
891 1033 1039 1093 estis,
1064 1032 1226 1083 time-

162 1123 213 1156 re
252 1123 363 1156 non
412 1107 623 1157 debetis
676 1106 825 1172 quod
864 1105 1069 1171 absque
1125 1105 1223 1155 Dei

165 1178 501 1228 Providentia
535 1178 747 1229 vivatis.
771 1177 875 1229 Ubi
901 1177 1226 1244 Chry-rono-

158 1265 269 1301 πως
289 1268 309 1300 .·
329 1269 358 1297 α
388 1251 450 1301 Si
478 1266 606 1316 ergo
633 1265 876 1316 passeres
903 1249 958 1299 in
984 1250 1225 1300 volunta-

160 1334 209 1372 te
237 1322 337 1372 Dei
373 1322 539 1388 positi
566 1331 716 1381 sunt,
745 1337 852 1371 non
881 1321 939 1371 in
962 1331 1222 1387 potestate

157 1392 426 1452 hominiS,
466 1408 608 1458 quos
647 1393 795 1442 Deus
822 1391 888 1441 ad
915 1407 1079 1442 usum
1118 1392 1222 1441 ho-

158 1464 368 1513 minum
391 1463 549 1525 fecit3
574 1472 777 1528 quanto
797 1461 971 1527 magis
988 1477 1089 1511 vos
1107 1477 1219 1512 non

159 1534 283 1585 estis
308 1535 369 1584 in
402 1543 659 1599 potestate
702 1533 1015 1592 hominum,
1042 1533 1132 1582 sed
1161 1533 1219 1582 in

158 1607 435 1656 voluntate
458 1605 578 1665 Dei,
622 1620 763 1670 quos
797 1605 942 1653 Deus
967 1604 1035 1654 ad
1063 1620 1219 1654 suam

158 1676 382 1742 gloriam
412 1675 571 1726 fecit?
602 1675 659 1726 Si
691 1690 873 1741 passer
899 1684 1093 1726 eventu
1121 1691 1219 1726 nec

157 1746 413 1806 moritur,
475 1762 572 1797 nec
619 1745 788 1805 cadit,
844 1756 1062 1812 propter
1115 1746 1220 1796 hoc

159 1817 332 1883 ipsum
380 1818 515 1884 quia
552 1833 689 1883 opus
730 1817 830 1868 Dei
870 1827 974 1879 est3
1013 1828 1217 1884 quanto

157 1889 323 1955 magis
377 1890 553 1954 justus
609 1889 777 1939 homo
851 1904 962 1938 non
1021 1898 1104 1939 est
1158 1887 1216 1939 in

154 1972 343 2011 eventu
369 1961 600 2026 positus,
630 1959 761 2027 quia
787 1959 965 2025 imago
995 1960 1091 2010 Dei
1115 1970 1214 2024 est,

157 2031 243 2080 sed
276 2040 370 2081 aut
402 2046 434 2081 a
473 2031 587 2081 Deo
625 2030 883 2090 traditus,
922 2040 1013 2081 aut
1044 2046 1076 2082 a
1103 2031 1215 2082 Deo

154 2101 409 2152 liberatus
451 2101 661 2152 evadit?
701 2101 759 2151 Si
801 2101 861 2151 in
911 2102 1217 2167 passeribus

155 2171 291 2223 nihil
333 2172 453 2223 sine
494 2171 704 2222 ratione
738 2171 935 2238 agitur,
978 2187 1213 2239 quorum

154 2243 383 2293 duorum
419 2244 651 2309 pretium
702 2259 848 2294 unus
880 2254 980 2314 ‘est
1023 2244 1160 2296 assis
1195 2260 1210 2309 ;

153 2325 344 2378 quanto
394 2315 568 2381 magis
615 2314 675 2365 in
723 2314 879 2366 vobis
931 2315 1052 2366 sine
1101 2316 1213 2366 Deo

155 2384 287 2436 nihil
333 2386 534 2453 agitur,
573 2402 808 2453 quorum
859 2386 1090 2452 pretium
1132 2398 1214 2438 est

152 2456 364 2521 sanguis
399 2472 571 2507 meus.
608 2457 664 2506 Si
690 2457 768 2507 sic
797 2457 1061 2507 habentur
1088 2473 1213 2523 pas-

149 2542 310 2597 seres,
338 2529 619 2593 quomodo
657 2528 889 2579 habendi
926 2539 1056 2580 sunt
1081 2529 1211 2579 filii?

149 2598 371 2665 Ideoque
416 2615 524 2649 non
561 2598 769 2649 debetis
797 2598 988 2648 timere
1022 2599 1209 2650 homi-

148 2683 254 2726 nes,
282 2668 417 2734 quia
442 2684 553 2718 non
584 2679 666 2719 est
698 2668 758 2717 in
793 2668 950 2719 vobis
987 2668 1207 2719 illorum

149 2748 393 2801 potestas,
417 2738 510 2789 sed
535 2739 654 2789 Dei.
676 2738 799 2789 Non
821 2738 971 2789 enim
989 2740 1207 2805 quando

149 2809 327 2859 volunt
363 2808 527 2874 impii
567 2819 693 2859 tunc
735 2819 964 2874 possunt
1017 2811 1208 2860 nocere

78 2927 83 2930 .
143 2881 368 2945 Sanctis3
417 2882 513 2933 sed
554 2882 771 2948 quando
817 2882 927 2932 illis
979 2882 1205 2933 nocendi

147 2961 349 3017 tempus
406 2952 730 3004 concesserit
746 2991 759 3013 ,
814 2963 877 3003 ut
931 2952 1207 3019 provideat

146 3025 348 3076 Sanctis
372 3026 493 3076 suis
513 3042 786 3077 coronam.
818 3026 951 3084 Quae
973 3036 1055 3077 est
1078 3040 1204 3090 ergo

141 3097 399 3161 sapientia
428 3096 587 3147 illum
616 3112 727 3146 non
762 3096 953 3146 timere
986 3095 1082 3161 qui
1116 3097 1206 3145 dat

143 3179 451 3233 potestatem
470 3208 485 3227 ,
536 3170 627 3219 sed
675 3169 831 3220 illum
874 3168 1064 3219 timere
1108 3168 1203 3235 qui

142 3240 378 3305 accipit?
423 3240 483 3290 Si
521 3256 649 3306 ergo
701 3256 815 3290 non
854 3254 914 3289 es
954 3239 1202 3299 tradituS,

140 3311 252 3362 sine
283 3326 448 3361 causa
484 3311 670 3373 times3
706 3321 760 3361 et
784 3310 830 3361 si
857 3310 1084 3361 traditus
1110 3326 1201 3370 es,

142 3382 330 3445 pariter
361 3382 481 3433 sine
507 3397 667 3433 causa
695 3382 872 3433 times.
908 3381 1019 3432 Deo
1053 3381 1202 3432 enim

139 3452 409 3513 liberante,
446 3452 612 3504 homo
636 3453 738 3504 tibi
763 3467 952 3503 nocere
976 3467 1087 3502 non
1114 3467 1205 3517 po-

139 3533 256 3586 test3
309 3525 427 3574 Deo
476 3533 657 3574 autem
702 3524 942 3575 tradente
964 3561 978 3583 ,
1033 3523 1200 3574 homo

139 3592 227 3644 tibi
258 3609 478 3661 parcere
517 3609 628 3644 non
666 3603 861 3659 potest,
898 3593 1000 3644 etsi
1065 3593 1197 3644 vult.

141 3662 363 3716 Nescitis
403 3664 683 3731 quomodo
736 3663 936 3715 Pilatus
991 3662 1199 3715 volebat

139 3734 407 3787 dimittere
448 3735 767 3787 Christum?
800 3736 906 3786 Sed
942 3751 1053 3785 non
1093 3751 1196 3801 po-

139 3806 249 3867 tuit,
267 3808 400 3874 quia
418 3807 563 3858 Deus
579 3822 709 3857 eum
731 3806 968 3857 tradebat
992 3823 1007 3856 z
1033 3825 1059 3853 n
1081 3806 1194 3856 haec

141 3876 581 3943 Chryso-stonum.
598 3877 753 3927 Unde
778 3876 910 3926 dicit
943 3886 996 3926 et
1022 3876 1195 3926 Sene-

139 3964 193 4000 ca
213 3969 230 4002 .·
259 3971 288 3999 ιι
314 3952 416 4002 Vir
435 3951 633 4012 bonus,
661 3951 930 4017 quidquid
955 3950 1037 4000 illi
1061 3950 1195 4001 acci-

1342 459 1459 519 dit,
1513 475 1669 526 aequo
1717 461 1904 511 animo
1939 462 2229 513 sustinebit
2268 479 2285 513 ε
2317 462 2420 514 scit

1340 531 1493 582 enim
1524 531 1578 582 id
1605 532 1860 583 accidisse
1894 534 2012 599 lege
2058 532 2260 595 divina,
2308 549 2418 600 qua

1340 605 1590 657 universa
1637 606 1951 671 procedunt.
2003 624 2032 653 »
2067 634 2128 644 -
2164 606 2416 673 Mystice,

1336 675 1635 726 secundum
1665 677 1966 739 Hilarium,
2012 678 2121 728 duo
2152 693 2412 744 passeres,

1336 749 1543 799 scilicet
1596 764 1793 814 corpus
1843 759 1894 799 et
1933 749 2136 810 anima,
2183 750 2413 803 minimo

1336 818 1511 883 pretio
1530 819 1857 879 venduntur,
1891 835 2014 869 cum
2052 836 2149 886 pro
2187 820 2413 873 minima

1332 888 1687 939 delectatione
1719 888 1936 940 diabolo
1973 891 2275 941 traduntur.

1398 957 1429 1008 5
1472 958 1702 1018 Quam-A
1746 975 1906 1010 auto
1924 998 1937 1020 ,
1984 976 2051 1010 Ex
2085 976 2410 1012 constetu-

1332 1044 1494 1079 rtomz
1558 1044 1785 1079 rui-unffi:
1838 1045 2306 1082 assonam-10⁸1&
2347 1060 2410 1071 —

1333 1098 1537 1156 Quarta
1575 1099 1711 1149 ratio
1750 1110 1829 1149 est
1866 1115 1933 1150 ex
1976 1101 2410 1153 consideratione

1328 1169 1738 1222 resurrectionis
1785 1172 1999 1233 futurae,
2053 1189 2176 1239 quae
2226 1175 2408 1226 solum

1330 1238 1558 1302 pertinet
1587 1239 1655 1288 ad
1704 1239 2026 1304 hominem;
2077 1242 2206 1308 quia
2259 1244 2406 1294 Deus

1329 1308 1493 1358 habet
1533 1309 1931 1374 providentiam
1970 1311 2037 1361 de
2076 1311 2404 1374 minoribus,

1326 1381 1533 1432 scilicet
1557 1382 1623 1433 de
1645 1382 1874 1448 capilliS,
1896 1384 1992 1449 qui
2019 1395 2148 1434 sunt
2170 1396 2408 1437 extrema

1328 1464 1472 1517 pam,
1524 1464 1578 1504 et
1614 1454 1682 1503 de
1725 1454 2002 1520 superfluo
2047 1456 2313 1517 hominis,
2344 1468 2407 1509 ut

1324 1538 1549 1589 corpore
1575 1523 1633 1572 in
1652 1523 1850 1587 [debito
1886 1541 2114 1576 numero
2153 1526 2401 1587 redeant,

1325 1607 1456 1658 ergo
1510 1609 1621 1643 non
1666 1604 1748 1644 est
1797 1594 2103 1645 timendum
2164 1596 2231 1645 de
2280 1594 2404 1648 aliis

1326 1662 1640 1726 majoribus,
1681 1662 1728 1713 si
1767 1675 1984 1730 propter
2026 1666 2200 1715 Deum
2238 1666 2401 1717 morti

1324 1733 1624 1783 tradantur.
1672 1734 1830 1785 Unde
1865 1734 1995 1785 dicit
2026 1753 2039 1785 :
2084 1734 2261 1786 Vestri
2293 1751 2401 1787 au-

1320 1808 1427 1852 tem
1457 1810 1508 1853 et
1535 1803 1724 1870 capilli
1767 1805 1963 1871 capitis
1996 1820 2176 1858 omnes
2214 1821 2400 1858 nume-

1322 1874 1437 1923 rati
1468 1881 1593 1924 sunt
1633 1875 1777 1942 apud
1832 1876 2038 1937 Deum,
2089 1888 2141 1928 et
2193 1878 2251 1927 in
2298 1878 2398 1929 Dei

1324 1947 1631 2011 praesentim
1690 1958 1743 1999 et
1790 1947 2073 2009 redibunt,
2128 1960 2397 2015 quantum

1321 2016 1519 2068 sufficit
1554 2019 1621 2068 ad
1660 2028 1905 2069 ornatum
1935 2019 2195 2086 corporiS,
2227 2020 2282 2070 in
2308 2037 2398 2072 re-

1319 2090 1651 2141 surrectione
1688 2089 1887 2154 futura,
1922 2103 1976 2143 et
2018 2094 2181 2161 longe
2223 2092 2396 2161 magis

1319 2178 1516 2229 corpus
1538 2173 1591 2214 et
1614 2173 1791 2231 partes
1826 2164 2085 2230 corporis,
2120 2165 2335 2218 etiamsi
2361 2182 2395 2218 a

1321 2236 1509 2287 bestiis
1558 2247 1795 2288 comesta
1853 2237 2074 2299 fuerint,
2127 2250 2395 2306 quantum

1316 2306 1517 2357 sufficit
1545 2308 1614 2357 ab
1645 2308 1881 2358 debitam
1916 2308 2307 2370 substantiam,
2338 2308 2396 2360 in

1317 2381 1707 2431 resurrectione
1745 2381 2017 2430 redibunt.
2042 2382 2208 2440 Quasi
2241 2382 2394 2433 dice-

1316 2461 1441 2502 ret:
1477 2451 1612 2501 Mori
1661 2453 1729 2502 de
1788 2451 2112 2513 timueritiS,
2164 2453 2294 2519 quia
2332 2453 2391 2504 in

1317 2523 1652 2590 plenitudine
1690 2524 1998 2591 resurgetis,
2033 2526 2186 2577 Unde
2219 2527 2391 2579 Glos—

1314 2610 1380 2645 sa
1402 2610 1419 2644 .·
1440 2614 1467 2641 α
1490 2595 1562 2647 Ut
1593 2612 1662 2645 ne
1689 2604 1800 2645 tota
1833 2605 2032 2645 taceam
2058 2611 2236 2646 massa
2266 2612 2392 2647 cor-

1315 2665 1495 2731 poris',
1549 2665 1713 2715 etiam
1778 2664 2023 2716 minimae
2081 2667 2389 2732 particulae,

1313 2734 1508 2787 futurae
1540 2735 1919 2787 resurrectioni
1949 2747 2241 2788 servantur.
2268 2739 2389 2789 Me-

1311 2808 1501 2858 ditatio
1534 2809 1695 2874 hujus
1714 2809 2125 2860 resurrectionis
2149 2811 2386 2861 multum

1310 2879 1441 2932 facit
1467 2881 1532 2930 ad
1569 2881 1906 2932 tolerantiam
1949 2881 2214 2949 martyrii,
2254 2881 2386 2949 quia

1312 2967 1408 3017 per
1465 2953 1914 3004 resurrectionem
1989 2953 2249 3004 redibunt
2323 2953 2383 3005 in

1310 3024 1512 3084 electis,
1544 3041 1655 3075 non
1678 3027 1858 3075 solum
1887 3025 1982 3076 illa
2007 3041 2129 3092 quae
2157 3035 2286 3076 sunt
2313 3026 2380 3077 de

1310 3095 1620 3146 necessitate
1681 3095 1937 3146 humanae
1995 3106 2198 3145 naturae
2225 3134 2241 3156 ,
2289 3097 2384 3147 sed

1308 3165 1473 3215 etiarn
1507 3181 1567 3216 ea
1598 3181 1719 3232 quae
1754 3165 1957 3215 faciunt
1995 3166 2063 3215 ad
2099 3166 2381 3227 decorem,

1310 3238 1617 3303 cujusmodi
1661 3248 1790 3289 sunt
1840 3238 2035 3304 capilli.
2084 3238 2208 3288 Non
2254 3254 2382 3305 ergo

1311 3320 1622 3360 nostrorum
1662 3325 1951 3375 corporum
1996 3310 2181 3359 casut'n
2209 3309 2382 3375 perti-

1310 3395 1635 3442 mescamus;
1686 3380 1781 3430 sed
1830 3395 2049 3429 omnem
2096 3395 2278 3430 curam
2325 3380 2383 3430 in

1307 3468 1453 3514 eum,
1482 3453 1626 3518 apud
1649 3468 1814 3519 quem
1840 3468 1940 3503 nec
1965 3452 2192 3518 capillus
2219 3452 2379 3518 perit,

1305 3523 1675 3589 projiciamus.
1723 3541 1750 3570 u
1801 3523 2113 3573 Secundum
2169 3523 2380 3573 Hiero·-

1303 3609 1540 3659 nymum,
1595 3610 1709 3643 non
1757 3594 1893 3644 dixit
1939 3593 2180 3643 Salvator
2230 3593 2378 3658 quod

1302 3664 1484 3729 capilli
1533 3679 1726 3715 ornnes
1779 3664 2016 3714 salvandi
2064 3672 2222 3721 sunt,
2280 3663 2379 3713 sed

1302 3734 1587 3796 numerati,
1624 3734 1719 3784 ubi
1752 3734 1974 3785 scientia
2017 3732 2229 3783 numeri
2273 3732 2375 3782 de-

1302 3801 1664 3870 monstratur,
1716 3822 1827 3856 non
1870 3805 2108 3869 ejusdem
2157 3803 2371 3855 numeri

1300 3878 1671 3941 conservati0;
1710 3879 1854 3944 quod
1898 3879 2221 3927 immensam
2270 3876 2369 3927 Dei

1300 3964 1425 4014 erga
1469 3948 1721 4000 homines
1770 3948 2007 3999 ostendit
2071 3947 2369 3999 Providen-
