2757 4413
364 319 468 370 610

365 450 472 483 non
492 445 779 489 meremur,
808 427 911 478 nisi
942 443 1034 493 per
1055 443 1116 478 ea
1143 442 1265 494 quae
1297 437 1428 477 sunt

365 504 423 554 in
453 501 627 563 nobis,
663 510 714 550 et
742 515 849 548 non
899 514 993 564 per
1032 513 1092 548 ea
1132 513 1253 563 quae
1299 508 1428 547 sunt

367 585 515 626 extra
598 588 696 622 nos
720 609 733 634 ,
814 570 952 619 sicut
1019 583 1113 618 nec
1184 569 1429 618 demere-

366 664 531 712 mur,
585 645 688 696 nisi
740 659 832 709 per
879 659 939 692 ea
992 659 1113 708 quae
1161 653 1288 692 sunt
1333 642 1427 691 in-

366 733 448 772 tra
499 735 614 769 nos,
669 718 881 776 Quanto
918 726 1096 764 autem
1120 715 1252 765 illud
1283 716 1428 781 quod

368 791 492 858 quis
533 789 763 839 sustinet
791 787 1109 845 voluntarie,
1153 785 1432 835 difficilius

371 873 451 912 est
475 859 737 911 voluntati
763 857 1048 919 sustinere;
1075 866 1220 905 tanto
1248 857 1433 906 volun-

324 956 326 971 ἵ
371 945 451 984 tas
505 949 626 999 quae
691 940 906 996 propter
959 928 1236 979 Christum
1296 929 1428 977 illud

369 1003 618 1062 sustinet,
648 1000 947 1052 ostenditur
965 999 1174 1049 firmius
1195 999 1252 1048 in
1280 998 1431 1049 Chri-

369 1085 453 1123 sto
482 1073 584 1122 fixa
611 1087 759 1132 esse;
794 1080 845 1120 et
870 1071 988 1119 ideo
1018 1069 1360 1120 excellentius
1382 1068 1429 1118 ei

370 1144 651 1210 praemium
713 1143 950 1191 debetur.
1007 1142 1089 1191 Ad
1144 1141 1431 1191 efficaciam

370 1216 571 1282 quippe
630 1213 868 1264 merendi
931 1213 1031 1262 tria
1083 1214 1272 1262 valent.
1320 1211 1433 1261 Pri-

371 1303 523 1336 mum
569 1295 648 1335 est
696 1284 977 1334 difficultas
1030 1284 1241 1349 operis;
1284 1283 1430 1348 quod

369 1368 511 1424 patet
541 1357 595 1406 in
627 1357 900 1422 martyri0,
923 1355 1066 1420 quia,
1097 1366 1155 1404 ut
1184 1355 1258 1405 ait
1287 1355 1430 1404 Gre-

369 1429 580 1494 gorich,
612 1427 827 1492 majoris
858 1426 1035 1476 meriti
1093 1436 1171 1475 est
1213 1426 1432 1475 adversa

371 1501 630 1567 patienter
658 1501 900 1558 tolerare:
931 1515 1093 1564 quam
1124 1499 1277 1548 bonis
1301 1513 1432 1563 ope-

371 1572 523 1621 ribus
597 1571 865 1620 insudare.
953 1569 1260 1619 Secundum
1353 1579 1433 1618 est

374 1643 740 1708 promptitudo
796 1642 1118 1704 voluntatis;
1167 1643 1310 1707 quia,
1342 1657 1431 1691 se-

373 1715 605 1764 cundum
636 1714 972 1778 Apostolum,
1019 1713 1245 1763 hilarem
1271 1714 1433 1763 dato-

373 1799 482 1833 rem
549 1784 736 1848 diligit
803 1783 980 1845 Deus;
1036 1792 1104 1844 et,
1135 1784 1432 1833 secundum

371 1855 750 1920 Augustinum,
785 1869 944 1902 nemo
985 1853 1185 1903 invitus
1215 1853 1434 1903 benefa-

374 1927 465 1985 cit,
497 1927 703 1976 etiamsi
737 1926 941 1975 bonum
993 1926 1064 1975 sit
1095 1927 1241 1992 quod
1289 1926 1430 1978 facit.

373 1998 619 2048 Tertium
667 2007 747 2047 est
792 1998 1106 2063 magnitudo
1162 1999 1433 2060 caritatiS,

373 2069 501 2134 quia
530 2069 645 2134 ipsa
690 2067 878 2118 caritas
925 2069 1137 2134 pondus
1177 2080 1256 2119 est
1303 2085 1434 2119 san-

373 2141 580 2201 ctuarii,
606 2142 901 2191 secundum
927 2143 1070 2209 quod
1103 2143 1286 2192 omnia
1313 2159 1435 2210 quae

377 2217 431 2266 in
459 2218 658 2281 templo
691 2226 856 2277 erant,
883 2217 1333 2282 ponderabantur.
1363 2218 1437 2267 Et

375 2288 492 2337 ideo
522 2304 656 2353 opus
707 2298 917 2338 tantum
950 2288 1004 2339 in
1032 2299 1316 2354 conspectu
1346 2289 1435 2354 ju-

373 2359 508 2408 dicis
529 2359 800 2425 ponderat,
822 2370 1087 2425 quantum
1117 2375 1266 2409 amor
1291 2361 1436 2410 unde

375 2428 627 2493 procedit.
652 2428 829 2494 Opera
848 2439 1027 2479 autem
1053 2429 1191 2479 bona
1224 2430 1437 2479 merito-

374 2500 454 2549 ria
482 2510 607 2549 sunt
639 2500 757 2558 tria,
790 2500 988 2550 scilicet
1020 2517 1033 2549 ε
1065 2500 1188 2549 vitae
1206 2511 1434 2560 aeternae,

373 2571 645 2637 augmenti
663 2572 862 2637 gratiae,
880 2572 1216 2622 remissionis
1242 2588 1431 2637 poenae.

378 2642 640 2699 Primum,
688 2642 889 2692 scilicet
919 2641 1268 2691 substantiale
1295 2657 1438 2706 prae-

376 2710 550 2760 mium
590 2711 712 2761 vitae
755 2722 980 2772 aeternae,
1017 2710 1303 2775 respondet
1350 2726 1438 2760 ra-

375 2780 479 2829 dici
497 2781 691 2846 operiS,
703 2781 899 2831 scilicet
913 2782 1131 2832 caritati.
1151 2781 1437 2831 Praemium

376 2864 503 2899 vero
546 2851 884 2909 accidentale,
938 2851 1141 2901 scilicet
1171 2865 1437 2916 augmen-

379 2928 493 2967 tum
525 2920 724 2984 gratiae,
759 2921 1044 2986 respondet
1075 2920 1255 2985 generi
1308 2935 1436 2985 ope-

379 2988 473 3048 riS,
505 2989 633 3053 quia
679 2990 933 3054 operibus
968 2990 1345 3040 excellentibus
1388 3000 1440 3040 et

377 3058 632 3123 operibus
661 3060 1142 3125 supererogationis
1173 3077 1440 3111 meremur

379 3127 552 3193 magis
605 3140 956 3193 augmentum
1017 3131 1218 3195 gratiae,
1273 3147 1436 3196 quam

377 3201 628 3265 operibus
657 3202 794 3251 aliis.
819 3202 1085 3254 Remissio
1114 3215 1291 3255 autem
1321 3221 1440 3270 poe-

377 3288 460 3323 nae
522 3276 806 3339 respondet
885 3277 1175 3341 poenalitati
1229 3278 1437 3343 operis;

379 3359 505 3393 nam
542 3360 702 3409 opera
741 3361 863 3411 quae
897 3348 1067 3412 magis
1097 3359 1225 3399 sunt
1252 3365 1440 3414 poena-

378 3417 466 3478 lia,
504 3418 673 3484 magis
701 3430 824 3470 sunt
863 3420 1135 3473 meritoria
1173 3424 1443 3473 remissio-

380 3490 467 3541 nis
528 3506 726 3556 poenae;
795 3502 877 3543 est
937 3493 1083 3543 enim
1139 3496 1319 3561 regula
1381 3495 1439 3545 in

377 3562 667 3627 theologia,
726 3563 873 3628 quod
929 3580 1085 3630 poena
1142 3581 1311 3632 poenae
1360 3576 1442 3618 est

378 3632 714 3683 resolutoria.

442 3721 475 3771 9
510 3706 789 3756 SPECULUM
836 3723 1152 3757 smmi-uam:
1197 3709 1441 3759 simero-

377 3789 504 3835 nuu,
548 3776 854 3826 Mam-mun
899 3793 1211 3827 PRAEsnnrm
1260 3794 1439 3828 nauo-

379 3860 487 3895 Rm.
531 3873 593 3883 -
625 3848 937 3898 Sanctorum
997 3848 1160 3914 igitur
1202 3864 1440 3914 pugnam

381 3924 433 3964 et
455 3915 764 3981 patientiam
791 3930 915 3971 ante
941 3922 1123 3972 oculos
1152 3936 1439 3988 ponamus,

973 310 1212 363 PRIMAE
1248 308 1496 358 PARTIS
1528 309 1759 360 CAPUT
1786 310 1968 363 LXVI.

1531 439 1592 479 ut
1619 429 1831 495 singula
1871 430 2029 480 nobis
2052 431 2270 481 adversa
2310 441 2359 482 et
2385 441 2585 481 contra-

1533 501 1611 550 ria
1641 501 1895 552 faciamus
1935 518 2032 567 pro
2059 502 2171 552 Deo
2199 503 2454 553 libentius
2501 514 2584 554 aut

1535 573 1817 638 patiamur.
1867 575 2022 624 Unde
2060 575 2404 641 Gregorius:
2436 596 2462 621 «
2487 577 2588 625 La-

1535 643 1689 694 bores
1717 645 2131 710 praecedentium
2159 648 2475 696 Sanctorum
2504 662 2586 696 re-

1534 718 1791 777 colamuS,
1845 728 1898 767 et
1929 734 2037 768 non
2066 729 2223 768 erunt
2252 719 2431 784 gravia
2473 734 2588 783 quae

1534 789 1843 839 toleramuS.
1878 809 1901 834 »
1940 790 2096 840 Unde
2152 800 2204 839 et
2260 790 2589 857 Chr-ysosto-

1534 873 1651 908 mus
1708 877 1724 909 .·
1774 879 1797 906 α
1853 861 2167 910 Sanctorum
2202 861 2494 910 luctamina
2535 861 2587 910 in

1535 931 1691 980 corde
1721 942 1907 980 nostro
1939 931 2074 980 sicut
2097 931 2153 980 in
2183 931 2365 980 tabula
2386 930 2592 980 descri-

1537 999 1726 1050 bamus
1744 1011 1796 1050 et
1818 1001 2030 1050 assidue
2056 1001 2397 1059 meditemur,
2423 1010 2593 1050 contra

1536 1086 1755 1120 omnem
1828 1071 2191 1136 spiritualium
2251 1071 2589 1120 inimicorum

1534 1153 1855 1192 armaturam
1883 1159 1897 1205 ;
1950 1154 2001 1193 et
2051 1158 2238 1193 eorum
2291 1142 2590 1208 patientiam

1536 1213 1693 1263 nobis
1715 1230 2078 1279 proponamus
2096 1215 2162 1264 ad
2182 1215 2490 1278 exemplum
2512 1215 2593 1263 in-

1532 1284 1684 1335 victae
1739 1285 1971 1347 virtutis,
2019 1296 2078 1336 ut
2123 1285 2243 1335 istic
2283 1287 2591 1335 aemulantes

1534 1353 1899 1405 fortitudinem
1937 1357 2176 1414 illorum,
2213 1355 2467 1405 similiter
2491 1355 2593 1404 illic

1536 1441 1724 1475 eorum
1769 1441 2021 1476 coronam
2053 1425 2323 1491 possimus
2350 1425 2591 1490 adipisci.

1537 1497 1804 1556 Quantam
1838 1497 1914 1547 illi
1951 1497 2260 1563 patientiam
2292 1497 2349 1545 in
2384 1497 2592 1562 pericu-

1536 1569 1603 1618 lis
1622 1568 1987 1633 corporalibus
2003 1568 2372 1626 ostenderunt,
2392 1577 2591 1617 tantam

1537 1656 1636 1690 nos
1682 1640 1734 1689 in
1767 1640 2108 1704 passionibus
2138 1639 2595 1690 irrationabilibus

1537 1711 1923 1761 continentiam
1951 1713 2402 1775 demonstremuS,
2440 1712 2494 1760 id
2521 1722 2596 1761 est

1537 1794 1720 1832 contra
1747 1784 1897 1843 iram,
1929 1784 2011 1847 γε]
2042 1783 2337 1843 avaritiam,
2368 1784 2455 1834 vel
2486 1783 2598 1833 ina-

1538 1857 1623 1906 nis
1652 1855 1832 1922 gloriae
1860 1856 2360 1921 concupiscentiam,
2409 1866 2460 1906 et
2488 1856 2591 1905 ‘nu-

1535 1928 1768 1992 jusmodi
1833 1927 2015 1977 divino
2089 1927 2281 1977 timore
2368 1928 2594 1977 munitis

1538 1999 1787 2048 sensibus
1817 2009 2191 2063 repugnanteS,
2217 2008 2267 2047 et
2300 1998 2600 2049 consimilia

1537 2069 1788 2135 figmenta
1815 2070 2014 2119 diaboli
2058 2071 2391 2137 destruentes
2418 2071 2474 2120 in
2502 2086 2598 2120 no-

1539 2140 1642 2205 bis.
1680 2141 1738 2190 Si
1782 2140 1930 2190 enim
1962 2140 2309 2206 cupiditatum
2361 2152 2416 2191 et
2446 2142 2598 2191 vitio-

1539 2230 1660 2264 rum
1716 2214 2024 2279 hujusmodi
2075 2214 2224 2279 ignes
2267 2214 2592 2274 vicerimuS‚

1538 2285 1674 2335 sicut
1701 2285 1779 2334 illi
1812 2284 2112 2351 tyrannidis
2137 2285 2318 2350 ignem
2342 2286 2596 2344 vicerunt,

1540 2356 1832 2421 poterimus
1876 2351 2023 2421 juita
2076 2356 2222 2421 ipsos
2272 2356 2385 2421 pari
2434 2356 2595 2422 gloria

1540 2428 1812 2479 constituti
1862 2428 2067 2478 similes
2108 2428 2312 2478 haberi.
2339 2449 2366 2476 »
2396 2430 2468 2479 Et
2517 2430 2599 2479 ite-

1540 2516 1662 2549 rum
1709 2516 1721 2549 :
1771 2518 1797 2545 α
1846 2500 2139 2565 Speculum
2184 2510 2264 2549 est
2324 2500 2598 2565 spirituale

1539 2581 1591 2620 et
1635 2571 1904 2620 bonorum
1950 2570 2192 2619 virorum
2232 2571 2517 2631 memoria,
2544 2580 2593 2619 et

1541 2641 1704 2690 beatae
1754 2641 1875 2691 vitae
1926 2640 2167 2706 ipsorum
2231 2640 2487 2701 historia,
2551 2650 2600 2689 et

1541 2712 1925 2773 scripturarum
1956 2712 2127 2771 lectio,
2172 2721 2222 2760 et
2272 2727 2395 2776 quae
2438 2727 2468 2760 a
2494 2712 2599 2760 Deo

1540 2783 1675 2832 datae
1704 2791 1831 2834 sunt
1862 2783 2022 2847 leges·
2071 2783 2136 2832 Et
2164 2781 2209 2830 si
2247 2782 2486 2832 volueris
2515 2796 2602 2830 se-

1542 2853 1649 2902 mel
1679 2853 1855 2902 solum
1888 2852 2148 2917 inspicere
2184 2852 2250 2901 ad
2280 2853 2600 2902 Sanctorum

1541 2924 1757 2973 illorum
1803 2922 2084 2988 imagineS,
2128 2932 2182 2971 et
2213 2923 2602 2986 turpitudinem

1541 2994 1749 3045 videbis
1776 2994 1971 3044 mentis
1999 2999 2137 3055 tu'ae3
2172 3003 2224 3043 et
2245 2993 2435 3043 videns
2459 2994 2604 3043 nullo

1543 3066 1811 3132 indigebis
1853 3065 1958 3115 alio
1992 3065 2050 3115 in
2082 3065 2455 3115 liberationem
2490 3080 2603 3115 sor-

1542 3138 1625 3188 dis
1657 3139 1834 3202 hujus,
1865 3137 2084 3187 Etenim
2113 3137 2170 3186 in
2222 3137 2325 3190 hoc
2373 3137 2504 3187 utile
2528 3144 2603 3185 est

1544 3208 1703 3258 nobis
1760 3209 2070 3274 speculum,
2118 3217 2171 3258 et
2220 3207 2427 3257 facilem
2483 3206 2605 3257 facit

1544 3279 2034 3344 transpositionem.
2068 3278 2253 3344 Neque
2281 3278 2426 3328 enim
2455 3293 2603 3327 mon·

1544 3361 1675 3401 strat
1745 3350 2137 3400 deformitatem
2209 3351 2386 3399 solum
2418 3365 2433 3412 ;
2514 3347 2603 3398 sed

1542 3424 1846 3489 transponit
1877 3439 1996 3473 eam
2037 3423 2100 3473 ad
2156 3423 2601 3488 pulchritudinem

1546 3495 1892 3555 ineffabilem,
1932 3494 1979 3545 si
2026 3494 2358 3544 voluerimus
2386 3510 2402 3543 ι
2437 3512 2459 3538 n
2495 3492 2604 3541 haec

1548 3569 1987 3636 Chrys-ostentus·
2019 3566 2174 3617 Unde
2204 3566 2365 3615 etiam
2407 3566 2605 3629 Augu-

1545 3639 1720 3688 stinus
1747 3656 1764 3689 .·
1791 3658 1818 3685 ιι
1847 3637 2129 3689 Christum
2159 3636 2345 3687 animo
2372 3633 2601 3691 attende,

1535 3713 1758 3762 >attende
1807 3711 2110 3777 ApostolOS,
2159 3709 2368 3760 attende
2423 3706 2602 3757 animo

1545 3791 1625 3831 tot
1681 3791 1977 3847 martyrum
2025 3780 2212 3831 millia.
2269 3779 2347 3828 Ibi
2399 3775 2604 3827 videbis

1546 3868 1656 3902 non
1687 3853 1864 3902 solum
1883 3852 2046 3912 vix-05,
2061 3852 2152 3901 sed
2174 3850 2337 3901 etiam
2359 3847 2601 3903 feminas»,

1544 3931 1818 3987 postremo
1851 3937 2044 3990 pueros
2066 3931 2119 3972 et
2138 3920 2343 3988 puellas
2372 3933 2466 3969 nec
2495 3916 2602 3966 im-
