2757 4413
963 226 1062 278 ET
1097 219 1576 282 NUMERORUM.
2300 239 2404 306 835

478 474 730 526 ‚CAPUT
754 474 1012 528 Lxxxv,
1045 505 1109 526 .-
1138 479 1223 530 De
1241 493 1382 532 coeco
1405 467 1448 532 α’
1473 483 1753 535 nativitate
1780 485 2103 541 illuminato.

221 667 243 701 1
276 652 443 703 Causa
479 652 729 704 caecitatis
769 652 828 702 in
857 651 1082 703 homine
1384 654 1413 706 5
1450 657 1725 707 Peccatum
1765 658 2158 709 Pharisaeorum
2194 674 2257 710 eo

253 722 547 775 illuminato
593 739 702 774 non
750 723 855 774 fuit
896 738 1080 789 pecca·
1416 728 1589 792 majus
1648 730 1794 795 quod
1847 729 2090 780 videntes
2148 744 2258 780 non

253 803 361 844 tum
415 795 590 862 ipsius
639 805 732 847 aut
781 805 1080 861 parentum,
1415 800 1771 851 crediderunt.
2304 802 2407 870 765

248 867 334 916 sed
363 867 726 919 manifestatio
746 867 928 934 gloriae
946 867 1065 917 Dei.
1132 866 1233 933 762
1382 870 1416 921 6
1459 872 1561 923 Hic
1590 888 1764 924 caecus
1820 874 2044 940 mystice
2090 890 2259 941 genus

219 952 252 986 2
281 939 566 999 Quomodo
596 939 699 1006 ipsi
720 938 969 989 Christus
994 938 1084 988 vi-
1414 943 1715 994 humanum
1746 944 2029 1010 significat.
2307 946 2412 1013 766

252 1024 368 1060 sum
398 1010 668 1061 contulit?
1134 1009 1235 1077 763
1383 1028 1416 1079 7
1468 1013 1603 1064 Tres
1667 1013 1917 1065 caecitatis
1964 1015 2257 1081 spiritualis

220 1083 250 1133 3
293 1082 575 1135 Constans.
619 1081 856 1133 veritatis
914 1098 1084 1148 praeco
1413 1097 1602 1143 causae,
1644 1083 1851 1150 triaque
1873 1086 2166 1137 necessaria
2192 1087 2258 1138 ad

249 1156 347 1207 fuit
374 1171 546 1206 caecus
575 1154 933 1206 illuminatus.
1134 1155 1241 1222 764
1415 1155 1564 1205 illam
1587 1155 1971 1221 depellendam.
2308 1160 2412 1227 767

214 1244 254 1291 4
273 1226 594 1292 Recipiendo
639 1226 800 1277 fidem
841 1235 894 1276 et
938 1225 1087 1277 intus
1386 1224 1420 1277 8
1458 1227 1597 1277 Bene
1631 1226 1890 1278 utendum
1930 1238 2012 1278 est
2049 1237 2261 1297 tempo-

251 1299 586 1349 illuminatus
603 1297 722 1348 fuit.
1134 1295 1237 1363 765
1419 1312 1493 1347 re.
1702 1373 1705 1393 Ι
2310 1300 2414 1369 768

699 1530 932 1581 CAPUT
959 1529 1243 1580 LXXXVI.
1272 1558 1336 1567 —
1362 1530 1447 1580 De
1466 1535 1693 1597 pastore
1714 1530 1909 1582 ovium.

226 1719 243 1752 1
296 1701 608 1753 Similitudo
659 1702 818 1753 ovilis
873 1713 926 1754 et
974 1704 1088 1769 ejus
1421 1720 1529 1755 non
1560 1704 1773 1771 potest?
2313 1702 2412 1770 773

248 1775 370 1827 ostii
399 1775 620 1826 Christo
650 1776 928 1842 applicata.
1137 1776 1242 1844 769
1386 1775 1418 1827 6
1450 1777 1613 1843 Signa
1645 1778 1749 1828 tria
1785 1778 1916 1828 boni
1946 1777 2178 1845 pastoris
2204 1776 2262 1827 in

217 1864 246 1896 2
283 1847 437 1899 Ovile
477 1846 683 1896 Christi
727 1857 808 1898 est
853 1847 1088 1899 Ecclesia
1416 1850 1633 1901 Christo
1659 1849 1945 1902 verificata.
2307 1866 2414 1917 774

245 1916 520 1968 catholica.
1136 1934 1241 1986 770
1384 1936 1416 1987 7
1452 1918 1642 1970 Officia
1680 1920 1809 1971 boni
1862 1921 2115 1988 pastoriS,
2166 1920 2261 1987 qui

216 1989 246 2040 3
279 1990 527 2040 Christus
578 1998 657 2040 est
696 1990 918 2049 ostium,
960 1989 1089 2056 quia
1414 1990 1574 2042 debet
1617 2006 1742 2041 oves
1780 2006 2008 2056 pascere,
2063 2006 2257 2051 amare,

246 2076 340 2126 per
366 2061 548 2126 ipsum
600 2061 872 2126 ingressus
896 2070 977 2110 est
1023 2061 1085 2111 ad
1414 2060 1713 2111 defendere.
2305 2060 2406 2127 775

246 2133 406 2184 tidem
459 2144 512 2185 et
564 2148 810 2199 egressus
843 2134 907 2183 ad
965 2133 1090 2199 glo·
1384 2132 1417 2183 8
1440 2133 1753 2183 Exhortatio
1803 2132 1870 2183 ad
1916 2143 2150 2198 pastores
2199 2142 2259 2183 ut

246 2204 399 2256 riam.
1138 2218 1235 2271 771
1413 2203 1664 2254 divinum
1717 2203 1990 2254 Pastorem
2050 2202 2259 2254 imiten-

212 2295 249 2343 4
271 2280 442 2347 Yerus
479 2288 560 2329 est
583 2279 743 2329 etiam
775 2288 970 2345 pastor,
1005 2293 1090 2327 cu·
1415 2285 1522 2325 tur.
2307 2272 2411 2340 776

245 2350 329 2413 jus
346 2349 680 2400 conditiones
708 2350 912 2414 implet.
1139 2347 1239 2413 773
1388 2364 1422 2416 9
1453 2348 1626 2407 Quam
1657 2348 1836 2413 gravia
1854 2347 2024 2413 culpae
2045 2356 2097 2397 et
2117 2360 2261 2397 scan-

184 2420 189 2427 ‘
218 2419 247 2469 5
279 2420 389 2470 Cur
407 2420 761 2470 mercenarius
782 2430 961 2485 pastor
982 2418 1087 2468 dici
1418 2418 1537 2469 dala
1565 2418 1933 2484 praelatorum!
2013 2434 2016 2443 ·
2311 2433 2414 2484 777

373 2645 616 2696 CAPUT
636 2645 940 2695 LXXXVII.
973 2672 1039 2684 —
1056 2645 1139 2694 De
1168 2643 1439 2706 encaeniiS,
1464 2644 1517 2693 in
1543 2643 1731 2710 quibus
1750 2643 2032 2694 voluerunt
2046 2638 2231 2692 Judaet·

1061 2734 1247 2785 Jesum
1268 2733 1533 2800 lapidare.

221 2923 242 2956 1
274 2904 495 2971 Triplex
526 2904 631 2956 fuit
655 2905 915 2956 dedicatio
961 2914 1090 2956 tem·
1419 2902 1557 2952 lium
1598 2901 1693 2952 Dei
1728 2902 2001 2968 Scriptura
2038 2915 2185 2952 sacra
2210 2909 2262 2951 et

246 2977 320 3043 pli
339 2977 649 3029 Jerusalem.
1138 2974 1241 3041 778
1417 2972 1687 3038 operibus.
2309 2968 2411 3035 782

215 3066 248 3097 2
288 3051 467 3112 Opera
489 3048 691 3098 Christi
715 3046 1087 3098 testimonium
1390 3062 1421 3111 7
1448 3044 1697 3096 Christus
1734 3044 1843 3094 exit
1894 3045 1960 3095 de
2009 3043 2263 3095 manibus

247 3120 312 3168 de
339 3118 460 3183 ipso
483 3118 850 3184 perhibebant.
1139 3133 1243 3185 779
1419 3119 1726 3169 Judaeorum
1757 3117 1812 3166 in
1839 3132 1963 3168 eum
1985 3118 2154 3184 magis
2188 3116 2263 3166 in-

219 3188 247 3238 3
281 3188 454 3237 Causa
477 3187 862 3238 incredulitatis
889 3186 1094 3238 Judaeo-
1420 3184 1768 3240 sanientium.
2310 3185 2411 3252 783
2517 3213 2526 3219 ·

247 3274 368 3309 rum
382 3257 662 3324 detegitur,
680 3257 1103 3324 mysteriumque
1390 3261 1423 3312 8
1453 3263 1694 3323 Quinam
1736 3260 1876 3311 inter
1924 3260 2262 3311 Christianos

248 3328 605 3380 sanctissimae
634 3329 915 3379 Trinitatis
940 3344 1091 3380 asse·
1418 3333 1444 3380 J
1450 3332 1619 3383 udaeis
1635 3340 1763 3381 sunt
1780 3330 2014 3382 similes?
2312 3327 2412 3393 783

247 3400 420 3451 ritur.·
1140 3401 1244 3468 780
1392 3418 1425 3470 9
1454 3402 1594 3453 Sunt
1625 3401 1921 3468 lapidantes
1969 3415 2093 3450 eum
2140 3413 2266 3448 cor-

216 3489 255 3537 4
279 3473 446 3540 Signa
473 3483 702 3539 quatuor
728 3473 912 3524 ovium
936 3472 1050 3523 Dei.
1140 3473 1237 3540 781
1422 3473 1489 3523 de
1517 3488 1611 3538 per
1638 3473 1805 3523 malas
1829 3471 2195 3538 cogitationes.
2315 3467 2420 3534 784

215 3542 247 3594 5
281 3543 581 3609 Responsio
600 3544 775 3594 dulcis
796 3543 998 3594 Christi
1024 3543 1089 3593 ad
1369 3563 1431 3598 10
1472 3547 1611 3597 Sunt
1661 3547 1959 3612 lapidantes
2027 3560 2121 3595 ore
2175 3557 2269 3610 per

243 3615 460 3666 Judaeos
488 3631 612 3666 eum
649 3616 882 3681 lapidare
908 3615 1093 3667 volen·
1427 3616 1837 3682 blasphemiam.
2316 3611 2422 3677 784

244 3693 345 3736 teS.
1142 3685 1238 3752 781
1372 3704 1391 3738 1
1408 3703 1425 3737 1
1477 3687 1615 3737 Sunt
1662 3696 1715 3737 et
1761 3684 2056 3752 lapidantes
2103 3696 2265 3748 opere

211 3753 250 3804 6
285 3755 478 3806 Probat
508 3754 753 3806 Christus
781 3770 837 3805 se
868 3770 983 3805 esse
1012 3755 1093 3805 Fi·
1429 3771 1522 3822 per
1550 3755 1828 3822 quodlibet
1850 3763 2143 3821 peccatum.
2318 3748 2421 3816 785

315 3873 452 3923 VITA
483 3873 610 3923 Jesu
639 3872 878 3932 Cuiusn,
911 3886 1084 3923 ‘tomus
1118 3873 1179 3923 ΙΙ.
2169 3864 2248 3915 25.
