2757 4413
336 255 442 323 468

334 391 403 427 ne
425 375 556 424 dum
579 384 731 420 mens
750 368 864 434 ejus
883 376 1170 433 occupatur
1190 366 1255 416 ad
1275 374 1410 416 tem·

335 444 554 514 poralia,
584 441 767 491 minus
798 438 920 490 aliis
942 438 1216 504 provideat
1246 445 1408 486 aeter-

336 534 422 569 na.
454 516 538 575 Et,
573 510 873 563 secundum
909 508 1236 575 Gregorium
1277 508 1407 558 Na-

333 589 672 656 zianzenum,
722 583 919 632 horum
959 594 1176 629 summa
1213 588 1310 636 est,
1344 587 1408 627 ut

333 661 465 711 adeo
521 654 751 706 virtuosi
794 652 1059 714 existant,
1100 650 1248 717 quod
1294 665 1404 699 non

332 732 516 783 minus
543 737 761 794 propter
798 726 920 777 vitae
957 724 1180 774 modum
1199 762 1212 783 ,
1240 737 1405 788 quam

332 812 550 871 propter
573 814 764 850 eorum
788 798 1031 856 verbum,
1052 793 1404 861 Evangelium

332 872 592 942 proficiat.
624 869 779 920 Unde
801 878 854 919 et
887 867 1183 918 secundum
1214 865 1405 931 Chry-

333 952 639 1006 sostomum,
677 942 780 992 hoc
821 940 983 992 etiam
1017 939 1096 990 eis
1137 938 1406 989 Dominus

332 1015 613 1084 praecepit,
652 1022 713 1063 ut
741 1027 833 1079 per
872 1011 1120 1061 habitum
1149 1008 1405 1059 ostende-

332 1099 454 1140 rent
489 1096 757 1154 quantum
786 1101 817 1135 a
848 1084 1157 1134 divitiarum
1189 1081 1405 1131 deside-

331 1162 413 1214 rio
443 1160 728 1213 distabant.
766 1159 848 1220 Et,
883 1158 1180 1209 secundum
1227 1155 1406 1205 Theo-

322 1232 564 1301 philum,
601 1240 660 1281 ut
700 1229 946 1280 videntes
990 1244 1080 1280 eos
1120 1225 1405 1292 praedicare

331 1313 698 1371 paupertatem
725 1341 739 1362 ,
824 1300 1158 1367 acquiescant
1182 1337 1196 1359 ,
1277 1312 1403 1347 cum

328 1376 575 1444 Apostoli
597 1375 736 1426 nihil
768 1375 980 1425 habent.
1005 1374 1079 1424 Ita
1099 1382 1278 1423 autem
1304 1386 1403 1421 ex-

328 1465 510 1519 presse
542 1447 822 1515 prohibuit
853 1445 1246 1513 possessionem
1274 1453 1404 1494 tern-

326 1521 613 1583 poralium,
637 1518 763 1585 quia
793 1518 871 1568 sic
898 1516 1176 1583 oportebat
1203 1515 1260 1564 in
1286 1514 1402 1580 pri-

330 1593 516 1643 ,nitiva
585 1589 820 1641 Ecclesia
843 1627 857 1649 ,
933 1597 995 1638 ut
1064 1585 1403 1636 ostenderent

324 1665 511 1716 omnia
546 1661 833 1731 gubernari
873 1658 1270 1726 dispensatione
1309 1656 1399 1706 di-

319 1739 466 1803 vina,
521 1747 574 1789 et
616 1734 987 1787 ostenderetur
1028 1732 1198 1783 virtus
1240 1730 1397 1794 fidei,

321 1819 507 1860 contra
536 1821 745 1858 errores
770 1804 1085 1862 hominum,
1114 1802 1209 1869 qui
1238 1817 1399 1852 cursu

322 1880 581 1939 siderum,
605 1877 690 1926 vel
729 1874 975 1935 fortuna,
1006 1873 1289 1924 credebant
1312 1871 1397 1938 agi

322 1948 530 2009 omnia;
564 1957 616 1998 et
653 1945 760 2001 hoc
780 1945 955 1995 adhuc
980 1942 1239 2010 competit
1261 1956 1400 2007 apo-

321 2021 527 2073 stolicis
567 2017 723 2078 viris,
761 2017 1145 2082 Apostolorum
1184 2029 1393 2065 succes-

322 2091 556 2142 soribus.
614 2088 849 2149 Quidam
897 2098 1078 2138 tamen
1123 2095 1251 2136 sunt
1300 2084 1396 2150 qui

299 2158 589 2231 potestati,
628 2176 735 2211 non
773 2158 1090 2227 paupertati,
1118 2156 1399 2208 succedere

320 2237 541 2299 volunt;
582 2249 704 2284 cum
743 2242 922 2283 tamen
965 2247 1076 2282 non
1114 2228 1392 2295 potestati,

306 2308 414 2358 'sed
454 2302 753 2372 paupertati
780 2317 1005 2369 regnum
1035 2303 1290 2352 coelorum
1327 2300 1398 2351 sit

322 2377 671 2446 promissum.
723 2375 858 2426 Tres
891 2390 1018 2441 ergo
1057 2383 1186 2424 sunt
1231 2372 1397 2423 ratio·-

320 2465 434 2509 nes,
467 2462 633 2514 quare
680 2445 784 2495 hoc
834 2444 1086 2511 praecepit
1136 2460 1150 2494 ε
1202 2444 1395 2510 prima,

320 2538 392 2571 nc
417 2521 524 2571 sint
564 2518 720 2586 quasi
767 2517 947 2583 cupidi
993 2527 1046 2568 et
1084 2515 1391 2577 ambitiosi3

320 2591 570 2650 secunda,
616 2605 683 2639 ne
713 2588 823 2638 sint
850 2587 1066 2638 solliciti
1108 2586 1260 2652 quasi
1289 2601 1396 2651 pu-

320 2659 646 2720 sillanimes3
687 2657 863 2716 tertia,
904 2665 964 2706 ut
993 2655 1263 2705 mittentis
1295 2656 1398 2706 vir-

320 2739 492 2781 tutem
520 2727 879 2786 ostenderent,
906 2726 1121 2792 quando
1151 2725 1289 2776 nihil
1317 2727 1397 2778 eis

320 2801 488 2850 deest.
527 2797 585 2847 Si
635 2796 898 2863 quaeritur
938 2811 1007 2845 an
1055 2795 1146 2846 alii
1185 2797 1251 2864 ad
1291 2797 1397 2850 hoc

319 2869 659 2935 obligantur,
690 2866 984 2916 dicendum
1030 2867 1175 2932 quod
1212 2868 1397 2918 consi-

319 2940 456 2991 lium
487 2948 587 2998 est,
618 2952 723 2987 non
756 2947 1101 3002 praeceptum.
1125 2938 1227 2988 Sed
1257 2949 1398 2990 certe

322 3026 433 3062 non
471 3009 691 3060 auderet
721 3007 919 3073 aliquis
955 3008 1088 3059 utile
1115 3019 1168 3060 et
1204 3026 1396 3062 sanum

320 3079 615 3133 consilium
660 3079 917 3145 repellere
970 3078 1026 3128 in
1072 3077 1204 3132 facie
1248 3083 1394 3147 ejuS,

319 3161 525 3219 quanto
555 3148 729 3215 magis
765 3148 926 3210 illud,
969 3150 1114 3215 quod
1138 3154 1224 3203 vel
1250 3154 1398 3205 dedit

319 3223 512 3290 magni
537 3221 756 3273 consilii
776 3222 1023 3288 Angelus
1036 3239 1058 3286 ,·
1082 3234 1134 3275 et
1158 3225 1396 3294 quicun-

320 3310 427 3364 que
456 3293 587 3345 huic
615 3292 841 3343 consilio
879 3292 1194 3346 fiducialiter
1219 3299 1399 3354 adhae-

320 3375 477 3426 reret,
507 3380 621 3414 non
651 3362 881 3414 dubium
907 3364 1043 3430 quin
1078 3366 1224 3417 Deus
1252 3369 1398 3420 suffi-

320 3437 521 3488 cienter
592 3433 700 3484 sibi
773 3434 1093 3499 provideret.
1165 3438 1395 3497 Quando

320 3507 469 3560 enim
493 3505 648 3557 missi
669 3504 889 3557 fuerunt
911 3506 1155 3572 Apostoli
1179 3511 1245 3560 ad
1269 3527 1398 3577 prae-

321 3577 646 3637 dicandum,
696 3575 815 3627 sine
852 3578 1065 3628 sacculo
1109 3589 1162 3630 et
1212 3581 1396 3646 provi-

322 3648 474 3699 sione
505 3645 688 3711 aliqua
715 3647 1154 3710 necessariorum,
1189 3650 1291 3701 fuit
1319 3653 1397 3703 di-

322 3721 526 3771 vinitus
567 3719 646 3769 eis
700 3719 843 3771 laute
899 3722 1176 3786 provisum
1197 3762 1210 3784 ,
1267 3726 1396 3791 quia

326 3791 466 3842 nihil
512 3791 591 3842 eis
625 3791 825 3856 defuit;
858 3793 1076 3859 quando
1100 3811 1224 3846 vero
1252 3798 1393 3849 rela-

325 3873 510 3916 xatum
554 3864 660 3918 fuit
699 3866 810 3918 illis
857 3866 1135 3933 providere
1182 3869 1285 3921 sibi
1328 3872 1394 3923 de

1029 249 1266 300 PRIMAE
1304 248 1552 299 PARTIS
1583 249 1820 301 CAPUT
1856 251 1939 302 LI.

1514 368 1826 419 necessariis
1857 368 1914 419 in
1944 368 2049 431 via,
2079 369 2222 436 passi
2246 382 2375 422 sunt
2401 388 2584 438 penu-

1514 440 1621 491 rias
1649 443 1846 492 multas
1873 453 2072 507 postea.
2107 444 2222 494 Hoc
2254 455 2433 496 autem
2457 445 2588 498 fecit

1512 511 1655 561 Deus
1678 513 1743 561 ad
1775 513 2014 562 dandum
2045 512 2295 565 fiduciam
2326 516 2588 581 pauperi·-

1513 581 1614 631 bus
1632 582 2081 647 praedicatoribus,
2095 586 2161 634 ad
2175 587 2586 652 exsequendum

1510 663 1812 704 constanter
1841 655 2158 720 praedicandi
2186 656 2441 708 officium.
2471 659 2587 710 Ubi

1513 734 1637 774 nota
1656 725 1941 790 pulchrum
1970 727 2035 776 de
2058 727 2270 778 duobus
2288 729 2585 795 religiosis,

1509 797 1651 848 ultra
1678 812 1824 848 mare
1850 799 1917 849 ad
1952 809 2148 849 terram
2182 811 2416 850 sanctam
2446 817 2588 868 pro-

1507 866 1680 931 fectis,
1719 871 2044 935 exemplum.
2084 871 2225 920 Cum
2252 871 2399 921 enim
2436 872 2588 924 ultra

1510 954 1684 1000 mare,
1718 951 1771 992 et
1807 942 2080 992 redeundo
2119 942 2256 993 circa
2282 958 2446 1008 mare,
2482 945 2590 994 ad-

1509 1012 1617 1062 huc
1640 1012 1777 1064 inter
1806 1013 2020 1081 ignotos
2048 1025 2243 1075 essent,
2275 1031 2488 1082 semper
2521 1017 2586 1067 in

1507 1082 1620 1133 Deo
1667 1084 1783 1133 solo
1825 1100 1977 1150 spem
2018 1084 2302 1146 habebant,
2351 1097 2403 1136 et
2435 1086 2588 1138 nihil

1508 1153 1576 1204 de
1628 1154 1942 1206 necessariis
1984 1156 2062 1206 eis
2094 1155 2389 1207 deficiebat.
2436 1157 2587 1208 Cum

1515 1234 1694 1275 autem
1724 1226 2091 1291 pervenissent
2127 1228 2193 1278 ad
2221 1228 2375 1278 dulce
2404 1230 2589 1280 natale

1509 1296 1706 1354 solum,
1732 1296 1867 1347 dixit
1895 1313 2037 1348 unus
2068 1298 2209 1348 inter
2236 1314 2328 1349 eos
2346 1299 2411 1348 ad
2440 1299 2587 1350 alte·-

1504 1382 1629 1417 rum
1693 1383 1707 1417 ε
1760 1367 1920 1417 Modo
1981 1369 2214 1434 pericula
2268 1369 2539 1420 evasimus
2567 1409 2583 1427 ,

1510 1438 1773 1504 quiajam
1808 1439 1862 1488 in
1908 1449 2047 1491 terra
2094 1451 2293 1498 nostra.
2340 1452 2393 1491 et
2435 1441 2589 1492 inter

1506 1520 1664 1560 notos
1692 1525 1905 1562 sumus.—
1947 1512 2014 1561 Et
2040 1528 2164 1562 cum
2206 1512 2284 1563 sic
2319 1524 2588 1578 ponerent

1507 1598 1659 1648 spem
1684 1583 1739 1632 in
1767 1583 2017 1642 homine,
2048 1583 2365 1650 inceperunt
2390 1584 2447 1634 in
2478 1600 2587 1635 ne—

1505 1655 1751 1706 cessariis
1780 1654 2019 1718 deficere,
2064 1666 2115 1706 et
2150 1657 2404 1721 majorem
2432 1658 2584 1723 passi

1502 1737 1632 1777 sunt
1662 1726 1942 1792 penuriam
1970 1742 2132 1794 quam
2162 1737 2303 1778 ante.

1567 1815 1601 1868 9
1631 1800 1834 1850 νισι-υς
1858 1817 1890 1849 Α
1916 1815 2381 1850 rumorem-omnus
2406 1814 2586 1852 noenu

1502 1887 1717 1923 Ροτεετ.
1738 1901 1798 1910 -
1819 1872 1885 1923 Et
1903 1873 2031 1939 quia
2058 1873 2459 1939 quodammodo
2480 1888 2587 1923 nu-

1502 1943 1602 1993 dos
1651 1952 1703 1993 et
1743 1943 2017 2009 expeditos
2062 1944 2128 1994 ad
2174 1942 2581 2010 praedicandum

1502 2013 1794 2079 discipulos
1832 2014 2100 2064 Dominus
2143 2015 2388 2075 miserat,
2422 2029 2588 2065 seve-

1502 2082 1713 2133 ritatem
1764 2083 2011 2149 praecepti
2056 2084 2112 2135 in
2154 2085 2399 2150 sequenti
2445 2101 2585 2135 sen-

1505 2153 1672 2204 tentia
1707 2155 2048 2220 temperavit,
2082 2155 2266 2206 dicens
2303 2172 2318 2205 2
2354 2155 2586 2222 Dignus

1502 2231 1583 2275 est
1614 2225 1752 2276 enim
1788 2227 2087 2291 operarius,
2119 2227 2171 2277 id
2201 2228 2282 2278 est
2311 2227 2588 2293 praedica-

1506 2306 1608 2359 tor,
1638 2298 1732 2364 qui
1767 2309 2019 2363 operatur
2035 2313 2172 2364 opus
2201 2297 2297 2349 Dei
2328 2298 2393 2349 ad
2419 2298 2587 2348 utili-

1500 2379 1664 2420 tatem
1698 2370 1951 2436 proximi,
1979 2370 2093 2421 cibo
2125 2386 2241 2434 suo,
2278 2370 2334 2420 id
2363 2380 2442 2420 est
2473 2384 2585 2420 ne-

1501 2443 1747 2494 cessariis
1797 2443 1864 2493 ad
1921 2445 2120 2508 vitam,
2166 2444 2296 2510 quia
2337 2443 2392 2493 in
2447 2443 2585 2493 cibo

1499 2514 1820 2581 intelligitur
1862 2514 2023 2564 etiam
2077 2516 2462 2565 vestimentum
2523 2525 2588 2565 et

1499 2584 1840 2634 domicilium
1864 2623 1877 2646 ,
1919 2585 2039 2636 sine
2083 2585 2286 2652 quibus
2325 2584 2587 2635 decenter

1499 2669 1606 2704 non
1649 2654 1784 2704 vivit
1827 2669 1998 2720 genus
2044 2656 2362 2706 humanum.
2403 2655 2580 2714 Quasi

1500 2725 1580 2775 eis
1610 2725 1755 2776 dicat
1785 2743 1798 2775 :
1831 2726 2068 2777 Tantum
2098 2727 2350 2794 accipite,
2391 2742 2584 2792 quan·-

1502 2803 1622 2846 tum
1663 2796 1720 2846 in
1749 2796 1893 2848 victu
1938 2808 1992 2848 et
2032 2798 2233 2848 vestitu
2284 2797 2439 2847 vobis
2471 2813 2586 2847 ne—

1502 2867 1793 2918 cessarium
1841 2877 1939 2920 est.
1988 2868 2144 2919 Unde
2188 2879 2241 2919 et
2280 2869 2588 2934 Apostolus

1500 2938 1722 3004 replicat
1744 2955 1757 2989 ε
1792 2938 2083 2989 Ordinavit
2106 2939 2255 2989 Deus
2274 2939 2364 3004 qui
2381 2938 2584 2989 Evan—

1500 3010 1705 3075 gelium
1756 3012 2100 3074 annuntiant,
2151 3011 2217 3061 de
2261 3011 2584 3077 Evangelio

1460 3124 1465 3129 .
1500 3080 1697 3131 vivere.
1725 3080 1791 3131 Et
1814 3081 2009 3131 iterum
2032 3097 2046 3131 ε
2077 3082 2355 3131 Habentes
2377 3082 2583 3132 victum

1501 3158 1557 3203 et
1588 3153 1780 3219 quibus
1809 3159 2073 3220 tegamur,
2104 3153 2190 3203 his
2219 3154 2445 3204 contenti
2474 3169 2585 3205 su-

1500 3240 1637 3277 mus,
1679 3225 1821 3276 Hinc
1861 3236 1943 3277 est
1978 3225 2125 3292 quod
2155 3226 2414 3276 diaconus
2439 3242 2586 3292 pro-

1500 3299 1643 3350 cedit
1673 3315 1705 3351 a
1736 3300 2076 3367 presbytero,
2115 3300 2270 3366 quasi
2298 3300 2504 3351 missus
2547 3319 2587 3354 a

1500 3372 1768 3433 Domino,
1799 3374 1864 3423 ad
1894 3372 2291 3439 praedicandum
2325 3372 2588 3440 Evange-

1501 3443 1658 3505 lium,
1694 3444 1781 3495 cui
1812 3444 2175 3494 subdiaconus
2195 3443 2299 3494 fert
2324 3442 2590 3509 pulvinar

1498 3532 1608 3583 quo
1637 3517 1776 3568 liber
1806 3526 2162 3582 sustentatur3
2192 3515 2320 3582 quia
2345 3515 2438 3573 alii
2471 3518 2588 3569 de—

1499 3591 1633 3641 bent
1674 3589 2076 3657 praedicatorem
2114 3598 2431 3639 sustentare.
2460 3590 2587 3641 Di-

1500 3676 1648 3728 gnus
1691 3666 1773 3711 est
1814 3660 1950 3710 enim
1998 3660 2286 3726 operarius
2333 3662 2589 3714 mercede

1497 3745 1617 3793 sua,
1661 3746 1772 3780 non
1802 3730 1979 3780 solum
2011 3739 2223 3788 aeterna,
2253 3743 2377 3793 quae
2404 3728 2590 3782 debe-'

1497 3810 1587 3852 tur
1633 3800 1694 3852 in
1740 3800 1908 3868 patria
1941 3801 2007 3851 ad
2045 3798 2584 3863 remunerationem,

1497 3872 1591 3923 sed
1630 3869 1793 3923 etiam
1834 3870 2149 3938 temporali,
2189 3884 2310 3939 quae
2345 3870 2582 3923 debetur
