2757 4413
348 289 449 341 DE
480 283 892 339 MINISTERIO
926 279 1250 334 MARTHAE
1285 279 1378 330 ET
1412 279 1586 330 OTIO
1620 280 1864 330 MARIAE
1896 280 2112 332 MAGD.

131 411 269 461 Jesus
313 405 374 456 in
431 401 806 468 conceptione.
848 400 1010 461 Quod
1054 399 1189 449 bene

129 482 310 532 dicitur
359 478 643 528 castellum
661 514 676 539 ,
727 484 940 542 propter
987 481 1187 538 septem

128 569 238 619 quae
300 549 642 601 constituunt
702 546 884 597 nobile
937 554 1187 595 castrum.

131 624 361 676 Primum
391 631 477 671 est
502 618 638 669 situs
667 619 828 676 altus,
857 624 918 665 ut
944 614 1190 665 videlicet

130 706 349 745 castrum
390 691 466 742 sit
494 690 551 740 in
579 691 687 739 alto
713 688 899 748 situm,
923 702 1018 752 per
1045 685 1190 751 quod

129 763 472 832 spiritualiter
494 760 723 811 altitudo
752 759 875 810 vitae
897 756 1193 824 spiritualis

128 835 397 901 accipitur,
453 841 515 882 ut
571 831 738 881 homo
777 828 1075 894 spiritualis
1121 827 1193 878 sit

130 908 349 958 elevatus
361 904 432 954 ab
447 900 823 968 inquietudine
843 909 895 951 et
916 898 1192 950 affectione

132 992 304 1028 eorum
326 973 423 1040 qui
447 973 504 1023 in
526 972 732 1022 mundo
756 979 900 1031 sunt,
923 980 975 1020 et
1002 970 1059 1019 in
1079 968 1195 1019 alti-

131 1046 305 1098 tudine
358 1042 659 1095 coelestium
703 1039 1089 1092 desideriorum
1141 1048 1194 1089 et

131 1110 571 1181 contemplatione
588 1111 914 1163 divinorum.
926 1111 1076 1161 Talis
1092 1109 1196 1160 suit

132 1192 272 1243 beata
308 1191 483 1255 Virgo
504 1187 688 1248 Maria,
718 1201 837 1252 quae
856 1185 1193 1236 altitudinem

132 1262 240 1312 vitae
285 1259 590 1326 spiritualis
639 1256 1081 1308 excellentissime
1135 1254 1193 1305 in

133 1348 183 1384 se
220 1331 431 1389 habuit,
477 1329 653 1396 quoad
691 1327 874 1378 omnia
926 1326 1191 1392 praedicta.

132 1431 186 1441 —
211 1401 524 1452 Secundum
558 1408 638 1449 est
673 1412 863 1448 murus
888 1398 1098 1447 clausus
1143 1405 1195 1446 et

133 1473 327 1538 firmus,
362 1487 461 1539 per
492 1486 657 1538 quem
699 1468 1014 1535 intelligitur
1039 1468 1195 1519 firma

132 1548 366 1598 clausura
404 1554 462 1595 et
501 1543 634 1609 uigil
674 1542 917 1593 custodia
953 1541 1194 1607 virgina-

134 1618 194 1668 lis
225 1614 572 1682 integritatis,
604 1629 724 1680 quae
752 1611 1196 1663 excellentissime

135 1688 227 1738 fuit
249 1688 308 1737 in
341 1687 499 1736 beata
521 1684 762 1750 Virgine,
787 1697 950 1749 quam
980 1682 1054 1732 ita
1082 1698 1195 1732 mu-

134 1775 213 1809 rus
250 1754 541 1822 virginalis
582 1752 903 1819 integritatis
952 1751 1194 1817 undique

134 1825 352 1887 vallavit,
381 1834 445 1876 ut
471 1824 655 1874 nullus
682 1838 920 1889 unquam
949 1822 1196 1872 libidinis

134 1913 369 1949 accessus
414 1896 482 1946 ad
513 1910 629 1944 eam
671 1904 844 1957 esset3
875 1908 972 1943 nec
1006 1908 1198 1943 sensus

138 1974 242 2038 ejus
263 1972 381 2022 sola
402 1968 570 2020 etiam
584 1966 908 2034 cogitatione
930 1967 999 2016 ab
1016 1966 1196 2033 aliqua

136 2053 437 2111 tangeretur
464 2040 710 2104 libidine,
752 2040 896 2091 unde
923 2038 979 2089 in
1013 2055 1074 2090 ea
1100 2055 1196 2090 ve-

138 2116 392 2166 rificatum
462 2122 543 2162 est
605 2111 739 2161 illud
793 2110 1127 2162 canticorum
1182 2127 1195 2161 ε

143 2191 345 2241 Hortus
373 2185 659 2238 conclusus
686 2191 740 2236 et
763 2185 900 2252 sons
927 2186 1196 2253 signatus·

139 2292 192 2302 -
236 2260 494 2312 Tertium
547 2268 626 2309 est
670 2259 852 2320 turris,
902 2274 995 2326 per
1034 2274 1196 2326 quam

141 2334 461 2400 intelligitur
500 2332 802 2393 humilitas,
848 2348 968 2398 quae
1011 2331 1198 2382 homi-

141 2423 254 2457 nem
307 2403 561 2473 provehit
612 2403 669 2453 in
706 2403 878 2453 altum
916 2419 1088 2469 usque
1133 2403 1197 2453 ad

140 2478 346 2532 coelum,
394 2475 544 2540 juxta
585 2473 755 2524 illud:
787 2473 893 2534 Qui
928 2487 987 2524 se
1027 2474 1199 2524 humi·

142 2547 248 2610 liat,
277 2545 621 2596 exaltabitur
634 2560 655 2607 ;
689 2553 741 2595 et
769 2543 907 2594 sicut
928 2544 1094 2595 turris
1122 2553 1202 2595 est

141 2618 198 2667 ad
225 2614 617 2682 protectionem
659 2614 906 2665 omnium
948 2614 1042 2681 qui
1072 2625 1201 2665 sunt

143 2687 194 2738 in
219 2695 413 2746 castro,
458 2686 536 2735 sic
574 2684 855 2735 humilitas
882 2685 1114 2751 protegit
1150 2696 1203 2737 et

142 2766 412 2806 conservat
468 2770 661 2805 omnes
712 2753 936 2805 virtutes
987 2755 1044 2806 in
1096 2757 1201 2806 ho-

106 2857 109 2860 -
143 2828 296 2877 mine.
347 2827 418 2876 Et
453 2826 556 2875 hoc
596 2825 994 2876 munimentum
1036 2827 1201 2878 turris

143 2895 463 2947 humilitatis
484 2896 638 2946 valde
664 2896 986 2947 conveniens
1022 2908 1102 2948 est
1136 2898 1201 2948 ad

145 2983 355 3018 murum
395 2965 738 3032 virginitatis,
794 2983 913 3035 quae
961 2969 1068 3019 duo
1120 2968 1204 3034 in·

142 3036 309 3089 vicem·
347 3053 407 3088 se
436 3035 736 3088 defendunt
774 3048 826 3089 et
867 3039 1204 3090 excellentis-

143 3108 269 3159 sime
312 3109 366 3159 in
416 3108 569 3158 beata
600 3108 820 3175 Virgine
870 3108 1105 3162 fuerunt.
1142 3141 1203 3151 -

146 3179 404 3239 Quartum
457 3189 537 3229 est
581 3180 865 3244 fossatum,
916 3196 1012 3246 per
1058 3185 1203 3248 quod

144 3251 464 3318 intelligitur
491 3262 788 3317 paupertas»,
829 3270 949 3320 quae
988 3271 1204 3307 omnem

144 3323 537 3373 terreneitatem
579 3333 793 3374 evacuat
822 3325 888 3374 ab
915 3326 1126 3391 anima3
1155 3338 1207 3378 et

146 3391 250 3444 haec
295 3391 404 3443 fuit
434 3393 493 3442 in
526 3393 752 3460 Virgine
787 3395 972 3457 Maria,
1011 3398 1077 3448 de
1101 3414 1206 3466 qua

145 3463 333 3514 dicitur
363 3464 516 3530 quod
540 3481 554 3513 :
580 3465 707 3515 Non
742 3472 861 3516 erat
886 3467 936 3518 ei
979 3468 1126 3520 locus
1154 3470 1207 3521 in

144 3534 456 3597 diver-sorim
470 3549 580 3601 quo
596 3550 757 3585 suum
769 3549 974 3602 pareret
985 3539 1126 3590 Filiu
1134 3556 1206 3592 m.

146 3631 198 3643 —-
243 3606 514 3666 Quintum
543 3616 624 3656 est
646 3617 912 3658 armatura
950 3611 1016 3659 ad
1041 3621 1211 3676 prote·

146 3676 368 3727 ctionem
402 3676 584 3738 castri,
612 3687 665 3728 et
685 3677 1118 3744 confugientibus
1143 3683 1208 3732 ad

147 3743 193 3794 id
220 3746 537 3808 necessaria,
575 3762 669 3813 per
697 3762 859 3814 quam
891 3749 1211 3818 intelligitur

149 3815 463 3868 abundantia
489 3817 726 3883 pietatis,
755 3834 875 3884 quae
897 3829 977 3870 est
1000 3820 1057 3871 in
1084 3822 1210 3872 Vir-

153 3885 262 3952 gine
289 3888 463 3951 beata,
509 3904 621 3955 qua
649 3890 880 3957 protegit
909 3903 1209 3959 peccatores

2253 281 2356 350 559

1295 405 1349 446 et
1374 395 1443 445 ab
1462 396 1618 448 hoste
1644 412 1975 463 compressos
2003 397 2265 464 fugientes
2290 400 2358 450 ad

1297 483 1435 519 eam.
1458 497 1520 507 —
1557 472 1779 521 Sextum
1820 480 1900 521 est
1929 470 2198 532 alimenta,
2240 472 2359 524 sine

1296 541 1497 607 quibus
1536 552 1771 593 castrum
1803 544 2097 594 conservari
2123 561 2233 594 non
2256 561 2360 611 po·-

1296 622 1439 676 test;
1494 630 1589 680 per
1655 630 1774 681 quae
1843 615 2157 682 intelligitur
2205 617 2361 684 copia

1296 685 1537 735 alimenti
1559 684 1871 751 spiritualis,
1896 702 2058 752 quam
2087 685 2363 738 sufficien-

1296 754 1508 806 tissime
1555 754 1612 805 in
1661 770 1717 805 se
1760 757 1908 806 beata
1952 757 2117 822 Virgo
2148 757 2357 821 habuit,

1297 825 1415 891 ipsa
1433 825 1578 876 enim
1605 826 1745 876 intra
1764 842 1820 877 se
1838 827 2147 878 continebat
2164 843 2358 893 panem

1295 897 1480 947 vivum
1509 906 1560 947 et
1578 911 1765 947 verum
1792 898 1883 963 qui
1902 899 1968 948 de
1990 899 2122 949 coelo
2149 899 2356 950 descen·

1297 967 1395 1017 dit.
1436 995 1497 1005 —
1545 967 1846 1033 Septimum
1889 979 1969 1020 est
1996 970 2193 1020 fluvius
2224 985 2358 1021 con-

1296 1035 1488 1098 fluens,
1539 1053 1631 1104 per
1676 1054 1837 1104 quem
1880 1039 2202 1106 intelligitur
2240 1041 2362 1106 ple-

1300 1111 1491 1161 nitudo
1549 1111 1763 1177 gratiae,
1824 1128 1945 1178 quae
1998 1113 2253 1164 confluxit
2300 1113 2360 1164 in

1298 1182 1451 1233 beata
1489 1182 1730 1248 Virgine.
1770 1183 1924 1234 Unde
1958 1183 2033 1233 ait
2073 1185 2362 1252 Hierony-

1297 1270 1418 1305 mus
1455 1271 1472 1306 .·
1502 1273 1531 1302 ι(
1580 1255 1783 1305 Ceteris
1816 1272 1910 1323 per
1946 1265 2138 1321 partes,
2182 1257 2362 1307 Mariae

1296 1339 1478 1380 autem
1529 1344 1587 1379 se
1630 1337 1800 1379 totam
1845 1327 2043 1379 infudit
2088 1330 2362 1395 plenitudo

1298 1399 1499 1465 gratiae.
1534 1418 1563 1446 n

1360 1485 1394 1536 9
1414 1469 1755 1531 Arantcnua
1777 1485 1890 1520 nme
1909 1485 2154 1520 msronm
2182 1486 2364 1520 naum

1299 1542 1497 1591 Maium
1547 1541 1784 1591 Vmotm.
1839 1569 1900 1579 —
1953 1534 2194 1591 Intravi?
2238 1556 2364 1606 ergo

1298 1614 1462 1664 Jesus
1497 1614 1551 1663 in
1582 1613 1847 1679 quoddam
1888 1613 2180 1677 castellum,
2212 1612 2364 1663 scili-

1299 1696 1380 1737 cet
1428 1687 1482 1738 in
1534 1687 1742 1736 beatam
1771 1686 2073 1753 Virginem,
2103 1687 2158 1736 in
2202 1701 2364 1752 quam

1297 1757 1447 1807 venit
1496 1757 1610 1823 ipse
1653 1758 1796 1809 Deus
1845 1758 1910 1807 ad
1952 1758 2367 1823 expugnandum

1300 1827 1615 1891 diabolum3
1648 1834 1700 1877 et
1721 1828 1915 1878 mulier
1941 1829 2185 1895 quaedam
2216 1828 2370 1878 Mar·

1301 1899 1395 1950 tha
1448 1899 1669 1962 nomine,
1729 1898 1784 1948 id
1836 1909 1916 1950 est
1968 1901 2118 1950 beata
2171 1899 2368 1965 Virgo,

1301 1970 1516 2035 excepit
1551 1969 1701 2019 illum
1755 1970 1809 2020 in
1854 1969 2063 2020 domum
2104 1985 2271 2031 suam,
2313 1970 2367 2020 id

1303 2051 1383 2092 est
1433 2041 1487 2091 in
1527 2051 1740 2093 uterum
1769 2057 1966 2105 suum;
2002 2050 2053 2094 et
2096 2044 2218 2093 huic
2249 2049 2372 2093 erat

1303 2130 1460 2166 soror
1507 2116 1713 2166 nomine
1751 2115 1961 2166 Maria.
2005 2117 2162 2166 Beata
2202 2116 2370 2182 Virgo

1268 2213 1272 2218 ’
1303 2186 1512 2237 Martha
1533 2185 1635 2238 fuit
1666 2195 1719 2237 et
1745 2186 1911 2238 Maria
1942 2204 1956 2237 ι
1990 2187 2215 2248 Martha,
2243 2202 2370 2253 pro-

1304 2267 1420 2323 pter
1448 2258 1688 2308 studium
1710 2257 1868 2308 bonae
1900 2258 2151 2322 actionis;
2185 2258 2368 2319 Maria,

1304 2337 1520 2395 propter
1618 2328 1793 2378 otium
1885 2328 2368 2393 contemplationis·

1306 2402 1515 2451 Martha
1561 2401 1707 2451 enim
1757 2412 1810 2452 et
1848 2402 2018 2452 activa
2051 2403 2108 2451 in
2153 2401 2369 2452 Christo

1303 2473 1444 2523 Filio
1474 2488 1574 2523 suo
1607 2472 1726 2533 fuit,
1754 2473 1971 2539 quando
2001 2472 2182 2523 omnia
2211 2488 2372 2538 opera

1306 2543 1689 2608 misericordiae
1716 2553 1769 2593 et
1795 2543 2006 2609 pietatis
2038 2544 2176 2593 circa
2215 2543 2371 2593 illum

1305 2615 1561 2675 exercuit,
1587 2624 1641 2665 et
1669 2629 1852 2665 curam
1876 2615 1991 2680 ejus
2018 2615 2234 2665 obnixie
2259 2614 2372 2665 sic-

1306 2695 1366 2736 ut
1423 2695 1593 2736 mater
1645 2685 1788 2751 egit3
1843 2684 1901 2734 in
1952 2685 2214 2735 membris
2259 2686 2373 2751 ejus

1306 2759 1488 2818 etiam,
1531 2758 1749 2824 quando
1791 2757 2087 2818 Elizabeth,
2136 2768 2374 2825 cognatae

1306 2847 1433 2892 suae,
1466 2831 1855 2881 Proecursorem
1887 2831 2105 2882 Domini
2133 2831 2375 2897 parienti,

1308 2900 1656 2961 ministravit,
1719 2910 1772 2951 et
1831 2901 2010 2968 ipsum
2074 2903 2377 2953 Praecurso-

1309 2988 1423 3023 rem
1466 2972 1520 3021 in
1573 2972 1837 3022 cunabulo
1875 2971 2025 3032 fovit,
2057 2982 2109 3023 et
2154 2973 2209 3022 in
2256 2973 2375 3022 bal-

1310 3058 1413 3093 neo
1450 3041 1595 3105 lavit,
1629 3042 1838 3109 aliaque
1869 3043 2126 3109 obsequia
2160 3044 2376 3110 utrique

1310 3112 1591 3164 humiliter
1664 3112 1936 3164 exhibuit.
2015 3114 2141 3164 Fuit
2214 3114 2375 3164 etiam

1312 3184 1479 3234 Maria
1537 3193 1589 3234 et
1650 3186 2057 3252 contemplativa
2114 3185 2377 3236 audiendo

1311 3255 1577 3321 Angelum
1647 3264 1700 3305 et
1766 3255 2059 3306 Dominum
2126 3267 2179 3306 et
2253 3271 2376 3307 cum

1313 3326 1392 3377 eis
1434 3325 1736 3391 loquendo;
1788 3341 1848 3376 ac
1892 3341 2114 3377 servans
2162 3333 2214 3378 et
2250 3342 2378 3378 con-

1301 3398 1496 3464 serens
1546 3411 1606 3448 ea
1657 3412 1779 3463 quae
1832 3396 2046 3449 videbat
2093 3408 2145 3448 et
2189 3398 2379 3448 audie-

1316 3470 1405 3519 bat
1454 3470 1507 3519 in
1555 3470 1718 3520 corde
1763 3484 1879 3535 suo,
1933 3485 2054 3537 quae
2102 3487 2210 3520 non
2269 3468 2375 3520 nisi

1313 3550 1552 3606 tempore
1587 3557 1687 3592 suo
1736 3543 1960 3610 aperuit,
2007 3559 2128 3593 cum
2179 3542 2380 3593 scilicet

1314 3611 1672 3677 Evangelium
1728 3612 1890 3663 scribi
1935 3618 2112 3679 coepit,
2156 3623 2208 3662 et
2252 3621 2378 3662 tunc

1314 3683 1498 3734 docuit
1522 3686 1806 3751 Apostolos
1843 3701 1902 3736 ea
1940 3701 2061 3752 quae
2106 3684 2376 3746 didicerat,

1316 3755 1374 3806 in
1405 3772 1513 3824 quo
1538 3757 1704 3808 activa
1727 3766 1854 3808 erat.
1886 3757 2010 3809 Ideo
2037 3756 2232 3806 dicitur
2255 3755 2375 3807 hic:

1316 3826 1396 3877 Et
1430 3827 1554 3878 huic
1596 3833 1717 3877 erat
1741 3841 1900 3878 soror
1932 3825 2138 3877 nomine
2165 3824 2376 3876 Maria.

1318 3897 1457 3959 Quoe
1488 3898 1636 3950 stetit
1666 3906 1916 3949 constans
1940 3897 1998 3948 in
2026 3895 2148 3958 fide,
2182 3902 2236 3946 et
2255 3895 2378 3961 αίις
