2757 4413
325 320 414 370 DE
448 319 803 370 TRANSITU
835 319 1092 370 DOMINI
1120 319 1213 370 ΕΤ
1245 318 1775 371 mSCIPULoRUM
1813 319 1949 369 PER
1980 320 2181 370 SATA.
2267 318 2383 389 649

175 434 249 486 tiae
267 434 476 497 divinae,
502 444 563 484 ut
581 444 636 485 te
660 435 932 485 ductorem
956 435 1013 484 in
1042 433 1295 483 omnibus
1323 433 1427 484 viis
1447 433 1583 484 meis
1608 434 1852 497 habeam,
1876 442 1925 485 et
1948 449 2157 498 semper
2189 442 2258 495 te,
2281 433 2381 500 qui

175 520 386 570 essuper
404 504 608 565 omnia,
633 520 741 570 prae
761 505 1017 555 omnibus
1046 504 1265 554 timeam
1289 514 1342 554 et
1373 504 1614 570 diligam,
1642 515 1897 571 tuamque
1925 504 1981 554 in
2011 503 2267 554 omnibus
2290 502 2376 554 fa·-

174 576 289 627 ciam
327 579 677 637 voluntatem,
710 593 808 628 nec
831 593 1073 644 unquam
1120 593 1150 627 a
1193 587 1245 627 te
1267 578 1534 642 recedam3
1567 579 1667 631 sed.
1684 594 1892 643 semper
1921 578 2020 628 tibi
2045 577 2381 638 adhaeream..

173 646 282 713 quia
302 656 356 698 tu
379 648 527 698 solus
554 646 774 708 sufficiS,
804 657 856 698 et
886 648 1054 699 vitam
1071 657 1323 699 aeternam
1355 647 1647 715 promitti5‚
1675 650 1743 699 ad
1767 663 1930 716 quam
1960 646 2382 699 misericorditer
2470 704 2477 713 ‚

173 722 432 785 perducere
455 737 546 772 me
560 719 818 787 digneris.
849 722 1044 773 Amen.

945 1098 1280 1169 CAPUT
1359 1098 1590 1166 LXXI

311 1350 417 1418 De
473 1349 791 1419 transitu
833 1347 1131 1419 Domini
1143 1357 1221 1417 -et
1256 1346 1769 1440 discipulorum
1796 1368 1932 1439 per
1974 1357 2157 1415 sata.

1029 1596 1220 1658 Lucae
1256 1616 1399 1680 cap.
1434 1598 1498 1660 6.

215 1852 236 1885 1
264 1837 538 1886 Discrrum
558 1850 878 1886 astruimus
904 1850 993 1884 nm
1010 1849 1201 1883 suna-

165 1922 382 1958 rrschs
406 1923 676 1968 VELLUNT,
721 1907 1013 1957 Pnanrsaers
1056 1922 1200 1955 uun-

163 1993 498 2029 minrmus.
523 2007 583 2016 —
613 1978 822 2028 Deinde
844 1993 967 2028 cum
1000 1977 1196 2027 Domi-

163 2066 244 2100 nus
283 2053 516 2118 quadam
569 2049 653 2099 die
700 2048 902 2099 sabbati
942 2049 1204 2098 transiret

160 2136 238 2187 per
262 2130 377 2173 sata
411 2139 508 2172 seu
536 2121 707 2180 blada,
739 2121 793 2170 id
818 2131 899 2170 est
927 2136 1022 2185 per
1049 2135 1200 2169 cam-

163 2208 239 2257 pos
258 2195 347 2245 ubi
374 2202 531 2244 erant
559 2201 780 2258 segetes„
797 2191 1050 2258 discipuli
1066 2191 1196 2259 ejuS,

161 2275 209 2314 ut
253 2266 502 2315 homines
561 2263 852 2313 esurientes
874 2300 888 2323 ,
941 2263 1203 2316 mliebant

163 2339 311 2404 spicas
339 2348 560 2405 propter
589 2336 835 2386 ciborum
861 2335 1124 2386 defectum
1151 2346 1203 2385 et

161 2410 440 2474 penuriam3
491 2414 543 2458 et
571 2408 811 2457 manibus
837 2408 951 2457 suis
994 2407 1201 2472 confr-1⁸-

161 2487 317 2531 cantes
360 2481 587 2531 edebant
634 2493 834 2545 grana,
877 2478 1200 2528 consolando

161 2547 294 2601 famis
333 2551 597 2616 inopiam.
644 2551 773 2600 Ecce
801 2547 1002 2599 fercula
1048 2549 1202 2615 Apo-

159 2624 414 2683 stolorum,
457 2622 660 2673 scilicet
699 2636 861 2688 grana
902 2621 1198 2686 spicarum3

161 2705 286 2744 eraut
332 2695 484 2745 enim
521 2694 804 2753 columbae,
853 2709 1082 2759 quarum
1121 2701 1204 2742 est

161 2780 300 2831 grana
340 2767 639 2817 comedere.
708 2765 1036 2815 Esuriebant
1082 2774 1199 2814 tum

160 2849 213 2887 ex
259 2849 597 2904 paupertate,
652 2845 772 2886 tum
812 2852 876 2887 ex
921 2837 1200 2886 turbarum

161 2904 570 2974 importunitate3
594 2908 650 2957 in
674 2923 783 2973 quo
797 2906 1042 2973 signatur
1055 2907 1199 2973 quod

159 2979 504 3041 predicatores
532 2989 583 3029 et
612 2979 813 3044 praelati
844 2979 1041 3028 debent
1063 2986 1203 3044 post-

161 3062 330 3111 ponere
359 3051 543 3101 cibum
565 3065 849 3116 corporum
876 3060 1094 3116 propter
1110 3064 1201 3098 sa-

159 3118 300 3173 intem
366 3124 692 3175 animarum.
763 3124 918 3173 Unde
976 3123 1128 3173 Beda
1182 3137 1204 3169 .·

160 3208 183 3237 κ
231 3194 345 3244 Non
405 3195 666 3244 habentes
727 3194 874 3244 enim
949 3193 1199 3259 discipuli

158 3265 363 3328 spatium
418 3266 780 3316 manducandi
829 3276 1047 3332 propter
1091 3265 1200 3314 im-

159 3335 522 3397 portunitatem
568 3337 865 3396 turbarum,
896 3335 1202 3387 esuriebant

158 3412 207 3454 ut
251 3406 515 3467 homines,
568 3407 662 3457 sed
703 3407 957 3458 vellentes
1008 3407 1201 3471 spicas,

158 3473 368 3530 inediam
423 3480 866 3543 consolabantur;
918 3479 1064 3547 quod
1120 3489 1203 3529 est

157 3543 397 3601 indicium
427 3549 743 3601 austerioris
770 3549 910 3611 vitae,
935 3565 1046 3599 non
1073 3564 1201 3615 prae-

156 3631 336 3680 paratas
365 3638 530 3682 escaS,
563 3623 656 3672 sed
698 3621 969 3688 simplices
998 3638 1202 3688 quaere-

159 3691 377 3743 recibos.
409 3713 435 3740 n
463 3693 620 3743 Unde
650 3702 705 3742 et
736 3693 1157 3760 chrysostomus
1182 3711 1199 3743 .·

160 3775 186 3806 ι
203 3761 350 3814 Putas
376 3775 634 3831 quantam
667 3765 1068 3832 occupationem
1100 3765 1200 3815 do-

159 3834 322 3887 ctrinae
364 3839 634 3889 habebant
686 3839 949 3905 Apostoli,
996 3849 1058 3889 ut
1103 3854 1199 3888 nec

162 3908 489 3958 manducandi
549 3909 819 3960 licentiam
875 3910 1196 3960 invenirent.

162 3972 356 4028 Obeeti
401 3980 665 4046 Apostoli,
720 3981 778 4031 in
827 3980 1026 4047 quibus
1067 3991 1199 4031 tunc

1305 1849 1499 1899 corpus
1534 1834 1681 1900 quod
1713 1849 1875 1884 suum
1908 1842 1988 1883 est
2036 1834 2381 1899 suggerebat,

1307 1905 1525 1969 quando
1571 1904 1784 1955 animus
1839 1905 1968 1971 quid
2021 1915 2199 1970 ageret
2258 1922 2371 1955 non

1304 1974 1565 2024 habebat!
1605 1976 1856 2025 Carnales
1885 1985 2062 2025 autem
2092 1975 2369 2037 homines,

1305 2062 1403 2097 nec
1443 2057 1572 2097 tunc
1622 2047 1922 2112 spiritualia
1976 2058 2188 2107 curant,
2243 2064 2370 2099 cum

1305 2120 1446 2170 nihil
1467 2120 1753 2170 habuerint
1767 2121 1977 2170 carnale
1989 2121 2133 2186 quod
2153 2131 2330 2187 agant.
2345 2141 2380 2170 n

1304 2191 1582 2242 Pharisaei
1604 2197 1778 2242 autem
1812 2192 2048 2243 videntes
2072 2195 2369 2259 reprehen-

1303 2263 1498 2311 derunt
1547 2262 1841 2311 Dominum
1895 2262 1959 2312 de
2011 2263 2114 2313 hoc
2143 2302 2155 2323 ‚
2218 2263 2381 2329 quasi

1303 2341 1486 2381 contra
1514 2331 1708 2396 Legem
1751 2343 1967 2396 agerent
2015 2333 2266 2398 discipuli
2300 2349 2365 2383 ex

1259 2457 1260 2460 Ἴ
1303 2402 1547 2452 doctrina
1571 2402 1832 2467 Magistri,
1864 2413 1913 2452 et
1943 2403 2202 2453 dixerunt
2221 2421 2238 2453 .·
2260 2403 2381 2453 Ec-

1304 2489 1363 2526 ce
1409 2474 1663 2540 discipuli
1706 2475 1786 2524 tui
1820 2475 2041 2540 faciunt
2085 2475 2226 2540 quod
2275 2490 2379 2526 non

1305 2546 1430 2596 licet
1477 2546 1556 2596 eis
1584 2545 1781 2611 facere
1810 2545 2065 2610 sabbati&
2109 2546 2229 2594 Non
2280 2560 2376 2595 ar-

1305 2619 1537 2685 guebant
1587 2635 1679 2669 eos
1724 2634 1878 2684 agere
1920 2613 2102 2668 contra
2152 2618 2378 2683 Legem,

1305 2692 1458 2759 quasi
1486 2700 1726 2757 raperent
1749 2692 2004 2754 alienum,
2023 2690 2171 2757 quia,
2189 2707 2376 2741 secun-

1305 2763 1436 2812 dum
1468 2762 1682 2828 Legem,
1717 2762 1926 2812 licitum
1975 2772 2086 2812 erat
2121 2761 2375 2812 famelico

1305 2835 1503 2885 intrare
1530 2845 1761 2901 segetem
1788 2834 1871 2884 vel
1899 2835 2111 2885 vineam
2139 2834 2377 2900 proximi

1304 2914 1357 2954 et
1385 2905 1680 2966 comedere,
1702 2921 1810 2954 non
1832 2915 2009 2954 tamen
2035 2904 2224 2955 falcem
2250 2905 2373 2955 mit-

1303 2987 1432 3038 tere,
1465 2993 1558 3027 seu
1598 2977 1740 3027 foras
1766 2977 1959 3042 ejicere
2005 2979 2084 3027 vel
2130 2988 2373 3044 portare3

1304 3051 1398 3099 sed
1442 3065 1604 3115 super
1630 3066 1693 3099 eo
1722 3050 1867 3115 quod
1897 3050 2068 3115 spicas
2093 3050 2365 3111 vellend0,

1305 3132 1356 3172 et
1395 3121 1631 3172 fricando
1659 3122 1747 3171 die
1775 3121 1978 3172 sabbati
2012 3122 2193 3172 cibum
2230 3137 2374 3187 prae-

1304 3193 1559 3259 parabant
1603 3192 1727 3252 sibi,
1758 3192 1883 3258 quia
1912 3202 2237 3258 praeceptum
2264 3201 2375 3242 erat

1305 3266 1360 3314 in
1388 3266 1528 3331 Lege
1557 3267 1702 3333 quod
1726 3265 1921 3316 cibaria
1944 3275 2372 3332 praepararentur

1305 3336 1392 3386 die
1430 3335 1745 3401 praecedenti
1784 3345 1833 3386 et
1870 3352 1978 3385 non
2023 3337 2079 3386 in
2115 3336 2202 3386 die
2245 3337 2375 3386 sab-

1305 3406 1432 3457 bati.
1489 3406 1593 3457 Ubi
1643 3406 2063 3472 Chrysostomus
2094 3425 2110 3457 .·
2139 3425 2166 3454 «
2194 3403 2373 3456 Judaei

1303 3478 1528 3528 scientes
1556 3477 1684 3543 quia
1718 3477 1968 3544 discipuli
1994 3478 2144 3544 quasi
2178 3492 2373 3543 specu-

1303 3551 1418 3600 lum
1450 3558 1579 3599 sunt
1610 3549 1869 3615 magistri,
1895 3549 2023 3615 qui-a
2052 3549 2106 3598 in
2137 3547 2375 3611 discipu-

1303 3622 1369 3671 lis
1416 3621 1672 3686 magister
1708 3619 1935 3678 videtur,
1990 3628 2204 3685 propter
2249 3618 2354 3668 hoc

1301 3707 1536 3744 errorem
1592 3689 1979 3755 discipulorum
2023 3691 2260 3739 volentes
2304 3688 2363 3737 in

1302 3763 1654 3831 opprobrium
1683 3761 1884 3812 Christi
1915 3770 2130 3819 vertere,
2152 3760 2251 3809 ista
2278 3759 2369 3808 di-

1303 3836 1506 3886 cebant.
1539 3834 1657 3883 Non
1680 3841 1895 3896 propter
1925 3830 2175 3893 injuriam
2206 3828 2372 3895 Legis

1301 3906 1561 3963 dolentes,
1589 3902 1682 3952 sed
1732 3899 2076 3949 detractionis
2123 3900 2364 3950 occasio-

1303 3996 1430 4029 nem
1454 3972 1695 4028 invenire
1728 3972 2018 4036 cupientes,
2076 3973 2177 4024 ista
2204 3973 2365 4024 dice-
