2757 4413
202 328 308 398 690

205 454 430 495 matrem
472 443 792 504 dissimulat,
837 453 888 493 et
926 456 1020 508 per
1068 454 1268 505 cogna-

203 516 409 566 tionem
438 515 730 581 proximos,
755 514 937 565 dicens
965 511 1068 562 sibi
1099 510 1271 577 proxi-

206 603 326 636 mos
362 602 493 647 esse,
525 602 619 652 per
652 585 902 652 spiritum
940 583 1269 648 conjunctos.

206 657 331 716 Quo
395 657 637 722 exemplo
700 654 855 705 nobis
918 651 1233 703 monstravit
1254 689 1267 711 ,

206 729 352 796 quod
406 729 568 778 verbo
629 728 811 779 docuit
857 744 871 777 ε
912 726 1107 777 scilicet
1180 725 1271 791 qui

204 804 355 850 amat
374 807 586 864 patrem
606 805 701 848 aut
723 804 944 848 matrem
964 797 1090 862 plus
1111 810 1268 862 quam

204 882 304 930 me,
338 869 391 917 id
422 878 502 918 est
540 869 634 933 qui
674 867 824 934 operi
862 866 1128 932 spirituali
1164 880 1269 916 car·

204 942 355 990 nales
393 940 654 1005 praeponit
690 939 924 1000 affectuS‚
954 954 1057 990 non
1081 945 1161 989 est
1186 954 1269 990 me

204 1011 422 1075 dignuS.
474 1010 581 1070 Qui
636 1025 762 1075 ergo
821 1009 877 1059 in
932 1008 1268 1059 conferendis

200 1081 475 1132 beneficiis
502 1092 555 1131 et
575 1081 927 1147 dignitatibus
955 1081 1267 1132 ecclesiasti-

201 1151 297 1215 cis,
324 1167 576 1217 personas
599 1152 805 1217 accipit,
834 1151 1118 1217 praeferens
1146 1168 1263 1202 car-

202 1239 326 1274 nem
374 1225 602 1290 spiritui,
637 1235 688 1276 et
727 1241 863 1291 opus
905 1224 1090 1274 minus
1131 1224 1264 1275 utile

200 1296 422 1357 utiliori,
452 1297 680 1348 formam
719 1314 749 1348 a
778 1298 1008 1348 Domino
1037 1299 1266 1364 praescri-

201 1378 349 1434 ptam
395 1369 670 1436 relinquit,
714 1379 767 1420 et
812 1368 1046 1419 maxime
1090 1370 1261 1419 Deum

200 1441 442 1493 offendit.
469 1443 624 1494 Unde
645 1443 1017 1510 Hieronymus
1041 1459 1057 1492 .·
1083 1460 1109 1488 «
1141 1443 1262 1492 Non

198 1525 426 1565 matrem
465 1515 692 1580 negavit,
725 1531 792 1565 ne
819 1524 977 1565 natus
1004 1515 1071 1565 de
1100 1515 1265 1580 phan-

197 1594 420 1636 tasmate
472 1595 767 1651 putaretur3
830 1585 922 1634 sed
978 1585 1264 1650 Apostolos

197 1659 504 1725 cognationi
548 1656 806 1724 praetulit,
855 1669 917 1709 ut
966 1669 1017 1709 et
1064 1676 1163 1710 nos
1204 1660 1262 1710 in

198 1729 597 1794 comparatione
627 1728 931 1778 dilectionis
954 1729 1129 1779 carnis
1159 1730 1264 1796 spi-

195 1798 362 1848 ritum
393 1797 756 1864 praeferamus.
791 1817 818 1844 n
853 1798 1005 1848 Unde
1039 1808 1088 1849 et
1129 1801 1263 1849 Am-

197 1868 408 1918 brosius
460 1886 477 1918 .-
530 1886 556 1913 «
620 1868 727 1917 Nec
773 1877 952 1918 tamen
1006 1869 1262 1933 injuriose

195 1938 497 1989 refutantur
524 1948 785 2005 parentes,
823 1939 914 1988 sed
954 1939 1261 2005 religiosio-

196 2023 282 2058 res
319 2009 521 2074 copulae
558 2007 822 2058 mentium
850 2009 1110 2060 docentur
1146 2027 1261 2062 esse

194 2094 357 2145 quam
384 2094 693 2144 corporum3
721 2095 817 2129 nec
850 2089 999 2145 putet
1024 2096 1139 2131 esse
1166 2082 1261 2132 ali-

192 2151 318 2219 quis
338 2150 724 2202 offendiculum
748 2152 977 2219 pietatiS,
999 2154 1094 2204 ubi
1114 2170 1261 2204 man-

190 2225 375 2273 datum
400 2222 559 2289 Legis
579 2224 847 2289 impletur.
868 2243 896 2271 n
919 2225 1073 2276 Unde
1095 2226 1257 2276 etiam

191 2296 617 2364 Chrysostomus
641 2314 657 2347 .-
682 2314 709 2343 «
737 2297 858 2346 Non
888 2313 1147 2364 spernens
1176 2316 1259 2365 ge-

188 2365 523 2417 nerationem
548 2367 832 2427 carnalem,
859 2383 1033 2433 neque
1059 2370 1257 2419 erube-

188 2453 344 2490 scens
368 2440 662 2490 humanam
699 2440 1123 2506 conceptionem,
1152 2442 1257 2492 tale

187 2511 335 2562 dedit
361 2527 705 2577 responsum;
732 2513 824 2562 sed
855 2514 1037 2563 volens
1068 2525 1255 2565 osten-

188 2582 312 2632 dere
343 2582 470 2647 quia
498 2583 855 2648 praeponenda
884 2592 964 2633 est
1004 2584 1253 2654 cognatio

186 2652 483 2718 spiritualis
509 2652 724 2703 carnali.
768 2672 796 2700 >2
825 2653 1029 2703 Deinde
1059 2654 1253 2705 Domi-

188 2740 294 2775 nus
332 2726 485 2775 Jesus
525 2724 680 2791 quasi
713 2724 977 2776 rationem
1002 2725 1127 2776 dicti
1166 2728 1249 2778 sui

186 2794 379 2855 reddit,
419 2796 573 2862 quasi
623 2794 853 2846 dicendo
892 2813 906 2845 :
941 2796 1049 2846 Nec
1072 2797 1249 2847 solum

185 2864 435 2930 discipuli
471 2866 785 2931 specialiter,
817 2866 909 2916 sed
938 2866 1097 2917 etiam
1119 2867 1251 2933 qui-

186 2950 400 3001 cunque
441 2935 622 2988 fideles
665 2948 717 2988 et
761 2937 891 3003 justi¹
932 2939 1251 2990 aeternaliter

185 3013 315 3056 sunt
339 3016 508 3056 mater
534 3023 652 3058 mea
674 3017 726 3058 et
758 3007 947 3058 fratres
971 3009 1097 3060 mei.
1124 3010 1251 3071 Qui-

184 3091 385 3142 cunque
425 3078 561 3128 enim
591 3078 807 3144 fecerit,
844 3081 1019 3141 corde,
1065 3097 1159 3132 ore
1197 3092 1249 3134 et

183 3163 363 3214 opere,
401 3148 738 3214 voluntatem,
776 3150 830 3199 in
872 3152 1146 3218 praeceptis
1188 3169 1247 3204 ac

183 3219 429 3270 consiliis
449 3229 501 3270 et
534 3221 792 3287 exemplis
819 3222 1012 3273 Patris
1034 3224 1135 3274 mei
1158 3224 1249 3290 qui

181 3293 239 3344 in
280 3293 431 3343 coelis
474 3298 572 3357 est,
604 3294 715 3360 ipse
757 3309 902 3345 meus
937 3295 1144 3361 frater,
1195 3304 1247 3349 et

181 3376 358 3426 soror,
390 3369 442 3413 et
463 3369 633 3414 mater
655 3369 753 3414 est.
786 3364 988 3417 Frater
1016 3374 1067 3418 et
1088 3382 1246 3418 soror

179 3434 480 3496 credendo,
541 3433 669 3499 quia
724 3433 895 3485 Filius
937 3436 1049 3504 ‚Dei
1102 3448 1182 3489 est
1228 3455 1242 3489 ε

180 3503 347 3554 Dedit
396 3504 543 3554 enim
606 3505 685 3555 eis
727 3511 1045 3571 potestatem
1085 3508 1245 3573 fili0s

181 3573 289 3624 Dei
301 3574 452 3639 fieri,
478 3575 564 3625 his
588 3576 681 3641 qui
709 3576 932 3626 credunt
959 3577 1013 3627 in
1038 3579 1244 3630 nomine

176 3642 297 3711 ejus
304 3661 325 3708 ;
365 3643 526 3696 frater
546 3646 747 3713 quippe
768 3655 821 3699 et
852 3661 1005 3698 soror
1027 3649 1239 3713 dicitur,

854 325 1093 378 PRIMAE
1127 321 1373 393 PARTIS
1406 322 1638 375 CAPUT
1669 326 1876 379 LXXV.

1374 450 1588 506 propter
1631 452 1920 509 utrumque
1982 459 2168 494 sexum
2214 446 2311 511 qui
2367 449 2439 498 ad

1372 511 1533 562 fidem
1563 515 1848 581 colligitur.
1875 516 1980 576 Qui
2017 528 2194 567 autern
2230 518 2439 570 Christi

1360 583 1550 649 frater
1574 591 1625 635 et
1651 599 1808 637 soror
1836 593 1918 637 est
1940 589 2220 646 credend0‚
2258 597 2440 640 mater

1373 655 1486 720 ejus
1528 655 1586 707 fit
1620 658 1954 722 praedicando
1993 670 2044 710 et
2080 660 2138 710 in
2179 661 2440 712 cordibus

1370 725 1739 792 proximorum
1809 729 1970 793 dicto,
2038 731 2122 781 vel
2187 731 2442 797 exemplo

1372 811 1497 846 eum
1542 799 1860 862 generando,
1900 799 2068 864 Igitur
2103 800 2197 867 qui
2238 800 2337 851 filii
2385 810 2444 852 et

1370 865 1497 917 filiae
1561 883 1620 918 ac
1687 868 1907 919 heredes
1980 869 2077 919 Dei
2144 879 2271 920 sunt
2341 887 2442 936 per

1371 941 1616 1006 gratiam,
1643 941 1845 1001 fratres,
1874 951 1928 991 et
1954 958 2180 1006 sororeS,
2224 953 2276 993 et
2312 960 2438 995 ma-

1370 1022 1496 1073 tres,
1561 1028 1619 1063 ac
1683 1014 1967 1065 coheredes
2016 1014 2216 1065 Christi
2276 1026 2436 1076 sunt,

1370 1083 1464 1148 qui
1514 1094 1594 1135 est
1643 1084 1740 1134 Dei
1793 1085 1965 1135 Filius
2025 1101 2118 1151 per
2167 1096 2435 1138 naturam.

1370 1154 1512 1204 Hinc
1545 1164 1598 1204 et
1627 1155 1732 1220 jam
1777 1171 1868 1206 eos
1902 1166 1954 1206 et
1995 1155 2200 1221 fratreS‚
2243 1166 2311 1211 et.
2338 1174 2439 1209 so·

1369 1238 1542 1284 rores,
1590 1239 1650 1274 ac
1697 1235 1891 1276 matres
1941 1235 2122 1286 vocat,
2169 1228 2438 1293 quoniam

1366 1296 1523 1363 quasi
1566 1296 1769 1357 fratreS‚
1798 1309 1851 1349 et
1884 1313 2093 1348 sorores
2133 1315 2192 1349 ac
2237 1311 2440 1353 matres

1357 1367 1563 1432 diligit.
1598 1368 1664 1417 Et
1702 1367 1790 1418 his
1823 1369 2042 1434 quidem
2076 1370 2256 1420 verbis
2284 1387 2439 1436 aper·

1367 1436 1577 1487 tissime
1630 1449 1955 1489 monstratur
2016 1440 2161 1505 quod
2231 1443 2434 1493 carnali

1366 1509 1542 1559 amor'r
1575 1508 1867 1574 spiritualis
1906 1525 2058 1560 amor
2096 1510 2254 1561 debet
2293 1527 2437 1578 prae-

1368 1580 1492 1632 ferri
1525 1597 1539 1645 ;
1623 1590 1675 1631 et
1750 1580 2124 1647 propinquitas
2195 1583 2435 1634 caritatis

1368 1655 1758 1721 propinquitati
1800 1655 2307 1721 consanguinitatis.
2353 1657 2437 1707 Eo

1366 1726 1515 1776 enim
1551 1741 1732 1776 amore
1766 1736 1817 1775 et
1853 1736 2095 1786 matrem,
2132 1736 2185 1778 et
2224 1726 2436 1789 fratreS,

1367 1811 1663 1861 omnesque
1700 1795 2032 1861 propinquos
2073 1808 2284 1848 nostros
2317 1798 2440 1849 dili-

1366 1883 1488 1932 gere
1531 1867 1807 1931 debemu5‚
1855 1883 1963 1933 quo
2010 1868 2259 1919 Christus
2311 1885 2435 1920 ma-

1365 1943 1502 1990 trem
1555 1949 1606 1989 et
1656 1938 1842 1990 fratres
1887 1957 2013 1991 suos
2056 1940 2259 1992 dilexit.
2302 1942 2439 1992 Dili-

1364 2010 1521 2076 gebat
1565 2009 1712 2059 enim
1761 2025 1876 2070 eos,
1924 2027 2033 2061 non
2080 2012 2209 2077 quia
2255 2013 2436 2079 magis

1364 2080 1656 2130 secundum
1690 2095 1900 2131 carnem
1930 2081 2216 2148 propinqui
2247 2091 2428 2147 erant;

1363 2152 1456 2203 sed
1516 2151 1644 2218 quia
1700 2154 2027 2203 voluntatem
2082 2155 2256 2205 Patris
2312 2155 2431 2221 ejus

1363 2223 1536 2289 magis
1587 2223 1863 2276 faciebant.
1919 2225 2014 2275 Ille
2071 2242 2198 2292 ergo
2256 2226 2435 2293 magis

1363 2294 1582 2344 Christo
1644 2304 1723 2344 est
1764 2295 2147 2361 propinquior,
2202 2297 2296 2363 qui
2348 2306 2436 2347 est

1363 2365 1579 2429 melior3
1608 2366 1754 2431 quia,
1773 2377 1835 2417 ut
1860 2366 1990 2417 dicit
2011 2368 2386 2434 Hieronymus
2412 2386 2434 2419 .-

1363 2457 1390 2485 «
1419 2438 1540 2488 Non
1573 2438 1627 2487 in
1663 2439 1899 2500 sexibus,
1934 2441 2026 2491 sed
2065 2440 2118 2489 in
2149 2440 2300 2491 factis
2325 2441 2435 2491 dis·
2470 2473 2477 2480 ·

1362 2511 1550 2562 cernit.
1595 2531 1623 2559 n
1676 2513 1772 2571 Et,
1818 2523 1879 2563 ut
1935 2514 2010 2563 ait
2062 2513 2369 2578 Gregorius
2410 2532 2431 2565 .-

1362 2599 1391 2628 «
1418 2582 1576 2647 Apud
1614 2582 1910 2633 Dominum
1947 2599 2055 2633 non
2096 2585 2289 2650 gradus
2327 2585 2433 2635 ele—

1359 2652 1600 2718 gantior,
1655 2653 1746 2702 sed
1802 2653 1922 2703 vitae
1985 2653 2225 2703 melioris
2282 2654 2428 2706 actio

1359 2724 1755 2790 comprobatur.
1785 2743 1812 2771 n
1840 2726 1990 2775 Hanc
2012 2736 2188 2776 autem
2213 2736 2433 2776 senten-

1357 2794 1484 2844 tiam
1510 2833 1524 2857 ,
1601 2796 1892 2845 secundum
1959 2795 2427 2862 Chrysostomum,

1357 2864 1625 2915 Dominus
1653 2864 1882 2925 induxit,
1920 2874 1981 2915 ut
2018 2865 2200 2915 nullus
2240 2866 2306 2916 de
2340 2882 2431 2933 ge-

1359 2935 1504 2985 neris
1570 2935 1887 2995 nobilitate,
1956 2945 2049 2986 aut
2103 2937 2430 2988 Sanctorum

1356 3009 1650 3075 propagine
1714 3008 1831 3059 sine
1889 3010 2086 3059 virtute
2152 3008 2385 3060 confidat
2409 3049 2428 3074 ,

1355 3080 1556 3129 docens
1617 3094 1724 3129 non
1780 3079 1836 3129 in
1898 3080 2045 3130 nulla
2095 3079 2424 3146 cognatione

1354 3149 1677 3199 confidentes
1723 3149 1978 3200 virtutem
2028 3151 2312 3217 negligere.
2358 3152 2418 3202 Si

1354 3219 1500 3270 enim
1554 3219 1733 3270 Mariae
1791 3220 1930 3270 nihil
1981 3221 2256 3287 prodesset
2306 3237 2421 3272 ma·

1352 3301 1490 3341 trem
1522 3306 1658 3351 esse,
1687 3291 1792 3341 nisi
1822 3292 1990 3342 virtus
2025 3292 2253 3357 adesset3
2285 3292 2417 3358 quis

1351 3365 1541 3432 utique
1563 3365 1702 3415 alius
1731 3380 1823 3431 per
1847 3365 2220 3430 cognationem
2249 3368 2418 3418 salva-

1351 3436 1522 3487 bitur?
1547 3436 1666 3486 Una
1699 3436 1846 3486 enim
1887 3436 2141 3488 nobilitas
2167 3438 2279 3487 sola
2309 3447 2411 3501 est,

1346 3507 1678 3558 voluntatem
1701 3506 1796 3557 Dei
1827 3505 1993 3558 facere
2002 3523 2017 3571 3
2056 3517 2108 3558 et
2133 3507 2221 3557 hic
2242 3508 2413 3559 nobi-

1348 3578 1511 3630 litatis
1568 3579 1762 3629 modus
1818 3586 1898 3630 est
1951 3578 2045 3629 illo
2105 3578 2299 3630 melior
2356 3589 2413 3630 et

1344 3649 1719 3716 principaliter.
