2757 4413
332 295 442 363 804

321 412 698 479 aegritudinem
731 411 950 474 incidit;
982 425 1090 460 non
1129 423 1393 460 verecun-

320 484 435 536 dat-i
469 484 539 533 ob
583 484 817 550 aliquem
856 482 1228 533 universaliter
1273 481 1391 541 scit,

323 556 418 606 sed
444 555 511 605 ab
538 555 720 605 animo
749 554 862 618 ejus
903 553 1119 619 ejiciens
1163 552 1390 612 bonum,

323 627 389 677 ad
413 640 601 677 omnes
633 626 877 684 bellatur,
892 624 1171 690 ,instabilis
1199 635 1251 674 et
1272 623 1394 674 sine

323 697 512 748 amicis
559 697 811 747 existens·
849 696 1150 761 Vigilemus
1193 695 1391 760 itaque,

324 769 536 830 dilecti,
564 780 616 819 et
650 784 930 819 sumamus
958 782 1176 819 sensum
1199 768 1392 817 humi-

323 840 492 890 litatis
519 839 676 896 nobis
708 854 738 888 a
782 839 892 888 Deo
927 839 1082 890 datae.
1133 837 1393 889 Contem-

326 923 522 961 namus
585 910 879 959 multorum
925 911 1153 976 gloriam
1175 949 1189 974 ,
1252 909 1392 959 nihil

327 982 475 1033 enim
497 982 568 1030 ita
591 980 919 1030 derisibilem
950 992 1003 1032 et
1040 982 1396 1033 dehonorabi-

325 1052 435 1102 lem
461 1050 586 1100 facit
625 1061 686 1100 ut
730 1051 845 1101 haec
894 1053 1091 1119 passio,
1129 1054 1269 1103 nihil
1321 1054 1395 1103 ita

328 1123 645 1174 confusione
689 1124 936 1190 plenum3
986 1125 1244 1192 quoniam
1283 1127 1398 1193 glo-

326 1195 464 1245 riam
491 1187 712 1271 quidem
738 1211 930 1261 cupere
960 1196 1267 1262 ingloriatio
1295 1207 1393 1257 est,

328 1267 499 1334 gloria
519 1276 697 1318 autem
725 1284 849 1319 vera
875 1280 957 1319 est
982 1271 1122 1320 hanc
1149 1269 1396 1336 despice-

327 1354 404 1402 re,
433 1349 486 1391 et
500 1341 703 1390 nullam
731 1342 844 1405 ejus
863 1341 1031 1393 facere
1057 1357 1240 1393 curam
1256 1358 1270 1405 ;
1301 1343 1395 1393 sed

327 1410 394 1460 ad
426 1410 481 1461 id
503 1413 649 1477 quod
680 1412 792 1461 Deo
822 1415 1010 1478 placet,
1037 1413 1223 1464 omnia
1246 1413 1395 1463 dice-

971 293 1210 344 PRIMAE
1246 291 1495 343 PARTIS
1523 290 1757 343 CAPUT
1779 291 1912 343 XCI.

1499 417 1608 458 stra
1640 407 1786 458 videt
1826 408 2130 473 diligenter,
2175 421 2299 459 cum
2329 425 2396 461 eo
2447 413 2590 463 solo

1498 481 1730 531 contenti
1783 478 2047 531 fuerimus
2091 479 2412 547 inspectore.
2454 485 2584 535 Nos

1496 567 1623 602 vero
1675 550 1837 602 talem
1903 552 2161 602 habentes
2229 552 2544 605 Dominum
2567 595 2588 616 ,

1497 637 1688 689 precor
1734 623 1969 673 aliosne
2012 622 2352 689 inquiramus
2397 625 2590 691 inspe-

1498 706 1687 757 ctoreS,
1718 696 1813 761 qui
1854 695 2106 762 prodesse
2150 696 2376 762 quidem
2411 698 2588 749 nobis

1497 767 1656 827 nihil,
1697 782 1888 817 nocere
1939 782 2062 817 vero
2117 781 2183 817 ex
2230 767 2586 833 inspectione

1500 851 1687 887 eorum
1713 846 1954 902 possunt,
1983 847 2036 887 et
2056 841 2277 888 omnem
2313 852 2588 889 evacuare

1499 909 1737 959 laborem
1781 908 1956 960 nobiS.
1996 908 2097 959 Sed
2126 910 2273 959 unde
2303 910 2584 960 habemus

1499 981 1769 1031 mercedes
1799 978 2088 1045 suscipere,
2123 981 2273 1031 hunc
2313 995 2582 1031 vocemus

1497 1052 1826 1103 laudatorem
1861 1066 2048 1101 eorum
2091 1067 2211 1117 quae
2239 1052 2399 1111 fiunt,
2420 1052 2582 1102 hunc

1501 1124 1875 1189 inspectorem.
1909 1121 2060 1172 Nihil
2092 1123 2248 1172 nobis
2284 1134 2335 1173 et
2365 1124 2578 1174 huma-

1501 1195 1587 1245 nis
1625 1195 1796 1246 oculis
1829 1194 1915 1245 sit.
1960 1193 2016 1243 Si
2050 1194 2194 1243 enim
2231 1196 2493 1245 volumus
2521 1204 2580 1244 et

1501 1265 1600 1316 hac
1623 1266 1784 1332 potiri
1819 1264 2008 1331 gloria,
2052 1274 2181 1315 tunc
2226 1267 2325 1316 hac
2363 1266 2575 1331 funge-

1500 1356 1641 1402 mur,
1670 1355 1794 1391 cum
1833 1353 1952 1389 eam
1980 1353 2104 1405 quae
2123 1354 2153 1389 a
2179 1338 2290 1390 Deo
2318 1349 2400 1389 est
2428 1354 2581 1405 quae-

1500 1414 1676 1464 rimus
1722 1412 1895 1463 solam
1944 1428 1959 1462 t
2014 1428 2044 1460 n
2082 1410 2193 1462 haec
2243 1411 2579 1479 Chry-sosio·

326 1497 386 1533 re
411 1492 463 1532 et
504 1481 690 1533 facere.
734 1483 807 1532 Ita
842 1484 989 1533 enim
1020 1484 1317 1550 poterimus
1345 1493 1397 1533 et
1499 1500 1635 1536 mus·

326 1554 628 1605 mercedem
676 1553 925 1619 recipere,
962 1555 1029 1605 ab
1066 1569 1130 1605 eo
1157 1553 1253 1621 qui
1289 1569 1398 1604 no-

1306 1732 1585 1824 ORATJO

395 1905 629 1957 Domine
649 1907 774 1957 Jesu
793 1903 1028 1970 Christe,
1058 1909 1153 1976 qui
1181 1908 1411 1961 finaliter
1429 1910 1601 1961 malos
1625 1907 1845 1970 deseris,
1869 1909 1996 1960 veni
2029 1923 2126 1976 per,
2151 1908 2413 1959 Sidonem
2437 1924 2574 1975 prae·

331 1973 636 2037 dicationis,
683 1977 749 2026 ad
791 1992 936 2028 mare
991 1979 1347 2044 contritionis,
1389 1982 1624 2032 Galilaeae
1673 1979 2028 2032 confessionis
2050 2021 2063 2042 ,
2092 1980 2473 2033 satisfactionis
2516 1993 2573 2034 et

331 2048 844 2114 transmigrationi5,
873 2050 1014 2102 inter
1042 2053 1250 2103 medios
1287 2053 1425 2104 fines
1464 2055 1789 2119 Decapoleos
1816 2053 2050 2104 caritatis
2078 2054 2135 2103 in
2154 2053 2417 2119 Decalogo
2447 2070 2569 2121 pro-

331 2117 582 2180 ficientiS‚
606 2130 659 2170 et
701 2121 1043 2186 apprehende
1071 2139 1171 2173 nos
1210 2138 1455 2174 seorsum
1481 2141 1511 2175 a
1534 2126 1689 2175 turba
1719 2124 2027 2175 tentationis
2049 2124 2393 2190 multiplicis„
2416 2128 2571 2177 Mitte

333 2188 565 2256 digitum
603 2190 940 2243 discretionis
966 2192 1023 2243 in
1051 2193 1314 2246 auriculas
1349 2194 1519 2246 nostri
1557 2195 1880 2261 intellectuS,
1906 2205 1956 2247 et
1974 2205 2195 2263 gustum
2214 2196 2494 2262 sapientiae
2514 2198 2569 2248 in

335 2276 398 2312 os
425 2261 596 2312 nostri
620 2263 859 2328 affectuS,
904 2274 964 2314 ut
1003 2264 1068 2315 ad
1097 2266 1461 2316 confitendum
1482 2267 1756 2317 solvantur
1787 2268 2003 2318 vincula
2027 2268 2228 2334 linguae
2275 2278 2494 2330 nostrae,
2519 2280 2572 2320 et

330 2332 622 2399 loquamur
667 2343 820 2393 recte,
841 2336 1004 2385 verbo
1043 2346 1095 2386 et
1134 2351 1294 2402 opere
1335 2352 1444 2386 non
1481 2337 1818 2388 discordante
1845 2353 1880 2388 a
1908 2339 2199 2400 voluntate,
2226 2339 2572 2407 vitemusque

333 2404 518 2455 laudes
553 2406 859 2465 hominum,
905 2417 966 2457 ut
990 2416 1043 2457 et
1081 2409 1232 2459 surdi
1258 2409 1480 2460 audiant
1512 2425 1606 2476 per
1641 2411 2064 2473 conversionem,
2096 2422 2149 2462 et
2171 2411 2311 2462 muti
2348 2414 2575 2478 loquan-

332 2488 424 2530 tur
440 2495 535 2546 per
560 2480 976 2532 confessionem.
994 2482 1184 2533 Amen.

1166 2917 1505 3016 CAPUT
1556 2945 1720 3017 xci

626 3158 732 3227 De
778 3162 1154 3252 refectione
1191 3177 1502 3258 quatuor.
1546 3167 1856 3238 millium
1902 3170 2278 3242 hominum.
2345 3258 2348 3263 .

1156 3379 1448 3446 Matthaei
1490 3400 1622 3467 cap.
1661 3388 1763 3449 15.

400 3571 421 3607 1
461 3555 745 3610 Minaeum
761 3574 945 3610 uum-A
961 3574 1116 3614 smm.
1135 3579 1395 3622 omnuim.

326 3654 392 3664 —
416 3626 623 3679 Deinde
646 3631 937 3682 ascendens
966 3631 1130 3684 Jesus
1151 3635 1207 3686 in
1240 3651 1396 3688 mon-

331 3704 450 3762 tem,
493 3711 546 3751 et
575 3702 843 3754 desertum
867 3706 1047 3756 locum
1069 3709 1286 3771 sedebat
1299 3711 1391 3776 ibi,

329 3772 396 3820 ad
416 3773 793 3840 quiesendum,
815 3784 868 3828 et
896 3786 1017 3841 tunc
1055 3791 1395 3834 accesserunt

329 3841 406 3893 ad
427 3857 541 3897 eum
582 3850 752 3902 turbae
787 3853 986 3921 multae,
1011 3853 1141 3923 quia
1171 3855 1239 3906 de
1257 3856 1391 3907 mul-

1505 3569 1578 3621 tis
1619 3571 1942 3639 civitatibus,
1975 3585 2029 3626 et
2065 3576 2318 3641 casteIIiS‚
2347 3589 2404 3630 et
2428 3581 2564 3632 villis

1504 3654 1759 3694 venerant
1794 3644 1859 3695 ad
1906 3645 2302 3712 impetrandum
2344 3651 2566 3702 sanatio-

1505 3727 1630 3764 nem
1667 3715 2009 3766 infirmorum
2029 3755 2043 3778 ,
2076 3716 2326 3770 habentes
2391 3735 2562 3773 secum

1502 3792 1693 3850 ηιατυς,
1730 3786 1971 3852 claudos)
2019 3803 2206 3853 coecOS,
2247 3805 2314 3842 ac
2349 3791 2562 3856 debiles,

1500 3865 1553 3909 et
1588 3859 1733 3912 alios
1758 3860 1952 3913 multos
1988 3859 2250 3924 infirmos,
2279 3862 2429 3929 quod
2464 3862 2561 3915 ad-
