2757 4413
257 289 339 340 DE
366 287 566 340 VERB.
592 285 783 344 DOM„
820 279 1020 331 PROP.
1044 272 1212 334 QUAE
1241 265 1516 330 QUIDAM
1551 259 1793 315 RETRO
1826 251 2204 308 ABIERUNT.
2239 247 2341 314 643

159 420 333 458 carnem
381 419 464 454 me
509 400 763 468 quaeritiS,
806 413 916 448 non
957 400 1173 460 propter

160 475 386 542 spiritum,
405 473 530 540 quia
552 473 749 522 scilicet
775 479 836 519 ut
856 461 1170 518 saturemini

160 547 342 608 iterum3
378 545 467 595 sed
523 540 782 593 deberetis
835 552 953 589 esse
1002 533 1173 600 magis

160 615 336 668 solliciti
361 617 424 665 de
461 614 580 665 cibo
619 609 881 678 spirituali
912 623 1021 674 quo
1050 604 1173 655 ani-

160 703 226 739 ma
250 696 573 745 sustentatur,
620 682 749 749 quia
778 689 928 731 tanto
984 675 1175 726 melior

158 770 220 810 est
236 759 341 809 cibo
379 755 657 823 corporali,
681 752 684 755 ’
705 769 814 820 quo
857 764 1051 816 corpus
1083 762 1171 797 re-

158 828 323 893 ficitur,
358 837 553 895 quanto
614 825 795 875 anima
840 821 1031 873 melior
1090 833 1176 867 es-

159 915 202 950 se
238 915 436 966 corpore
476 895 825 963 dignoscitur.
882 889 1177 942 Considera

159 972 285 1020 modo
349 980 556 1037 quantae
634 963 909 1017 suavitatis
961 961 1179 1012 fuerunt

161 1056 288 1106 panes
312 1041 404 1104 illi,
434 1039 682 1106 quamvis
710 1033 1008 1096 hordeacei,
1035 1046 1177 1097 quo-

160 1128 253 1164 rum
301 1112 569 1162 dulcedine
617 1110 723 1160 illae
793 1105 964 1157 turbae
1016 1111 1180 1167 captae

161 1182 300 1233 adhuc
341 1182 637 1231 Dominum
667 1177 1046 1243 sequebantur,
1071 1182 1181 1221 tam

162 1252 375 1303 sollicitae.
394 1253 500 1302 Nec
531 1251 751 1309 mirum,
771 1247 897 1314 quia
923 1242 1101 1295 suavis
1130 1251 1183 1291 et

161 1322 295 1372 dulcis
337 1333 442 1374 erat
482 1321 727 1389 provisor
756 1329 807 1370 et
850 1317 1184 1382 dispensator

163 1409 325 1460 panum
366 1396 604 1445 illorum.
647 1390 905 1443 Similiter
939 1384 1184 1454 quotidie

164 1465 286 1514 multi
315 1475 559 1531 quaerunt
601 1464 802 1524 Jesum,
831 1475 941 1509 non
970 1466 1185 1524 propter

162 1535 330 1599 Jesum;
359 1537 446 1587 sed
481 1544 547 1587 ut
575 1535 709 1584 bene
752 1532 825 1583 sit
864 1531 942 1581 eis
971 1529 1027 1579 in
1082 1527 1185 1576 hoc

164 1615 358 1672 tempore
384 1617 433 1658 et
466 1604 718 1673 praesenti
762 1602 897 1664 vita3
932 1610 993 1651 ut
1038 1612 1186 1648 asse-

165 1689 355 1743 quantur
373 1676 661 1729 commoda
697 1684 748 1725 et
776 1673 942 1724 vitent
971 1672 1184 1720 damna.

167 1748 285 1798 Multi
310 1750 465 1801 etiam
522 1746 809 1798 conficiunt
842 1744 1045 1802 Jesum,
1076 1755 1186 1789 non

166 1832 338 1888 propter
384 1825 596 1887 Jesum;
644 1820 734 1870 sed
765 1827 979 1885 propter
1019 1829 1187 1864 num-

168 1909 302 1977 mum.
345 1895 442 1945 Hic
468 1897 628 1946 laetus
654 1892 836 1942 obviat
860 1887 1189 1940 intrantibus

166 1968 456 2034 religionem,
508 1978 563 2018 et
607 1963 1002 2017 assumentibus
1033 1960 1190 2011 cleri-

166 2049 306 2120 catum
347 2057 409 2091 ex
436 2038 670 2106 ignavia,
709 2047 770 2087 ut
801 2036 878 2087 sic
925 2033 1094 2084 otiose
1140 2041 1192 2081 et

166 2125 255 2192 sine
319 2113 497 2163 labore
571 2126 761 2177 panem
849 2106 1190 2157 manducent.

169 2180 339 2242 Quibus
364 2185 436 2235 ait
465 2182 773 2234 Dominus:
806 2177 1063 2242 Quoeritis
1092 2189 1189 2237 me,

167 2253 218 2302 ab
257 2255 543 2306 ambitione
589 2252 824 2319 plurium
886 2248 1193 2300 reddituum

168 2325 505 2404 ecclesiarum,
553 2322 908 2374 celebratione
956 2317 1195 2385 plurium

169 2410 433 2475 missarum,
463 2405 521 2445 et
539 2404 753 2461 propter
780 2391 883 2442 alia
908 2389 1194 2453 hujusmo-

168 2464 226 2526 di,
258 2482 347 2519 non
373 2469 504 2535 quia
534 2466 748 2518 vidistis
787 2464 967 2529 signa,
1019 2460 1072 2510 id
1119 2468 1200 2508 est

169 2553 296 2604 opera
320 2542 371 2591 in
403 2541 612 2608 quibus
650 2537 827 2589 velitis
859 2551 945 2586 me
976 2531 1212 2594 imitari„

172 2610 223 2691 de
257 2613 465 2679 quibus,
522 2627 554 2662 o
594 2610 837 2669 Domine,
861 2607 965 2673 sac
1000 2618 1199 2655 mecum

171 2694 347 2747 signum
371 2685 424 2734 in
447 2684 657 2744 bonum,
686 2679 855 2729 —sed
883 2677 1007 2743 quia
1042 2688 1199 2725 man-

171 2751 371 2805 ducastis
395 2771 460 2806 ex
487 2753 791 2804 redditibus
829 2760 881 2800 et
905 2745 1199 2799 oblationi-

172 2822 265 2884 bus,
298 2841 385 2877 nec
413 2834 589 2877 tamen
609 2821 843 2874 saturati
873 2819 1021 2881 estiS‚
1054 2816 1203 2885 quia,

172 2898 431 2947 secundum
463 2896 670 2947 dictum
699 2904 985 2944 commune
1014 2905 1031 2939 ι

176 3034 268 3096 Quo
286 3040 408 3104 plus
450 3043 575 3089 sunt
595 3042 765 3108 potae,
806 3032 936 3100 plus
953 3028 1209 3168 sigiuntur

1023 3113 1201 3166 aquae.

175 3250 236 3302 Ita
261 3255 414 3307 etiam
467 3264 549 3306 est
577 3253 665 3303 ·de
712 3247 1021 3317 cupiditatis
1057 3259 1212 3313 pane.

177 3324 301 3409 Unde
351 3328 659 3395 Gregorius
708 3344 726 3377 :
766 3346 790 3372 α
832 3325 911 3374 De
985 3320 1213 3388 panibus

176 3410 298 3449 emm
315 3402 528 3453 fuerant
550 3398 770 3451 saturati
791 3414 807 3460 ;
835 3406 888 3447 et
907 3410 1000 3461 per
1026 3406 1213 3444 eorum

178 3482 433 3532 personam
471 3470 739 3522 Dominus
766 3468 890 3518 illos
917 3465 1058 3515 intra
1089 3477 1215 3512 san-

178 3551 296 3594 ctam
334 3545 623 3597 Ecclesiam
666 3544 974 3599 detestatur,
988 3536 1094 3603 qui
1124 3549 1216 3601 per

178 3627 330 3694 sacros
372 3618 605 3669 Ordines
654 3616 718 3666 ad
761 3612 1058 3665 Dominum
1088 3622 1217 3673 pro-

178 3698 490 3764 pinquantes,
539 3704 651 3738 non
702 3685 758 3735 in
809 3683 1012 3735 eisdem
1050 3676 1219 3729 Ordi-

180 3756 321 3833 ngbus
369 3759 627 3810 virtutum
678 3754 885 3814 merita,
927 3752 1020 3803 sed
1050 3746 1221 3800 subsi-

181 3822 391 3909 dlayitae
434 3827 713 3896 praesentis
753 3823 1073 3891 exquirunt3
1124 3831 1221 3867 nec

183 3908 395 3965 cogitant
435 3900 567 3968 quid
616 3897 844 3950 vivendo
894 3891 1095 3947 imitari
1134 3890 1222 3939 de·

287 4015 421 4067 Vri-A
445 4016 572 4069 Jnsu
599 4016 837 4077 Camsrx,
864 4024 1037 4064 'rouus
1067 4008 1132 4058 11.

1278 386 1436 435 beant
1458 420 1472 445 ,
1505 380 1597 430 sed
1643 392 1762 444 quoe
1805 368 2117 438 compendia
2169 363 2343 432 perci-

1279 453 1475 520 piendo
1541 448 1818 500 satientur.
1869 441 2096 493 Satiatos
2145 436 2348 502 quippe

1276 526 1343 575 de
1382 521 1610 589 panibus
1639 515 1936 567 Dominum
1970 507 2143 575 sequi,
2172 515 2252 556 est
2282 504 2348 553 de

1278 604 1465 646 sancta
1495 588 1737 642 Ecclesia
1764 580 2077 649 temporalia
2116 577 2349 628 alimen-

1278 677 1328 717 ta
1359 661 1670 728 sumpsisse,
1700 667 1751 708 et
1783 671 1890 705 non
1922 667 2016 718 pro
2047 647 2219 714 signis
2252 646 2352 695 Do-

1280 737 1510 794 minum,
1542 732 1633 782 sed
1687 744 1784 795 pro
1812 724 2042 792 panibus
2079 731 2346 787 quaerere3

1280 819 1360 859 est
1410 806 1474 855 ad
1522 798 1797 866 religionis
1843 794 2082 846 officium
2120 806 2226 839 non
2255 802 2352 853 pro

1280 875 1502 943 agendis
1545 869 1855 927 virtutibuS‚
1895 865 1985 916 sed
2024 878 2121 929 pro
2164 858 2352 925 requi-

1283 947 1465 999 rendis
1516 940 1773 994 subsidiis
1824 932 2212 1001 temporalibus
2259 929 2350 978 in-

1286 1023 1452 1073 hiare.
1504 1040 1532 1067 »
1580 1016 1733 1069 Unde
1782 1023 1833 1063 et
1886 1011 2348 1077 Chrysostomus:

1286 1112 1313 1140 α
1342 1093 1622 1143 Discamus
1658 1086 1906 1137 assistere
1932 1082 2076 1140 Jesu,
2125 1078 2217 1128 sed
2245 1090 2355 1125 non

1286 1176 1499 1234 propter
1544 1161 1816 1212 dationem
1869 1151 2242 1210 sensibilium,
2295 1156 2355 1197 ut

1288 1257 1396 1290 non
1454 1235 1855 1303 exprobremur,
1904 1225 2199 1278 secundum
2254 1222 2356 1272 Ju-

1287 1314 1447 1363 daeos.
1466 1307 1711 1360 Etenim:
1739 1299 2001 1364 Quaeritis
2029 1310 2124 1358 me,
2142 1294 2233 1353 ait,
2253 1307 2357 1342 non

1286 1381 1535 1449 quoniam
1580 1373 1796 1428 vidistis
1837 1370 2000 1434 signa
2011 1384 2030 1429 ,-
2077 1365 2168 1414 sed
2210 1378 2352 1429 quo-

1290 1455 1436 1504 niam
1467 1446 1773 1502 comedistis
1814 1458 1879 1493 ex
1902 1437 2131 1505 panibus
2170 1444 2223 1484 et
2267 1449 2358 1484 sa-

1287 1525 1447 1576 turati
1474 1523 1619 1574 estiS.
1654 1521 1872 1582 Propter
1902 1512 2007 1562 hoc
2032 1522 2205 1574 neque
2229 1521 2360 1555 con-

1289 1597 1441 1647 tinue
1460 1594 1584 1644 facit
1605 1593 1706 1642 hoc
1725 1589 1971 1654 signum3
2002 1581 2094 1632 sed
2117 1577 2352 1628 secundo

1290 1669 1486 1726 solum,
1534 1673 1596 1714 ut
1639 1659 1844 1712 erudiat
1906 1669 1998 1705 eos
2053 1666 2161 1700 non
2187 1644 2364 1697 ventri

1290 1737 1508 1796 servire,
1552 1733 1641 1784 sed
1676 1724 2047 1796 spiritualibus
2093 1719 2367 1770 adhaerere

1291 1808 1565 1859 continue.
1612 1802 1713 1854 His
1768 1799 1947 1864 itaque
1999 1792 2367 1844 adhaereamus

1293 1891 1343 1931 et
1393 1895 1514 1938 noS,
1549 1887 1600 1927 et
1644 1883 1952 1941 quaeramus
2012 1879 2207 1933 panem
2248 1876 2363 1911 coe-

1292 1952 1508 2013 lestem3
1536 1957 1587 1997 et
1625 1943 1958 2009 accipientes,
1989 1949 2207 1987 omnem
2251 1945 2369 1996 pro-

1292 2021 1537 2087 jiciamus
1559 2016 1678 2068 vitae
1698 2013 1860 2077 hujus
1882 2004 2318 2060 sollicitudinem.
2337 2019 2364 2046 ι»

1295 2092 1452 2144 Unde
1503 2089 1664 2140 etiam
1704 2080 2045 2148 Augustinus
2074 2091 2091 2125 .·
2126 2093 2152 2120 ε(
2188 2073 2363 2132 Quam

1297 2162 1456 2215 multi
1489 2177 1598 2212 non
1642 2162 1891 2225 quaerunt
1936 2151 2137 2205 Jesum,
2172 2142 2277 2193 nisi
2303 2150 2365 2190 ut

1298 2236 1409 2286 illis
1436 2233 1591 2283 faciat
1620 2231 1757 2280 bene
1785 2222 2082 2275 secundum
2117 2210 2362 2279 tempus!

1299 2308 1454 2359 Alius
1481 2300 1898 2370 negotiationem
1940 2293 2162 2348 habens,
2210 2299 2365 2352 quae-

1301 2382 1371 2431 rit
1392 2374 1831 2430 intercessionem
1853 2365 2190 2417 clericorum.
2210 2357 2367 2408 Alius

1304 2450 1566 2521 premitur
1592 2462 1622 2496 a
1650 2440 1966 2511 potentiore,
1995 2432 2132 2498 fugit
2167 2429 2231 2480 ad
2264 2428 2368 2477 Ec-

1303 2525 1538 2577 clesiam.
1569 2520 1723 2570 Alius
1748 2514 1863 2565 vult
1906 2524 2002 2576 pro
2045 2520 2101 2555 se
2133 2504 2369 2553 interve-

1305 2596 1407 2648 niri
1437 2592 1576 2661 apud
1615 2604 1758 2648 eum,
1803 2581 1944 2649 apud
1989 2592 2153 2644 quem
2180 2587 2369 2639 parum

1303 2671 1460 2722 valet.
1520 2666 1611 2716 llle
1661 2662 1763 2723 sic;
1813 2657 1904 2707 ille
1961 2651 2058 2702 sic.
2118 2646 2374 2711 Impletur

1307 2738 1550 2809 quotidie
1576 2734 1775 2786 talibus
1803 2722 2050 2779 Ecclesia.
2086 2718 2190 2770 Vix
2218 2729 2372 2781 quae-

1310 2814 1446 2864 ritur
1468 2812 1640 2867 Jesus,
1671 2811 1885 2870 propter
1931 2797 2134 2847 Jesum,
2161 2809 2188 2837 »
2221 2786 2377 2838 Unde

1310 2896 1362 2937 et
1392 2883 1542 2935 Beda
1573 2896 1588 2931 :
1615 2897 1642 2925 α
1673 2875 1754 2927 11Ιί
1777 2871 1938 2923 etiam
1967 2864 2061 2933 qui
2091 2863 2148 2913 in
2173 2858 2376 2910 oratio-

1314 2972 1382 3007 ne
1422 2958 1673 3020 quaerunt
1721 2960 1830 2995 non
1873 2950 2083 2996 aeterna,
2112 2932 2203 2984 sed
2249 2940 2379 2980 tem-

1315 3025 1540 3094 poralia,
1562 3025 1814 3088 quaerunt
1834 3014 2015 3063 Jesum
2040 3021 2146 3056 non
2165 3009 2380 3069 propter

1312 3099 1515 3157 Jesum,
1549 3091 1641 3143 sed
1681 3095 1896 3154 propter
1923 3076 2126 3144 aliquid
2154 3071 2317 3124 aliud.
2347 3088 2376 3117 n

1317 3171 1384 3220 Et
1424 3165 1551 3232 quia
1582 3161 1752 3213 turbae
1784 3158 1838 3207 in
1868 3154 1972 3203 hoc
1999 3146 2373 3215 operabantur,

1317 3237 1521 3289 scilicet
1555 3227 1829 3297 sequendo
1851 3220 2130 3275 Christum
2167 3220 2380 3280 propter

1319 3311 1502 3361 cibum
1562 3298 1925 3368 corporalem;
1949 3287 2159 3343 inducit
2195 3298 2285 3335 eos
2313 3281 2380 3331 ad

1320 3396 1481 3449 opera
1520 3372 1814 3435 meritoria,
1852 3376 1912 3418 ut
1943 3364 2009 3415 ad
2037 3355 2384 3412 reficiendum

1319 3460 1559 3522 quaerant
1628 3446 1810 3496 cibum
1869 3431 2224 3503 spiritualem.

1384 3540 1414 3575 2
1454 3523 1745 3573 Opnnmno
1799 3518 2126 3571 Quaenannus
2166 3513 2260 3548 εει·
2300 3508 2384 3543 cr-

1322 3611 1420 3647 nus
1457 3601 1802 3645 smarruams,
1841 3598 1894 3631 11>
1926 3592 2020 3628 nsi·
2077 3584 2208 3622 opus
2241 3578 2385 3614 umu-

1322 3680 1545 3719 ronnm.
1593 3689 1654 3699 -
1689 3657 1840 3710 Unde
1899 3657 2143 3712 satagens
2193 3649 2385 3718 eorum

1324 3737 1516 3790 satiare
1559 3740 1785 3787 mentes,
1832 3732 2063 3790 quorum
2112 3712 2391 3760 satiaverat

1322 3819 1555 3866 ventres,
1586 3802 1828 3855 altiorem
1871 3794 1951 3844 eis
1982 3798 2171 3855 panem
2199 3787 2390 3829 osten-

1324 3883 1422 3948 dit,
1468 3888 1520 3931 et
1547 3876 1621 3929 ait
1653 3891 1667 3925 ι
1699 3860 2027 3937 operamini,
2060 3855 2115 3907 id
2143 3860 2223 3903 est
2257 3861 2390 3915 ope-

2130 3966 2194 4019 13
