2757 4413
404 321 507 374 580

398 449 615 498 terram,
663 438 813 503 cujus
859 446 1048 503 quarta
1096 449 1218 501 pars
1259 442 1471 483 tantum

398 505 530 559 fecit
556 508 809 568 fructum,
848 508 1130 556 denotatur
1164 502 1471 571 praedicatio

402 578 603 630 Christi
640 588 692 630 et
729 577 1112 644 Apostolorum
1142 574 1235 641 qui
1269 573 1469 640 praedi-

399 660 651 702 caverunt
678 649 878 702 Judaeis
912 647 1277 699 indifferenter
1312 645 1472 697 bonis

401 730 453 772 et
487 720 669 785 malis;
716 720 868 786 pauci
906 717 1263 785 comparative
1290 716 1469 767 credi-

399 794 613 854 derunt,
642 809 740 859 pro
782 791 968 857 majori
1011 801 1187 841 autem
1226 800 1372 857 parte
1414 789 1469 839 in

398 865 712 916 infidelitate
738 873 1121 915 remanserunt.
1146 863 1322 913 Prima
1340 878 1467 928 ergo

398 946 477 986 est
515 936 581 986 de
621 935 844 995 semine,
884 943 936 984 et
972 934 1149 984 Verbo
1177 933 1294 995 Dei,
1319 933 1465 1000 quod

397 1006 582 1058 exiens
610 1021 641 1058 a
671 1007 836 1067 Patre,
866 1005 1079 1072 quando
1116 1004 1181 1054 de
1209 1004 1465 1055 invisibi-

395 1079 544 1129 litate
592 1079 763 1129 Patris
803 1079 1011 1129 mundo
1037 1077 1268 1128 visibilis
1295 1092 1464 1144 appa-

398 1151 542 1212 ruit,
597 1151 884 1202 seminavit
938 1150 996 1200 in
1030 1151 1261 1211 mundo,
1313 1159 1366 1200 et
1409 1149 1464 1199 in
1501 1162 1502 1165 ’

395 1234 627 1289 quatuor
690 1223 822 1273 locis
870 1223 1080 1283 cecidit,
1114 1222 1317 1273 scilicet
1350 1238 1364 1271 ε
1405 1221 1461 1271 ἱιι

393 1303 590 1344 terram
619 1294 903 1360 tripliciter
930 1294 1127 1345 malam
1154 1309 1252 1344 nec
1279 1292 1461 1343 feren-

392 1374 502 1415 tem
532 1365 782 1427 fructum,
826 1374 877 1415 et
920 1365 976 1414 in
1015 1374 1209 1414 terram
1239 1364 1458 1424 bonam,

391 1435 670 1487 facientem
698 1436 938 1487 fructum
968 1435 1254 1502 triplicem.
1285 1434 1462 1486 Semi-2

389 1509 537 1561 navit
559 1520 738 1560 autem
762 1511 915 1575 plura
949 1523 1143 1575 genera
1167 1507 1457 1559 seminum.

390 1580 577 1631 Primo
617 1580 901 1631 seminavit
944 1580 1116 1646 legem
1166 1580 1459 1631 naturalem

388 1651 447 1702 in
477 1662 657 1702 mente
694 1651 983 1716 cujuslibet
1017 1650 1290 1711 hominiS,
1322 1650 1462 1701 sicut

388 1732 468 1772 est
494 1740 508 1772 :
540 1722 702 1783 Quod
722 1721 818 1772 tibi
833 1722 968 1789 fieri
987 1736 1088 1772 non
1114 1722 1213 1785 viS,
1244 1722 1373 1773 aliis
1398 1737 1462 1772 ne

376 1794 610 1860 seceriS,
645 1804 697 1845 et
726 1795 872 1861 quod
912 1794 1012 1845 tibi
1043 1795 1157 1845 fieri
1199 1795 1299 1859 viS,
1340 1795 1462 1846 aliis

389 1865 605 1929 feceris3
638 1867 787 1928 item,
823 1866 1110 1917 seminavit
1125 1882 1219 1933 per
1230 1869 1464 1934 Angelos

382 1904 752 1998 revelationes,
769 1952 863 2003 per
880 1933 1101 2003 Moys'en
1127 1937 1322 2004 Legem
1341 1939 1467 1990 scri-

389 2017 557 2073 ptam,
601 2007 819 2058 scilicet
835 2018 1092 2073 praecepta
1132 2017 1184 2059 et
1212 2009 1463 2074 prohibi-

388 2078 593 2141 tiones;
627 2093 719 2144 per
750 2078 1047 2144 Prophetas
1075 2079 1463 2144 promissiones

391 2159 444 2200 et
490 2149 976 2234 comminationes;
1023 2150 1116 2200 sed
1151 2167 1295 2201 nunc
1322 2152 1464 2202 exiit

388 2222 655 2273 seminare
668 2238 760 2289 per
774 2222 1015 2288 seipsum
1026 2215 1221 2290 Legem
1235 2224 1465 2291 Evange-

386 2291 546 2343 licam
574 2293 829 2344 omnibus
855 2292 1125 2343 fidelibus.
1148 2293 1271 2343 Non
1294 2304 1462 2345 cessat

385 2362 551 2415 etiam
579 2378 792 2428 semper
831 2362 889 2413 in
929 2362 1131 2414 nostris
1174 2363 1460 2415 animabus

383 2435 667 2497 seminare,
698 2452 809 2486 non
825 2436 1005 2487 solum
1023 2452 1149 2487 cum
1168 2437 1338 2502 docet,
1365 2438 1459 2489 sed

385 2507 547 2558 etiam
574 2523 698 2559 cum
728 2517 872 2558 creat
900 2507 968 2558 in
988 2506 1067 2558 eis
1085 2508 1291 2558 semina
1318 2509 1460 2560 bona

384 2576 671 2638 virtutum,
685 2577 888 2628 scilicet
907 2578 1372 2629 donorum.Exiit
1384 2594 1461 2629 er-

380 2663 453 2715 go
477 2648 578 2699 Dei
599 2649 774 2700 Filius
793 2649 859 2699 de
887 2647 1014 2699 sinu
1028 2648 1221 2709 PatriS,
1245 2665 1359 2700 non
1381 2666 1461 2701 se-

381 2720 625 2772 cundum
679 2721 1047 2781 divinitatem,
1093 2721 1224 2787 quia
1268 2722 1347 2773 sic
1377 2734 1459 2773 est

384 2790 607 2858 ubique,
635 2793 728 2842 sed
748 2793 1041 2843 secundum
1065 2792 1459 2844 humanitatem

385 2872 441 2913 et
474 2862 652 2913 carnis
703 2862 1156 2930 assumptionem.
1197 2863 1355 2915 Unde
1385 2866 1460 2915 ait

389 2929 852 2997 Chrysostomus:
878 2951 907 2980 ει
946 2933 1116 2984 Exiit
1143 2943 1321 2986 autem
1362 2936 1457 3003 qui

387 3001 592 3068 ubique
623 3013 722 3064 est,
752 3019 861 3053 non
885 3003 1126 3054 localiter
1153 3006 1247 3056 sed
1269 3006 1459 3058 Incar-

308 3095 317 3106 ·
388 3070 627 3134 natione,
648 3082 701 3123 et
720 3088 816 3139 per
843 3073 1100 3125 amictum
1121 3090 1299 3127 carnls
1325 3092 1458 3150 pro·-

388 3141 644 3209 pinquior
685 3144 846 3195 nobis
872 3144 1060 3197 factus.
1083 3165 1108 3193 ι
1143 3147 1330 3212 Exiit,
1367 3147 1459 3200 in-

389 3228 575 3282 quam,
601 3215 695 3281 qui
715 3216 959 3281 seminat,
984 3217 1046 3268 id
1071 3229 1153 3270 est
1170 3219 1274 3303 ‘qui
1295 3220 1461 3272 habet

388 3283 647 3348 officium,
669 3287 951 3341 scientiam
975 3301 1030 3343 et
1054 3291 1279 3360 gratiam
1303 3293 1460 3344 semi-

388 3357 576 3420 nandi,
605 3359 841 3410 seminar
842 3375 871 3411 e
900 3376 1078 3413 semen
1102 3377 1275 3428 suum,
1296 3363 1353 3414 id
1376 3374 1460 3415 est

387 3426 643 3480 doctrinae
694 3430 944 3483 verbum.
979 3432 1287 3484 Seminator
1330 3449 1459 3501 ergo

387 3498 602 3565 proprie
666 3500 921 3553 Christus
981 3513 1091 3569 est3
1146 3504 1461 3571 praedicator

386 3568 533 3621 enim
563 3570 744 3636 potius
768 3581 849 3623 est
870 3573 1139 3639 cophinus
1163 3575 1461 3628 seminato-

385 3640 482 3705 ris,
505 3655 669 3708 quam
693 3643 1004 3697 seminator.
1030 3645 1110 3696 Et
1135 3646 1262 3697 dum
1291 3646 1457 3698 semi-

387 3718 498 3777 nat,
546 3713 601 3763 id
652 3724 732 3765 est
770 3715 1072 3769 doctrinam
1096 3717 1461 3769 indifferenter

388 3784 610 3850 spargit,
644 3785 801 3838 aliud
831 3789 1020 3842 cecidit
1041 3804 1193 3842 secus
1211 3791 1372 3854 viam,
1403 3789 1458 3840 id

392 3862 474 3905 est
514 3869 673 3922 super
715 3874 806 3910 cor
836 3860 1071 3925 devium,
1102 3877 1198 3929 per
1223 3877 1455 3926 errore-²⁵5

391 3939 606 3992 vagum,
635 3944 730 3995 per
753 3931 997 3987 lascivias
1011 3949 1031 4000 3
1066 3932 1332 3997 attritum,
1363 3947 1461 4001 per

1020 319 1262 370 PRIMAE
1296 316 1549 369 PARTIS
1581 316 1816 369 CAPUT
1848 317 2028 369 LXIV.

1577 433 1813 483 carnales
1838 435 2144 486 affectiones
2169 451 2230 486 ac
2265 436 2648 502 suggestiones

1576 503 1910 569 daemonum3
1949 515 2001 556 et
2034 506 2198 557 variis
2247 507 2648 560 tentationibus

1571 573 1829 626 vitiorum
1851 577 1917 627 ad
1943 578 2169 628 modum
2189 577 2290 629 viae
2312 579 2647 644 expositum,

1576 659 1668 709 per
1705 645 1879 697 carnis
1913 648 2368 714 concupiscentias
2404 666 2418 698 :
2449 659 2505 699 et
2537 649 2645 701 ho-

1540 731 1697 766 ‘rum
1751 717 1998 769 omnium
2060 720 2247 769 sedulo
2325 720 2566 770 transitu
2597 729 2649 772 et

1573 786 1841 855 frequenti
1891 801 2069 844 meatu
2105 807 2291 842 semen
2333 792 2484 842 verbi
2516 807 2647 842 con-

1572 862 1826 926 culcatur,
1869 880 1936 914 ne
1985 865 2284 931 germinare
2331 865 2538 930 possit;
2593 871 2648 916 et

1571 933 1816 987 volucres
1840 937 1987 1001 eceli,
2029 936 2231 987 scilicet
2262 937 2419 997 aerei,
2464 937 2519 987 id
2559 947 2646 988 &st

1570 1006 1866 1070 daemones,
1897 1008 1989 1075 qui
2018 1009 2259 1059 volucres
2291 1008 2409 1059 coeli
2439 1009 2644 1059 dicun-

1568 1085 1675 1139 tur,
1707 1078 1820 1129 sive
1846 1089 2062 1146 propter
2102 1079 2241 1130 aeris
2280 1079 2644 1133 inhabitatio—

1570 1164 1717 1210 nem,
1741 1149 1870 1216 quia
1898 1166 1992 1216 per
2018 1166 2137 1201 aera
2170 1150 2499 1213 discurrunt,
2525 1150 2646 1201 sive

1570 1229 1787 1284 propter
1863 1231 2108 1272 naturam
2162 1221 2457 1285 coelestem,
2515 1221 2650 1286 quia

1567 1290 1795 1357 coelestis
1814 1293 1928 1344 sive
1951 1293 2248 1360 spiritualis
2266 1303 2466 1344 naturae
2489 1304 2643 1354 sunt,

1568 1360 1679 1412 sive
1708 1372 1924 1429 propter
1950 1364 2286 1414 velocitatem
2315 1365 2377 1414 ad
2409 1365 2642 1424 malum,

1565 1431 1695 1499 quia
1720 1432 1787 1482 ad
1822 1433 1925 1484 hoc
1952 1449 2166 1500 semper
2193 1434 2508 1494 intendunt,
2541 1448 2644 1485 co—

1568 1503 1843 1554 mederunt
1895 1504 2063 1565 illud,
2114 1505 2167 1555 id
2202 1514 2285 1555 est
2315 1520 2410 1555 sua
2437 1520 2645 1572 sugge-

1565 1574 1741 1626 stione
1782 1585 2093 1641 rapuerunt‚
2124 1586 2175 1626 et
2197 1577 2428 1626 fructum
2456 1576 2646 1642 impe-

1564 1643 1815 1696 diverunt
1859 1656 1919 1696 et
1956 1645 2032 1696 sic
2083 1647 2282 1696 tollunt
2324 1647 2554 1697 verbum
2591 1658 2646 1699 et

1568 1716 1887 1767 memoriam
1932 1716 2081 1767 verbi
2125 1717 2191 1766 de
2224 1717 2399 1780 corde,
2438 1728 2500 1767 ut
2537 1733 2645 1769 nec

1568 1788 1853 1854 memoria,
1907 1805 2004 1840 nec
2060 1805 2215 1841 mens
2270 1800 2443 1841 teneat
2490 1792 2647 1857 quod

1566 1875 1728 1927 opere
1761 1875 2004 1912 exercere
2055 1861 2314 1928 neglexit,
2350 1870 2414 1912 ut
2458 1861 2648 1927 impe-

1566 1933 1681 1983 dito
1739 1934 1903 1984 verbo
1967 1934 2291 2000 impediatur
2355 1933 2516 1995 fides,
2577 1949 2648 1986 ne

1566 2007 1840 2057 credentes
1888 2007 2030 2058 salvi
2070 2007 2250 2074 fiant,
2313 2007 2441 2074 quia
2487 2008 2647 2075 fides

1566 2085 1647 2127 est
1702 2090 1776 2127 ex
1823 2077 2030 2127 auditu.
2086 2078 2169 2128 Hi
2207 2084 2331 2128 sunt
2382 2078 2476 2144 qui
2531 2086 2647 2129 au-

1566 2146 1719 2197 diunt
1723 2163 1745 2213 ‚-
1772 2148 1864 2199 sed
1886 2147 1945 2198 in
1969 2148 2115 2200 verbi
2148 2148 2345 2200 virtute
2373 2165 2486 2199 non
2513 2148 2645 2200 affi-

1565 2218 1807 2284 ciuntur;
1837 2221 1988 2271 unde
2014 2236 2187 2287 neque
2217 2221 2472 2283 nascitur,
2510 2222 2650 2287 quia

1565 2289 1813 2342 diabolus
1862 2290 1929 2341 de
1995 2292 2153 2341 corde
2223 2307 2413 2341 eorum
2476 2292 2647 2348 tollit.

1562 2362 1737 2413 Verba
1785 2378 1915 2429 ergo
1961 2362 2059 2413 Dei
2129 2371 2309 2413 mente
2361 2362 2652 2414 retinenda

1563 2442 1711 2495 sunt,
1741 2443 1794 2485 et
1821 2434 1962 2485 sicut
1993 2449 2180 2485 semen
2210 2435 2314 2484 sub
2348 2443 2490 2483 terra
2511 2472 2528 2493 ,
2565 2434 2650 2485 ita

1562 2504 1786 2555 verbum
1813 2504 1910 2555 Dei
1931 2504 1990 2554 in
2008 2505 2269 2557 memoria
2290 2505 2449 2556 debet
2467 2507 2651 2558 occul-

1561 2575 1663 2627 tari
1697 2587 1762 2628 ut
1793 2576 2094 2629 fructificet.
2124 2578 2294 2642 Quia,
2338 2578 2647 2629 secundum

1564 2647 1914 2713 Gregorium,
1957 2648 2097 2699 sicut
2137 2648 2202 2698 de
2250 2649 2366 2714 ejus
2400 2648 2512 2699 vita
2538 2650 2649 2701 de-

1562 2727 1808 2784 speratur
1844 2718 1962 2785 qui,
2011 2720 2301 2786 languente
2339 2720 2648 2782 stomacho,

1561 2789 1819 2842 alimenta
1857 2806 1967 2841 non
2021 2791 2242 2855 retinet;
2292 2792 2372 2842 sic
2422 2800 2650 2844 aeternae

1563 2861 1757 2912 mortis
1804 2861 2106 2929 periculum
2145 2862 2436 2913 formidare
2483 2862 2653 2916 debet

1560 2932 1660 3000 qui
1680 2933 1841 2984 verba
1870 2933 2017 2995 vitae,
2046 2934 2104 2985 id
2139 2943 2223 2984 est
2252 2933 2513 2985 alimenta
2549 2934 2650 2998 ju-

1562 3003 1747 3067 stitiae,
1790 3004 1850 3057 in
1899 3004 2163 3056 memoria
2204 3021 2320 3056 non
2372 3013 2540 3056 tenet.
2581 3033 2650 3046 --

1558 3075 1732 3128 Aliud
1768 3075 1959 3127 cecidit
1992 3090 2165 3143 supra
2192 3083 2410 3142 petram
2426 3113 2445 3139 ,
2474 3074 2531 3125 id
2554 3086 2652 3129 est

1560 3160 1726 3212 supra
1766 3161 1858 3197 cor
1904 3154 2181 3212 petrosum
2234 3155 2289 3198 et
2328 3146 2530 3196 durum
2582 3161 2650 3200 aa

1560 3217 1777 3280 rebelle,
1789 3228 1845 3269 et
1856 3227 2168 3284 protervum
2182 3234 2278 3284 per
2292 3218 2612 3284 superbiam
2629 3235 2646 3282 ;

1560 3293 1613 3340 et
1639 3293 1824 3340 natum
1851 3289 2034 3341 statim
2063 3291 2178 3340 sole
2200 3299 2253 3341 et
2278 3289 2490 3340 fervore
2515 3297 2651 3344 ten-

1561 3359 1783 3412 tationis
1816 3370 1955 3422 orto,
1983 3361 2151 3424 aruit,
2181 3370 2236 3412 et
2264 3361 2512 3428 vigorem
2540 3376 2647 3414 seu

1559 3430 1796 3482 virorem
1822 3431 1948 3483 fidei
1978 3431 2231 3498 perdidit,
2257 3433 2387 3498 quia
2410 3445 2515 3482 non
2532 3431 2650 3483 ha—

1563 3502 1717 3553 bebat
1741 3501 2081 3555 altitudinem
2109 3509 2295 3564 terrae,
2341 3502 2397 3553 id
2430 3511 2513 3553 est
2539 3512 2651 3556 sta·

1564 3571 1827 3625 bilitatem
1855 3573 2154 3639 patientiae,
2183 3580 2235 3625 et
2258 3573 2648 3625 humor-emda-

1561 3642 1800 3695 votionis
1847 3653 1904 3698 et
1966 3645 2171 3711 gratiae.
2226 3645 2311 3696 Hi
2371 3650 2497 3695 sumt
2546 3645 2652 3710 qni

1561 3715 1790 3767 audiunt
1820 3725 1874 3769 et
1900 3717 2087 3784 aliquo
2113 3719 2279 3770 modo
2315 3717 2651 3782 afficiuntur,

1562 3790 1656 3840 sed
1680 3805 1792 3841 non
1820 3802 2134 3858 proponunt
2171 3792 2349 3843 facere
2372 3792 2522 3858 quod
2551 3790 2653 3842 di-

1562 3860 1728 3925 citur;
1770 3864 1918 3917 unde
1970 3880 2083 3915 non
2125 3864 2396 3915 radicatur
2443 3862 2505 3913 in
2561 3862 2650 3915 eis

1562 3932 1792 3988 verbum
1825 3950 1923 4003 per
1948 3936 2156 3990 bonum
2177 3936 2543 4006 propositum.
2577 3935 2643 3987 In
