2757 4413
445 312 553 382 678

447 441 749 482 mereantur
801 429 985 480 audire
1031 445 1045 478 ε
1095 427 1507 479 Immolaverunt

448 502 744 562 daemoniiS,
786 507 838 551 et
877 514 979 551 non
1023 500 1140 550 Deo
1154 515 1175 562 ,·
1220 499 1327 549 diis
1372 512 1504 562 quos

446 573 779 640 ignorabant
810 589 827 622 .·
855 589 883 618 n
927 570 1038 620 haec
1073 568 1166 619 ubi
1204 583 1382 633 supra.
1417 567 1504 617 Sic

446 659 571 710 ergo
608 641 841 709 praedicti
879 639 1062 690 miseri
1105 650 1215 690 tam
1262 654 1505 704 perverse

447 716 723 781 litigand0,
766 729 928 780 quam
976 712 1240 763 malitiose
1282 711 1504 761 tacendo

448 787 786 839 daemonibus
813 784 1070 845 serviunt,
1094 784 1188 850 qui
1217 783 1506 849 utrobique

449 874 507 910 se
533 859 823 923 ingerendo
865 857 942 908 eis
968 857 1217 906 illudunt.
1260 855 1503 915 Quorum

448 929 726 980 illusiones
763 944 874 978 non
919 927 1265 986 incurrerent,
1310 925 1355 976 si
1399 941 1505 975 non

448 999 645 1061 fictam,
692 999 786 1048 sed
823 1013 1003 1048 veram
1048 996 1408 1047 humilitatem
1455 1006 1506 1046 et

450 1071 723 1122 caritatem
769 1071 1054 1132 haberent3
1082 1069 1209 1135 quia
1249 1084 1345 1119 nec
1378 1079 1508 1118 tunc

988 311 1226 363 PRIMAE
1261 307 1516 361 PARTIS
1542 307 1776 359 CAPUT
1809 308 2041 360 LXXIV.

1614 441 1681 491 pe
1708 425 1911 490 absque
1937 418 2117 474 fratris
2138 423 2327 474 offensi
2355 424 2620 476 reconcilia·
2704 446 2705 481 ς

1612 495 1761 545 tione
1782 495 2036 545 accedunt
2056 497 2120 545 ad
2155 495 2345 558 altare3
2375 505 2424 544 et
2456 495 2524 544 sic
2550 510 2621 545 ac·
2704 494 2705 515 ¹

1612 567 1854 616 cedentes
1889 565 2155 631 judicium
2205 565 2311 615 sibi
2348 565 2621 616 manducant
2704 604 2705 627 ff

1612 642 1664 686 et
1693 637 1869 688 bibunt
1884 655 1906 700 ,·
1928 646 1979 688 et
2011 636 2234 703 insuper
2262 652 2295 686 a
2319 636 2516 686 diabolo
2547 652 2622 687 ex-
2704 638 2705 719 ᾗ

1614 709 1806 770 caecati,
1835 710 2157 775 quandoque
2181 724 2241 759 se
2263 709 2538 759 excusando
2555 708 2622 758 di-

1614 791 1738 831 cunt
1782 797 1797 830 τ
1850 781 1977 847 quia
2023 781 2162 830 nihil
2205 781 2450 831 adversus
2491 780 2621 830 alium

1614 852 1813 902 habent
1822 867 1837 915 ;
1865 868 1974 902 non
2002 851 2375 918 intelligentes,
2397 851 2528 918 quia,
2557 866 2623 902 se-

1613 925 1849 975 cundum
1887 925 2252 990 Evangelium,
2282 924 2530 974 attendere
2550 924 2623 973 de·
2704 982 2705 989 ἵ

1616 996 1760 1056 bent,
1786 995 1830 1045 si
1861 996 1998 1046 alius
2025 995 2279 1045 adversus
2301 1011 2390 1046 eos
2407 994 2523 1061 quid
2546 993 2623 1043 ha-

1615 1066 1719 1116 bet.
1781 1065 1964 1124 Aufer,
2015 1065 2265 1127 Domine,
2321 1064 2623 1132 opprobrium

449 1142 517 1192 ad
541 1151 740 1191 tantam
764 1139 1153 1206 impatientiam
1176 1139 1504 1191 devenirent.

451 1213 536 1274 Et,
562 1213 707 1278 quod
736 1212 912 1263 adhuc
943 1213 1093 1278 pejus
1120 1221 1216 1271 est,
1240 1211 1371 1261 tales
1399 1226 1506 1261 sae-

1615 1139 1804 1189 talium
1835 1154 2204 1204 perversorum
2231 1155 2263 1190 a
2284 1139 2525 1205 religione
2547 1152 2624 1188 ser-

1614 1227 1806 1261 vorum
1829 1221 2065 1262 tuorum.

1426 1457 1696 1510 ORATIO

512 1629 559 1679 O
588 1643 711 1679 vera
740 1628 928 1691 virtuS‚
960 1628 1087 1693 ejice
1126 1643 1157 1678 a
1191 1642 1278 1678 me
1305 1628 1634 1679 daemonium
1667 1644 1760 1695 per
1794 1628 2203 1680 contritionem!
2233 1631 2283 1681 O
2315 1630 2531 1680 Verbum
2562 1628 2629 1677 Pa·
2704 1626 2705 1687 ξ

448 1699 567 1762 tris,
590 1714 719 1750 sana
750 1710 963 1749 mutum
1011 1714 1104 1764 per
1138 1698 1557 1749 confessionem!
1594 1699 1641 1749 O
1686 1699 1877 1750 intima
1919 1700 2027 1760 lux,
2061 1699 2315 1751 illumina
2341 1715 2521 1773 caecum
2557 1712 2627 1764 pet
2704 1712 2705 1715 ¹

450 1771 897 1821 satisfactionem!
930 1770 995 1821 Et
1027 1779 1088 1820 ut
1106 1769 1259 1827 fortis
1277 1781 1514 1822 armatus
1533 1786 1622 1820 me
1647 1787 1755 1821 non
1788 1771 2074 1837 possideat,
2095 1771 2344 1823 universa
2368 1785 2503 1823 arma
2524 1770 2624 1835 ejus,
2704 1774 2705 1779 ’

450 1842 652 1894 scilicet
670 1843 809 1893 vires
837 1842 1029 1892 animae
1059 1857 1192 1892 meae
1234 1843 1516 1895 interiores
1543 1855 1595 1894 et
1618 1844 1855 1910 corporis
1899 1860 2086 1895 sensus
2118 1846 2404 1903 exteriores
2430 1844 2481 1894 in
2506 1853 2626 1893 tuum

452 1925 698 1965 converte
721 1915 1059 1980 obsequium.
1081 1915 1224 1981 Opto
1242 1915 1402 1966 etiam
1421 1927 1474 1966 et
1494 1917 1756 1976 desidere,
1785 1918 1928 1968 Deus
1949 1917 2231 1979 altissime,
2262 1929 2322 1968 ut
2343 1916 2629 1985 quotiescun-

455 2001 561 2052 que
589 1986 857 2052 malignus
888 1987 1109 2053 spiritus
1135 1987 1524 2039 abominandas
1561 1988 1911 2055 cogitationes
1945 1990 2295 2055 blasphemiae
2322 1989 2450 2040 mihi
2477 1986 2628 2038 immi-

455 2058 604 2119 serit,
624 2059 783 2109 toties
818 2075 881 2110 ex
907 2071 1029 2110 voto
1050 2059 1295 2110 omnium
1324 2059 1716 2110 desideriorum
1745 2077 1990 2112 meorum
2019 2061 2310 2113 ineffabilis
2332 2064 2447 2113 laus
2467 2070 2512 2110 et
2534 2071 2629 2124 gra·

456 2129 653 2181 tiarum
690 2131 828 2181 actio
857 2132 955 2182 tibi
984 2132 1054 2182 sit
1082 2131 1137 2181 in
1166 2141 1447 2198 perpetuas
1473 2132 1808 2193 aeternitates,
1839 2143 1892 2184 et
1912 2133 2250 2199 blasphemia
2283 2150 2379 2187 sua
2400 2147 2559 2186 secum
2576 2126 2631 2179 sit

457 2201 512 2253 in
535 2202 909 2268 perditionem.
934 2205 1125 2256 Amen.

1073 2537 1078 2540 ’
1167 2596 1173 2599 ⁴
1218 2580 1556 2652 CAPUT
1602 2584 1900 2655 LXXIV

454 2854 559 2921 De
595 2853 866 2924 Judaeis
910 2855 1191 2946 signum
1242 2857 1326 2925 de
1372 2856 1540 2926 coelo
1590 2859 2087 2950 quaerentz‘buS,
2151 2872 2222 2930 et
2270 2857 2356 2931 de
2396 2854 2620 2952 spiritu

1016 2969 1370 3039 immundo
1409 2971 1578 3041 olim
1628 2976 1836 3060 ejecto
1870 2973 1958 3042 ab
1995 2974 2116 3044 eis,

1258 3221 1546 3286 Matthaei
1587 3243 1722 3306 cap.
1767 3244 1861 3286 12,

521 3474 540 3509 1
590 3458 886 3510 Junaeonuu
926 3470 1078 3507 simu
1124 3474 1190 3509 nr:
1235 3474 1382 3510 ecem
1415 3476 1513 3511 rr:-

448 3545 686 3583 τεκτιυιι
725 3546 869 3580 mn
915 3544 1182 3591 mrem-rio.
1220 3559 1281 3569 —
1315 3531 1513 3583 Finitis

447 3611 627 3651 autem
666 3601 844 3652 verbis
871 3598 1087 3650 Domini
1114 3600 1364 3653 adversus
1392 3603 1512 3654 bla-

1617 3467 1790 3512 centes
1841 3479 1858 3513 .-

1615 3619 1846 3672 cunque,
1886 3606 1978 3657 sed
2024 3607 2092 3658 de
2147 3608 2295 3658 coe10.
2340 3600 2633 3671 Reputabant

1910 3462 2205 3530 Magister,
2254 3462 2483 3515 volumus
2525 3471 2556 3509 a
2595 3458 2635 3502 te
2704 3439 2705 3510 J

1617 3532 1831 3598 signum
1863 3533 2061 3596 videre,
2103 3532 2305 3585 scilicet
2353 3548 2457 3583 non
2483 3524 2631 3596 quod·
2704 3549 2705 3570 ÷

448 3672 750 3739 sphemiam
776 3672 1086 3723 Scribarum
1125 3683 1178 3725 et
1211 3673 1511 3727 Pharisaeo-

447 3758 589 3804 rum,
648 3743 862 3809 quidam
918 3757 994 3794 ex
1055 3743 1133 3794 eis
1183 3746 1510 3811 procaciores

444 3814 683 3865 volentes
726 3814 952 3881 experiri
987 3814 1316 3867 voluntatem
1344 3816 1509 3868 Chri-

450 3883 539 3948 sti,
568 3893 620 3936 et
641 3899 825 3953 capere
844 3902 987 3950 eum,
1008 3886 1410 3954 responderunt,
1435 3888 1512 3943 di·

1615 3678 1758 3727 enim
1820 3677 2075 3730 miracula
2122 3678 2322 3731 Christi
2376 3689 2535 3744 parva,
2580 3682 2633 3719 00

1615 3752 1759 3815 quod
1807 3760 1956 3802 erant
2016 3761 2075 3803 ut
2128 3751 2474 3803 communiter
2519 3744 2633 3796 circa

1612 3817 1881 3883 inferiora,
1905 3831 2088 3888 utpote
2111 3821 2249 3873 circa
2275 3820 2509 3872 sanitates
2529 3826 2634 3865 cot·-

1609 3904 1804 3955 porum
1828 3900 1880 3943 et
1902 3892 2118 3945 similia.
2140 3893 2262 3946 Ideo
2274 3890 2559 3960 quaerebant
2577 3880 2633 3935 ab
