2757 4413
273 256 280 265 *
318 299 422 367 738

922 291 1162 345 PRIMAE
1205 287 1459 340 PARTIS
1511 284 1744 337 CAPUT
1777 285 2029 336 LXXXII.

302 417 386 468 vel
407 415 509 466 alia
538 411 880 478 impedientia
931 409 1066 460 mihi
1094 418 1355 458 aeternum
1381 403 1733 455 intercludant
1767 401 2103 463 convivium3
2156 400 2248 451 sed
2283 400 2378 466 qui
2423 415 2552 451 sum

305 501 506 554 pauper
532 485 589 534 in
610 483 779 563 gratia
806 493 857 533 et
882 481 1097 539 virtute,
1128 489 1180 529 et
1219 477 1414 528 debilis
1437 478 1493 526 in
1520 475 1660 524 bona
1685 473 2010 539 operatione,
2041 488 2099 523 ac
2130 487 2305 522 caecus
2332 472 2389 521 in
2423 486 2553 554 vera

306 560 629 627 cognitione,
654 568 705 608 et
726 556 946 607 claudus
972 555 1030 605 in
1060 564 1198 604 recta
1245 551 1545 610 affectione,
1575 563 1662 598 me
1707 547 2121 598 misericorditer
2162 547 2465 596 introducat
2488 561 2551 596 in

310 631 566 697 idipsum.
586 631 777 680 Amen.

1072 927 1408 998 CAPUT
1478 922 1814 993 LXXXII

663 1188 767 1255 De
804 1183 1229 1276 Scenopegia
1247 1179 1655 1274 festivitate
1694 1181 1749 1248 J
1748 1182 2136 1251 udaeorum.

382 1453 400 1487 1
442 1436 581 1496 Qum
614 1432 972 1485 SCENOPEGIA?
1000 1460 1059 1470 —
1088 1431 1227 1482 Post
1261 1431 1375 1482 hoec

309 1507 617 1560 ambulabat
654 1516 707 1556 et
741 1506 988 1555 manebat
1014 1504 1189 1554 adhuc
1212 1504 1374 1553 Jesus

310 1580 363 1631 in
397 1577 684 1630 Galiloeam
712 1576 954 1626 docendo
992 1575 1047 1624 in
1079 1573 1374 1639 synanogis

311 1663 528 1710 eorum;
570 1663 670 1698 non
718 1647 855 1697 enim
905 1645 1115 1697 volebat
1159 1644 1212 1694 in
1267 1644 1372 1693 Ju-

310 1723 486 1773 daeam
522 1720 812 1781 ambulare,
843 1719 967 1784 quia
1003 1717 1186 1768 Judaei
1220 1731 1373 1781 quae-

308 1792 499 1844 rebant
538 1805 651 1841 eum
693 1790 1004 1854 interficere.
1047 1788 1194 1838 Licet
1225 1787 1372 1836 enim

309 1873 490 1929 posset
541 1862 681 1910 inter
736 1875 827 1910 eos
881 1860 1000 1910 sine
1053 1860 1371 1909 documento

311 1948 446 1992 esse,
497 1931 669 1981 voluit
709 1940 889 1979 tamen
928 1929 1213 1995 aliquando
1251 1941 1373 1980 ante

307 2013 522 2068 tempus
551 2000 838 2061 Passionis,
874 2016 930 2051 se
957 2001 1024 2051 ab
1051 2000 1129 2051 eis
1156 2001 1373 2051 subtra-

311 2077 442 2128 here
467 2092 481 2126 :
503 2075 697 2141 prim0‚
727 2074 934 2125 ratione
955 2075 1059 2134 sui,
1087 2074 1214 2140 quia
1243 2091 1373 2125 non-

302 2149 433 2199 dum
476 2155 687 2205 venerat
737 2156 949 2214 tempus
1004 2162 1112 2213 quo
1164 2146 1373 2197 volebat

301 2220 504 2284 occidi3
565 2219 799 2269 secundo
820 2258 836 2279 ,
901 2218 1108 2269 ratione
1169 2217 1367 2278 nostri,

298 2302 362 2342 ut
404 2301 641 2341 nostram
680 2290 1045 2340 consolaretur
1077 2287 1369 2338 infirmita-

298 2372 428 2423 tem,
459 2361 638 2411 dando
665 2360 823 2410 nobis
853 2362 1158 2426 exemplum
1177 2398 1191 2419 ‚
1222 2360 1367 2425 quod

296 2445 589 2496 possumus
628 2430 925 2495 aliquando
949 2428 1214 2479 declinare
1242 2443 1368 2493 per-

295 2501 656 2563 secutionem;
702 2501 877 2559 tertio,
917 2500 1120 2549 ratione
1149 2500 1368 2549 Judaeo-

299 2588 452 2633 rum,
497 2588 565 2621 ne
599 2587 821 2621 manens
851 2571 906 2620 in
950 2570 1130 2620 medio
1156 2585 1365 2630 eorum,

300 2642 474 2707 magis
503 2656 593 2691 eos
618 2640 863 2690 incitaret
894 2640 950 2689 in
981 2639 1186 2689 odium.
1222 2640 1368 2689 Erat

298 2718 474 2761 autem
515 2711 568 2761 in
614 2710 867 2774 proximo
914 2709 1031 2759 dies
1050 2708 1233 2774 festus
1260 2710 1367 2759 Ju-

300 2782 561 2844 dceorum,
606 2780 960 2847 scenopegia,
999 2780 1053 2830 id
1092 2790 1172 2830 est
1212 2778 1368 2830 festi-

298 2851 436 2901 vitas
464 2852 973 2914 Tabernaculorum,
1008 2851 1225 2917 quando
1265 2852 1376 2901 ha-·

301 2921 545 2971 bitabant
582 2921 679 2971 filii
727 2923 885 2971 Israel
916 2922 973 2970 in
1010 2921 1368 2972 tabernaculis

302 3002 510 3057 septem
557 2993 767 3051 diebus,
805 2994 906 3042 sub
947 2993 1139 3043 umbra
1184 3008 1367 3043 ramo-

301 3081 464 3128 rum,
514 3065 573 3114 in
622 3064 1036 3115 similitudinem
1080 3075 1131 3116 et
1170 3082 1370 3116 merno-

299 3137 437 3187 riam
503 3137 967 3187 tabernaculorum
990 3176 1004 3198 ,
1048 3138 1105 3187 in
1166 3138 1368 3205 quibus

301 3205 681 3256 habitaverunt
744 3218 917 3272 patres
971 3222 1192 3269 eorum,
1244 3225 1367 3260 cum

300 3280 476 3331 educti
521 3296 585 3330 ex
615 3280 857 3345 ..Egypto
906 3282 1369 3348 peregrinarentur

302 3351 358 3402 in
387 3367 604 3416 eremo;
647 3352 793 3401 velut
832 3352 1235 3404 reminiscentes
1273 3356 1368 3406 be-

303 3422 494 3473 neficia
519 3420 760 3481 Domini,
782 3422 876 3487 qui
902 3435 1048 3473 erant
1071 3425 1367 3477 Dominum

302 3491 549 3543 occisuri.
596 3491 668 3542 Et
718 3501 798 3541 est
844 3492 1165 3558 Scenopegia
1204 3495 1369 3549 dictio

304 3564 503 3627 Graeca,
521 3561 819 3628 composita
842 3576 872 3611 a
891 3558 1018 3617 σκιὰ
1045 3564 1126 3612 vel
1155 3564 1366 3643 σχένος,

302 3643 449 3708 quod
500 3652 581 3693 est
622 3642 831 3701 umbra,
877 3651 929 3692 et
974 3640 1186 3716 φάγειν,
1221 3654 1365 3717 quod

304 3722 383 3763 est
422 3715 726 3778 comedere3
776 3713 903 3779 quia
943 3713 1000 3762 in
1038 3714 1366 3764 umbraculis

305 3783 673 3844 comedebant,
697 3784 920 3834 durante
950 3782 1042 3834 illa
1060 3781 1363 3835 festivitate.

304 3850 376 3903 Et
417 3853 794 3918 celebrabatur,
827 3853 1058 3918 collectis
1104 3852 1368 3905 fructibus

1479 1430 1628 1489 anni,
1658 1429 1712 1479 in
1739 1429 2031 1494 septembri
2061 1444 2246 1479 mense
2283 1428 2554 1495 septim03

1479 1501 1606 1568 quia
1649 1501 1741 1552 illo
1797 1512 2037 1567 ternpore
2078 1517 2186 1568 quo
2230 1516 2348 1551 uvae
2399 1510 2558 1552 erant

1478 1574 1820 1639 colligendae,
1850 1574 2130 1624 exiverunt
2156 1575 2221 1624 de
2258 1574 2425 1625 eremi
2466 1585 2556 1625 ta-

1482 1644 1796 1704 bernaculis,
1847 1655 1898 1695 et
1936 1655 2199 1694 venerunt
2245 1645 2301 1695 in
2350 1656 2553 1697 terram

1481 1717 1886 1784 promissionis,
1965 1718 2109 1768 unde
2185 1719 2553 1783 exploratores

1481 1797 1823 1853 portaverunt
1866 1789 1922 1837 in
1953 1798 2098 1838 vecte
2128 1803 2276 1837 uvas.
2310 1789 2375 1838 Et
2419 1799 2552 1839 tunc

1479 1857 1647 1909 Judaei
1708 1859 2020 1909 habitabant
2076 1859 2133 1908 in
2185 1858 2551 1922 umbraculis,

1479 1928 1608 1995 quia
1638 1939 1813 1994 patres
1841 1943 2029 1980 eorum
2062 1945 2155 1995 per
2197 1930 2555 1995 quadraginta

1478 2016 1650 2051 annos
1680 2001 1993 2051 habitabant
2022 2001 2079 2050 in
2107 2000 2486 2051 tabernaculis.

1543 2090 1572 2123 2
1607 2075 1892 2124 Aurcoaun
1917 2089 2221 2123 cAnNALmu
2264 2088 2552 2124 consteruit

1477 2161 1708 2203 NEQUAM.
1745 2173 1806 2183 —-
1847 2144 2173 2194 Imminente
2204 2143 2371 2210 igitur
2414 2145 2552 2195 Sce-

1479 2220 1721 2284 nopegia,
1745 2218 1980 2284 fratreS,
2018 2217 2071 2267 id
2107 2228 2186 2268 est
2216 2218 2554 2284 consangui-

1478 2289 1563 2339 nei
1593 2288 1832 2349 Domini,
1880 2304 1990 2337 non
2022 2286 2298 2353 Apostoli,
2334 2288 2425 2337 sed
2456 2288 2552 2339 alii

1477 2359 1769 2425 propinqui
1809 2359 1922 2422 ejus
1952 2357 2270 2424 cognatione
2301 2373 2363 2407 ex
2402 2370 2553 2423 parte

1478 2430 1719 2495 Virginis
1771 2429 1982 2489 Mariae,
2015 2428 2141 2498 quia
2167 2427 2420 2478 viderunt
2461 2428 2554 2494 ip-

1475 2516 1596 2551 sum
1647 2517 1756 2550 non
1798 2515 1914 2550 esse
1964 2509 2207 2564 paratum
2253 2499 2317 2548 ad
2355 2515 2553 2549 ascen-

1474 2574 1748 2636 dendum,
1800 2573 2097 2623 invitabant
2150 2588 2275 2623 eum
2345 2583 2406 2623 ut
2478 2574 2551 2623 ad

1474 2644 1616 2694 diem
1646 2643 1842 2694 festum
1874 2644 1929 2693 in
1970 2644 2280 2703 Jerusalem,
2317 2660 2438 2710 quae
2467 2659 2553 2694 ca-

1475 2726 1570 2781 put
1618 2714 1766 2780 regni
1822 2724 1920 2773 est,
1979 2714 2301 2773 ascenderet,
2356 2714 2552 2780 ibique

1473 2784 1699 2851 gloriam
1734 2784 2114 2835 miraculorum
2138 2785 2459 2841 ostenderet,
2492 2794 2551 2836 et

1474 2871 1531 2905 se
1562 2854 1942 2906 manifestaret.
1970 2854 2218 2905 Christus
2249 2854 2397 2904 enim
2437 2855 2548 2904 ha·-

1475 2928 1632 2978 bebat
1671 2928 1935 2993 quosdam
1961 2937 2216 2992 cognatos
2245 2927 2548 2976 secundum

1473 3014 1709 3056 carnem,
1753 2998 1847 3064 qui
1888 3013 2036 3048 more
2080 2997 2550 3063 Judaeorumfra-

1480 3075 1591 3119 tres
1644 3068 1972 3119 dicebantur.
2027 3068 2098 3117 Et
2147 3068 2407 3118 dixerunt
2467 3068 2551 3118 ad

1474 3154 1589 3190 eum
1621 3158 1636 3190 .·
1680 3140 1883 3190 Transi
1927 3140 2063 3202 hinc,
2099 3145 2151 3188 et
2183 3138 2322 3188 vade
2343 3139 2397 3188 in
2426 3139 2548 3189 'Ju-

1474 3214 1667 3277 daeam,
1725 3213 1830 3263 hoc
1877 3223 1957 3263 est
2000 3213 2293 3263 Jerusalem
2345 3212 2550 3263 Judaeae

1475 3283 1836 3349 metropolim,
1878 3290 1937 3333 ut
1970 3289 2020 3333 et
2055 3282 2308 3347 'discipuli
2340 3283 2443 3344 tui,
2487 3283 2549 3332 id

1474 3364 1554 3405 est
1600 3354 1771 3404 turbae
1816 3364 1868 3404 te
1919 3364 2200 3419 sequentes
2223 3391 2236 3413 ,
2283 3368 2378 3403 seu
2422 3353 2548 3405 aliae

1473 3429 1835 3493 undecunque
1869 3427 1997 3478 illuc
2024 3426 2412 3485 convenienteS‚
2451 3426 2547 3476 vi-

1477 3500 1636 3550 deant
1666 3513 1831 3564 opera
1868 3504 1960 3547 tua
2011 3506 2064 3547 et
2095 3496 2377 3556 miracula,
2420 3510 2547 3561 quoe

1464 3568 1633 3634 sacis.
1695 3570 1770 3618 Ac
1831 3565 1896 3627 si,
1950 3567 2246 3617 secundum
2298 3566 2544 3627 Bedam,

1473 3641 1656 3706 dicant
1684 3658 1698 3690 ι
1731 3640 1817 3690 Tu
1844 3640 1999 3705 signa
2025 3638 2187 3701 facis;
2214 3648 2265 3688 et
2292 3637 2449 3704 pauci
2479 3653 2547 3689 ea
2597 3673 2609 3692 a

1473 3711 1675 3761 vident.
1712 3710 1905 3760 Transi
1938 3725 2064 3775 ergo
2104 3709 2170 3758 ad
2208 3708 2412 3774 regiam
2440 3723 2548 3757 ur-

1473 3783 1595 3833 bem
1629 3781 1723 3833 ubi
1753 3792 1879 3832 sunt
1914 3780 2200 3848 principes,
2229 3791 2290 3830 ut
2319 3780 2377 3830 in
2407 3780 2547 3832 visis

1473 3855 1646 3922 signis
1691 3856 1903 3906 laudem
1944 3853 2286 3921 consequaris
2327 3855 2395 3905 ab
2438 3853 2543 3907 eis.
