2757 4413
416 258 525 327 496

415 372 525 424 nisi
548 382 763 438 propter
783 370 911 421 finis
926 367 1343 424 assecutionem,
1364 364 1486 414 ideo

412 445 481 494 de
504 443 637 509 ipsis
666 458 778 492 non
803 451 1036 500 curatur,
1056 438 1163 489 nisi
1189 437 1334 503 quod
1360 434 1489 485 finis

412 513 703 574 habeatur3
732 521 949 578 propter
979 510 1125 576 quod
1148 523 1260 558 non
1286 516 1368 556 est
1389 521 1490 555 cu-

412 583 645 634 randum
684 582 753 632 de
792 581 903 631 vita
949 577 1233 646 praesenti,
1281 576 1375 626 sed
1421 575 1489 625 de

407 656 744 708 assecutione
763 654 888 706 vitae
899 664 1126 704 aeternae.
1138 651 1292 703 Unde
1316 649 1492 714 Chry-

412 733 681 779 sostomus
705 743 722 776 .-
747 743 777 772 c<
809 724 1004 774 Melius
1022 732 1103 773 est
1123 737 1219 786 pro
1245 731 1489 785 tempore

411 799 552 853 mori
580 808 633 849 et
659 798 719 848 in
750 806 1066 863 perpetuum
1097 795 1290 856 vivere,
1323 807 1488 858 quam

411 888 511 938 pro
540 881 781 936 tempore
808 870 985 920 vivere
1008 879 1061 919 et
1082 868 1143 917 in
1167 876 1488 933 perpetuum

411 944 572 995 mori.
608 943 663 993 Si
694 943 784 992 ille
814 957 912 1006 pro
928 941 1091 991 nobis
1109 949 1362 989 mortuus
1385 948 1488 997 est,

410 1015 506 1082 qui
537 1013 677 1064 mori
702 1029 814 1064 non
838 1021 1059 1079 poterat,
1081 1011 1190 1062 nisi
1208 1010 1488 1069 voluisset,

410 1097 616 1154 quanto
643 1087 817 1153 magis
852 1102 952 1137 nos
978 1101 1077 1152 pro
1116 1101 1181 1136 eo
1212 1084 1355 1134 mori
1385 1083 1486 1133 de-

408 1160 632 1220 bemus,
670 1158 767 1225 qui
795 1158 894 1209 etsi
925 1159 1201 1218 nolumus,
1230 1156 1487 1207 mortales

408 1241 593 1283 tamen
613 1247 806 1282 sumus
828 1231 848 1281 ἓ
879 1231 936 1280 Si
956 1229 1227 1280 Dominus
1240 1245 1340 1295 pro
1366 1244 1486 1279 ser-

405 1319 477 1353 vo
500 1312 748 1353 mortuus
773 1311 873 1361 est,
894 1310 948 1351 et
975 1301 1079 1351 hoc
1099 1300 1219 1350 sine
1241 1299 1483 1366 praemi0,

407 1372 604 1438 justius
658 1382 742 1422 est
771 1381 833 1422 ut
880 1386 1068 1421 servus
1111 1385 1210 1436 pro
1248 1370 1484 1421 Domino

406 1446 699 1507 moriatur,
747 1457 801 1496 et
850 1446 953 1495 hoc
997 1461 1121 1495 curn
1164 1443 1423 1511 proemio!
1455 1463 1485 1491 ιι

407 1521 564 1573 Unde
604 1531 658 1571 et
685 1520 1026 1586 Augustinus
1052 1536 1070 1570 .·
1095 1537 1123 1566 ιι
1158 1519 1280 1569 Non
1309 1519 1482 1570 habe-

407 1590 496 1640 bat
521 1590 615 1640 ille
636 1605 804 1657 quare
820 1598 1134 1649 moreretur,
1157 1599 1209 1640 et
1234 1599 1483 1641 mortuus

403 1673 519 1728 est;
557 1673 620 1713 tu
663 1663 846 1722 haber»,
877 1671 931 1711 et
958 1677 1124 1728 quare
1150 1662 1291 1712 mori
1323 1661 1482 1713 dedi-

404 1735 623 1802 gnaris?
667 1735 900 1800 Dignare
949 1749 1106 1800 aequo
1147 1734 1332 1784 animo
1371 1733 1482 1800 pati

405 1821 503 1872 per
543 1806 800 1856 meritum
845 1814 1032 1864 tuum,
1078 1804 1225 1870 quod
1254 1804 1347 1854 ille
1372 1803 1481 1870 pati

402 1876 658 1942 dignatus
713 1885 812 1934 est,
849 1885 912 1924 ut
958 1884 1012 1925 te
1062 1890 1094 1925 a
1154 1875 1483 1941 sempiterna

403 1955 580 1996 morte
611 1945 881 1995 liberaret.
909 1962 939 1991 n
968 1943 1126 1995 Circa
1163 1945 1480 2010 praedictum

404 2016 701 2066 secumdum
731 2013 1204 2079 impedimentum,
1230 2024 1359 2064 nota
1390 2014 1482 2065 hic

405 2103 506 2152 pro
550 2084 906 2137 edificatione
952 2086 1278 2150 exemplum.
1343 2087 1481 2136 Nam

402 2175 529 2210 cum
570 2157 793 2226 quidam
849 2157 1150 2208 monachus
1192 2157 1481 2209 devotione

400 2241 586 2283 motus
632 2229 800 2280 vitam
840 2239 1104 2280 austeram
1146 2230 1388 2294 duceret,
1429 2239 1485 2281 et

400 2313 649 2370 parentes
676 2301 782 2363 sui,
832 2302 934 2352 hoc
965 2302 1198 2370 cognito,
1244 2304 1315 2354 ad
1355 2318 1482 2355 eum

399 2374 673 2424 venientes
708 2372 890 2438 ipsum
929 2388 1093 2439 super
1133 2374 1238 2424 hoc
1285 2389 1483 2441 argue-

401 2455 540 2505 rent,
569 2445 675 2495 tale
702 2443 781 2493 eis
803 2444 953 2494 dedit
972 2460 1311 2511 responsum,
1332 2442 1480 2496 cordi

400 2525 453 2565 et
480 2514 757 2566 memoriae
779 2516 1269 2565 commendandum
1288 2533 1307 2566 ε
1327 2517 1483 2566 Tan-

401 2595 456 2635 ta
492 2596 549 2636 et
602 2584 730 2635 talia
775 2584 987 2644 audivi,
1033 2594 1087 2634 et
1130 2586 1235 2651 legi
1273 2586 1339 2636 de
1371 2586 1481 2637 vita

384 2661 628 2714 'aeterna,
684 2654 829 2719 quod
884 2670 997 2704 non
1042 2670 1171 2704 curo
1210 2666 1478 2722 quantum

398 2724 541 2774 mihi
568 2733 776 2774 constet
807 2734 863 2774 et
890 2724 1023 2790 quid
1063 2726 1356 2791 expendam
1381 2743 1479 2793 pro

401 2809 482 2845 ea.

461 2864 497 2914 6
530 2865 667 2925 Qms
702 2880 845 2915 moa
883 2880 1170 2916 mmmm
1206 2883 1277 2916 ετ
1298 2883 1478 2919 Ama-2

396 2950 640 2985 normae
688 2953 725 2985 A
770 2935 1009 2985 Cuius-ro
1036 2951 1396 2989 neruorum.
1413 2967 1476 2978 —

400 3006 560 3066 Quod
586 3016 766 3056 autern
791 3005 922 3055 dicit
952 3007 1236 3058 Matthaeus
1269 3009 1335 3059 de
1362 3026 1475 3060 non

397 3091 577 3127 amare
623 3087 854 3141 patrem,
883 3086 937 3126 et
982 3077 1317 3141 hujusmodi,
1352 3082 1477 3146 plus

397 3162 561 3212 quam
591 3147 888 3204 Christum,
909 3147 1015 3197 hoc
1031 3147 1191 3198 refert
1210 3150 1382 3201 Lucas
1408 3153 1476 3201 de

396 3218 568 3278 odire,
598 3220 782 3269 dicens
813 3236 826 3269 :
856 3219 924 3269 Si
950 3220 1071 3285 quis
1104 3221 1246 3271 venit
1271 3222 1348 3272 ad
1372 3238 1472 3287 me,

395 3289 453 3339 id
477 3300 558 3341 est
582 3290 698 3340 vult
728 3291 911 3341 venire
939 3306 1036 3357 per
1055 3290 1218 3342 fidem
1245 3294 1472 3345 creden-

397 3363 469 3412 do
530 3365 614 3414 vel
666 3374 865 3415 statum
922 3365 1262 3429 perfeetionis
1312 3383 1474 3419 ascu-

398 3434 616 3494 mend0,
645 3441 697 3484 et
722 3450 826 3485 non
845 3436 961 3486 odit
973 3442 1190 3502 patrem
1214 3452 1392 3502 suum,
1417 3446 1473 3490 et

395 3511 637 3568 matrem,
669 3512 721 3556 et
743 3521 988 3569 uxorem,
1011 3512 1068 3557 et
1085 3507 1247 3570 filios,
1278 3515 1333 3559 et
1345 3510 1473 3575 fta·

398 3581 526 3637 tre-e,
548 3583 602 3626 et
625 3591 859 3641 soror-esi,
878 3577 1055 3628 adhuc
1071 3585 1247 3629 antem
1275 3586 1327 3631 et
1344 3581 1472 3631 ani-

396 3660 539 3696 mam
572 3662 743 3710 suam,
773 3646 829 3697 id
860 3657 943 3698 est
970 3647 1389 3711 animalitatem,
1415 3662 1472 3702 et
1507 3671 1508 3674 ¹

393 3717 563 3768 vitam
608 3718 899 3769 animalem
953 3734 1050 3769 seu
1105 3721 1434 3785 corporalem
1454 3761 1470 3782 ,

396 3802 519 3838 eam
565 3789 958 3839 contemnendo
1003 3800 1221 3855 propter
1260 3791 1467 3852 Deum,

392 3868 611 3925 paratus
633 3875 769 3923 eam,
803 3860 850 3912 si
876 3874 1014 3926 opus
1033 3859 1211 3923 fuerit,
1236 3878 1335 3930 pro
1361 3862 1469 3915 fide

932 301 935 303 ,
1022 251 1260 305 PRIMAE
1288 246 1544 301 PARTIS
1577 245 1811 297 CAPUT
1839 247 1976 298 Ltv.

1594 378 1893 428 exponere,
1938 373 1992 415 et
2027 363 2242 431 eligens
2280 365 2446 436 occidi
2484 367 2676 431 potius

1593 449 1758 498 quam
1813 434 1871 484 in
1915 436 2089 486 Deum
2147 450 2374 502 peceare,
2442 438 2678 505 ejusque

1593 506 1977 571 acquiescendo
2027 506 2310 557 desideriis
2343 508 2675 568 earnalibm,

1594 594 1697 630 non
1742 586 1922 646 potest
1975 594 2126 631 meus
2165 594 2288 631 esse
2337 581 2672 647 discipulus,

1595 650 1743 715 quod
1793 652 1945 702 valde
1989 652 2312 702 damnosum
2359 661 2459 714 est,
2541 653 2680 719 quia

1596 720 1714 786 ipse
1742 732 1822 771 est
1862 722 2074 772 Veritas
2103 732 2162 772 et
2193 737 2318 772 vera
2341 723 2516 773 docet.
2550 724 2676 773 Non

1595 792 1742 857 quod
1768 793 2198 859 propinquorum
2228 803 2475 844 naturam
2515 794 2678 845 odia-

1594 878 1737 923 muS,
1767 864 1860 913 sed
1886 880 1949 914 ea
1974 864 2182 931 quibus
2203 865 2363 915 nobis
2389 866 2444 915 in
2476 866 2678 917 itinere

1593 932 1690 983 Dei
1715 933 1988 984 obsistunt
2012 945 2067 985 et
2102 950 2204 985 nos
2239 935 2566 1001 impediunt,
2608 953 2680 987 ne

1593 1008 1662 1058 ad
1690 1008 1974 1059 Christum
2016 1008 2122 1060 fide
2165 1019 2219 1061 et
2259 1010 2475 1061 caritate
2517 1026 2678 1062 acce-

1593 1082 1803 1133 damus.
1849 1084 2046 1134 Nullus
2089 1084 2237 1135 enim
2271 1085 2401 1135 odio
2439 1094 2521 1136 est
2569 1086 2679 1136 ha-

1595 1153 1834 1216 bendus,
1875 1154 2086 1205 etiamsi
2136 1155 2212 1206 sit
2260 1157 2451 1207 malus
2514 1157 2679 1208 Unde

1593 1227 1815 1277 Boetius
1842 1242 1860 1278 .·
1888 1245 1919 1274 α
1948 1229 2108 1293 Apud
2175 1229 2441 1295 sapientes
2487 1230 2684 1281 nullus

1593 1313 1811 1363 prorsus
1837 1298 1965 1349 odio
1988 1299 2143 1350 locus
2173 1299 2513 1365 relinquitur,
2541 1316 2676 1351 nam

1592 1369 1766 1418 bonos
1791 1383 1931 1433 quos
1959 1369 2067 1419 nisi
2093 1369 2450 1420 stultissimus
2478 1370 2680 1430 oderit,

1592 1441 1763 1490 malos
1803 1454 1931 1489 vero
1975 1439 2183 1501 odisse,
2235 1438 2444 1491 ratione
2479 1453 2674 1495 caret:

1591 1527 1715 1561 nam
1762 1509 1807 1559 si
1862 1511 1944 1561 uti
1977 1527 2264 1577 corporum
2309 1513 2554 1578 languor,
2601 1515 2678 1565 ita

1588 1582 1852 1632 vitiositas
1882 1583 2104 1650 quidem
2145 1593 2229 1633 est
2254 1583 2408 1649 quasi
2442 1586 2682 1637 morbus

1587 1653 1924 1714 animorum,
1956 1669 2080 1704 cum
2105 1668 2277 1719 egros
2300 1669 2523 1720 corpore
2558 1657 2677 1707 mi-

1590 1725 1738 1775 nime
1765 1726 1963 1792 dignos
1993 1725 2139 1786 odio,
2166 1726 2257 1776 sed
2285 1725 2465 1791 potius
2494 1727 2676 1778 mise-

1589 1797 1796 1848 ratione
1820 1797 2140 1863 judicemus,
2159 1797 2335 1847 multo
2355 1796 2531 1863 magis
2553 1815 2674 1850 non

1591 1869 1912 1937 insequendi
1932 1908 1947 1934 ‚
2007 1870 2102 1920 sed
2155 1869 2446 1920 miserendi
2507 1882 2673 1932 sunt,

1590 1955 1825 2006 quorum
1844 1949 2054 1990 mentes
2074 1940 2224 1990 omni
2245 1941 2504 2006 languore
2530 1953 2681 1993 atro-

1587 2011 1704 2061 cior
1729 2020 1885 2076 urget
1923 2010 2241 2077 improbitas
2269 2027 2285 2062 z
2309 2030 2339 2058 π
2368 2011 2484 2062 haec
2521 2014 2675 2066 Boe-

1585 2084 1717 2134 tius.
1759 2083 1916 2134 Unde
1963 2083 2268 2134 excluditur
2309 2083 2401 2135 hic
2453 2084 2680 2137 affectio

1589 2153 1844 2215 carnalis,
1893 2153 2097 2204 scilicet
2132 2169 2285 2204 amor
2324 2154 2676 2209 inordinatus

1587 2234 1866 2292 parentum
1907 2235 1960 2275 et
2001 2226 2429 2290 conjunctorum,
2477 2237 2531 2279 et
2562 2228 2677 2280 hoc

1585 2307 1670 2347 est
1731 2312 1903 2348 unum
1971 2296 2422 2362 impedimentum
2503 2314 2677 2366 supra

1589 2370 1885 2420 secundum
1914 2368 2229 2419 Matthaeum
2249 2369 2410 2419 etiam
2433 2369 2672 2429 dictum,

1588 2443 1734 2508 quod
1762 2442 1917 2491 obest
1956 2443 2190 2507 sequela:
2232 2442 2434 2493 Christi
2479 2453 2533 2495 et
2567 2461 2678 2496 vo-

1588 2512 1822 2563 lentibus
1851 2512 2034 2562 venire
2061 2512 2127 2561 ad
2157 2513 2358 2578 ipsum.
2398 2513 2506 2565 Ubi
2530 2518 2676 2566 Am-

1589 2586 1801 2636 brosius
1845 2601 1862 2636 .·
1903 2603 1930 2631 ιι
1981 2584 2200 2634 Etenim
2251 2586 2297 2636 si
2346 2597 2567 2653 propter
2609 2600 2678 2639 te

1586 2655 1855 2706 Dominus
1901 2669 2014 2705 suae
2075 2657 2403 2709 renuntiavit
2469 2659 2638 2709 matri
2658 2700 2674 2718 ‚

1584 2729 1812 2780 dicens:
1846 2730 1983 2792 Quae
2030 2735 2114 2780 est
2154 2736 2325 2781 mater
2365 2745 2514 2793 mea,
2568 2741 2677 2784 aut

1584 2799 1678 2865 qui
1690 2798 1909 2864 fratres
1932 2799 2050 2862 mei,
2082 2815 2182 2850 cur
2212 2810 2273 2850 tu
2299 2801 2541 2852 Domino
2567 2813 2673 2854 tuo

1585 2870 1770 2936 cupias
1813 2869 2100 2921 anteferri?
2143 2872 2245 2921 Sed
2280 2888 2457 2939 neque
2494 2873 2672 2940 igno-

1585 2960 1700 2996 rare
1734 2955 2003 3005 naturam,
2027 2960 2202 3011 neque
2225 2947 2423 2997 servire
2452 2958 2673 3001 naturae

1537 3061 1544 3069 .
1584 3016 1850 3066 Dominus
1888 3016 2062 3081 jubet3
2121 3017 2215 3066 sed
2257 3016 2332 3067 ita
2381 3018 2674 3086 indulgere

1583 3098 1803 3149 naturae,
1831 3098 1893 3138 ut
1923 3088 2164 3138 venerari
2179 3100 2467 3152 auctorem,
2498 3107 2599 3143 nec
2637 3110 2674 3144 a

1582 3158 1694 3207 Deo
1723 3167 2005 3223 parentum
2030 3172 2211 3208 amore
2230 3159 2471 3212 desistaS.
2503 3180 2532 3209 ³>
2557 3163 2675 3214 Un-

1581 3229 1649 3278 de
1717 3229 2028 3294 Gregorius
2074 3246 2092 3280 .·
2140 3247 2168 3275 α
2229 3230 2492 3298 Quisquis
2551 3233 2672 3298 jam

1581 3309 1779 3349 oeterna
1805 3300 2156 3365 concupiscit,
2185 3300 2241 3349 in
2270 3317 2331 3352 ea
2360 3318 2526 3368 quam
2558 3320 2674 3372 ag-

1581 3369 1825 3435 greditur
1864 3386 2020 3421 causa
2063 3371 2192 3433 Dei,
2238 3383 2385 3424 extra
2418 3385 2668 3441 patrem,

1580 3449 1728 3490 extra
1773 3456 2026 3502 uxorem,
2079 3452 2226 3493 extra
2265 3443 2439 3508 filios,
2504 3456 2672 3512 extra

1579 3519 1831 3576 cognatos
1853 3549 1868 3570 ,
1921 3522 2069 3562 extra
2125 3515 2477 3580 semetipsum
2535 3517 2665 3571 fieri

1577 3580 1754 3640 debet,
1778 3589 1839 3630 ut
1870 3596 1934 3630 eo
1951 3582 2132 3633 verius
2160 3596 2441 3650 cognoscat
2457 3588 2667 3650 Deum,

1579 3669 1689 3718 quo
1732 3652 1788 3703 in
1836 3654 1951 3720 ejus
2001 3672 2159 3708 causa
2187 3646 2459 3710 neminem
2498 3677 2669 3713 reco-

1578 3724 1805 3789 gnoscit.
1846 3727 2078 3776 Amandi
2109 3740 2367 3794 ergosunt
2394 3731 2667 3796 proximi,

1578 3793 1938 3861 impendenda
2002 3798 2194 3849 caritas
2244 3801 2528 3853 omnibus
2606 3815 2672 3855 et

1579 3865 1898 3933 propinquis
1929 3877 1981 3919 et
2006 3868 2299 3933 extraneis3
2337 3885 2437 3922 ne:
2472 3882 2668 3927 tamen
