2757 4413
435 346 539 398 630

435 477 546 511 uno
600 458 787 511 teneri.
836 458 1078 507 Mortuus
1120 466 1200 507 est
1228 472 1353 523 ergo
1388 456 1491 523 sic;

434 544 486 584 et
516 542 636 598 post
660 544 855 596 paucos
879 528 1010 588 dies,
1044 529 1185 579 dicto
1209 528 1493 578 Parisiensi

435 604 684 684 episcopo
710 600 764 650 in
785 609 918 650 tetra
940 608 992 649 et
1011 598 1302 650 miserabili
1324 599 1496 650 forma

433 674 697 742 apparuit,
726 672 907 722 oicens
937 671 1077 721 inter
1128 682 1318 731 cetera,
1363 686 1494 737 pro-

436 757 553 813 pter
607 744 962 811 pluralitatem
1015 743 1401 794 beneficiorum
1438 759 1495 793 se

436 832 550 869 esse
574 817 907 865 damnatum.
933 812 1195 865 Similiter
1214 814 1352 865 alius
1382 815 1497 880 qui-

437 890 561 940 dam
616 886 839 938 clericus
891 903 1096 955 magnae
1147 887 1493 950 litteraturae,

436 975 696 1026 apparens
710 959 919 1010 cuidam
938 969 1058 1025 post
1081 969 1305 1010 mortem
1320 975 1494 1018 suam,

437 1031 575 1082 dixit
600 1047 656 1081 se
687 1031 999 1081 damnatum
1043 1031 1113 1080 ob
1142 1030 1280 1080 hanc
1323 1030 1494 1080 solam

439 1117 672 1164 causam,
719 1101 847 1168 quia
886 1101 1019 1151 duas
1051 1101 1223 1152 tenuit
1243 1101 1496 1167 praeben-

438 1174 551 1223 das.
597 1174 769 1238 Super
816 1173 913 1222 hac
961 1173 1146 1222 eadem
1178 1173 1493 1239 quaestione‚

436 1245 720 1305 RobertuS,
756 1244 1012 1294 Romanoe
1043 1244 1495 1294 EcclesiaeCardi-

437 1315 592 1375 naliS,
623 1325 675 1365 et
707 1314 959 1381 magister
988 1315 1044 1364 in
1091 1315 1375 1380 theologia,
1419 1315 1498 1366 in-

435 1395 732 1451 terrogatus
752 1385 912 1435 morti
929 1385 1155 1445 vicinus,
1188 1386 1460 1450 respondit
1482 1402 1494 1435 :

439 1474 466 1501 α
495 1455 647 1518 Dico,
672 1456 776 1519 jam
808 1455 1132 1520 migraturus
1156 1455 1327 1515 avita,
1350 1456 1496 1522 quod

438 1528 661 1577 mortale
697 1536 749 1576 et
777 1525 1082 1575 damnabile
1115 1535 1196 1576 est
1228 1527 1380 1591 plura
1417 1537 1497 1576 te-

438 1615 563 1650 nere
591 1597 864 1649 beneficia.
895 1617 923 1646 >³
968 1599 1082 1648 Hoc
1113 1598 1255 1648 idem
1304 1609 1494 1649 sanctae

437 1668 710 1720 memoriae
733 1669 916 1718 Petrus
941 1668 1140 1718 Cantor
1160 1668 1492 1729 ParisiensiS‚

435 1750 487 1790 et
514 1739 669 1797 dixit,
713 1748 764 1787 et
790 1737 1025 1803 scripsit.
1064 1738 1177 1787 Hoc
1207 1738 1350 1788 idem
1375 1754 1495 1789 ma-

434 1809 596 1876 gister
626 1808 960 1870 Guillardus,
977 1808 1371 1859 Cameracensis
1392 1809 1499 1874 epi-

435 1893 644 1944 scopus»,
673 1878 835 1927 verbo
865 1878 1173 1943 hujusmodi
1204 1878 1496 1929 confirma-

433 1951 515 2002 vit
565 1967 579 2001 ε
626 1969 654 1997 α
707 1950 936 2009 Nollem,
994 1950 1189 2016 inquit,
1238 1967 1334 2016 pro
1385 1961 1496 2002 toto

437 2038 566 2073 auro
593 2021 805 2071 Arabiae
837 2037 945 2072 una
984 2030 1138 2073 nocte
1183 2022 1290 2073 duo
1330 2023 1495 2073 bene-

443 2091 562 2143 ficia
589 2092 840 2152 detinere,
872 2102 923 2142 et
949 2092 1051 2142 hoc
1082 2103 1295 2159 propter
1317 2093 1499 2144 discri-

438 2178 562 2214 men
609 2162 819 2214 incertae
881 2162 1021 2216 vitae.
1083 2182 1111 2211 »
1168 2165 1335 2231 Super
1361 2204 1366 2209 .
1395 2165 1498 2216 hoc

438 2234 618 2294 etiam,
649 2242 895 2283 narrante
913 2234 1202 2294 Bernardo,
1222 2234 1496 2300 quondam

436 2303 659 2354 Domini
690 2304 841 2369 Papae
869 2319 900 2354 a
929 2304 1341 2369 poenitentiari0‚
1372 2321 1496 2355 cum

436 2375 603 2425 beatae
658 2375 932 2425 memoriae
992 2375 1295 2441 Gregorius
1360 2377 1497 2442 Papa

434 2461 608 2496 nonus
649 2445 1078 2512 interrogaretur,
1122 2446 1167 2496 si
1208 2457 1387 2511 posset
1431 2448 1497 2497 de

435 2516 773 2581 plenitudine
801 2516 1081 2583 potestatis
1103 2532 1226 2566 cum
1258 2518 1494 2584 plurium

433 2588 814 2639 beneficiorum
861 2589 1223 2639 detentoribus
1271 2590 1495 2655 dispen—

433 2675 565 2720 sare,
614 2661 887 2726 respondit
936 2678 949 2710 z
999 2678 1026 2707 «
1073 2660 1193 2709 Non
1250 2676 1490 2726 possum,

433 2730 628 2797 inquit,
658 2731 760 2780 nisi
786 2741 995 2781 tantum
1028 2746 1188 2796 super
1214 2732 1494 2783 vexatione

431 2800 791 2850 detinentium
814 2801 1138 2866 dispensare.
1167 2819 1194 2846 ³>
1213 2801 1369 2859 Quod
1389 2801 1494 2851 for-

430 2880 484 2921 te
513 2872 632 2922 ideo
676 2873 828 2934 dixit,
874 2874 1016 2939 quia,
1058 2883 1118 2923 ut
1163 2872 1341 2923 visum
1394 2885 1490 2935 est,

430 2940 584 3006 plura
613 2943 750 2992 mala
772 2958 831 2992 ac
858 2952 1066 3008 peccata
1102 2943 1281 3009 gravia
1315 2954 1367 2994 et
1400 2944 1491 2994 in-

433 3010 702 3062 evitabilia
729 3012 853 3062 inde
877 3014 1301 3078 subsequuntur,
1332 3030 1493 3080 super

432 3079 630 3147 quibus
668 3080 922 3131 faciendis
949 3083 1277 3147 dispensatio
1307 3086 1491 3136 cadere

432 3166 543 3200 non
613 3150 837 3213 videtur,
905 3153 1031 3219 quia
1104 3165 1374 3221 peccatum
1432 3157 1488 3207 in

434 3224 583 3274 nullo
629 3239 752 3273 casu
804 3226 1124 3277 conceditur.
1175 3228 1309 3288 Quis
1362 3245 1489 3296 ergo

431 3294 533 3344 erit
579 3294 793 3360 sapiens
822 3297 917 3361 qvi
952 3313 1009 3348 se
1051 3298 1214 3361 fallat,
1253 3310 1305 3350 et
1341 3310 1489 3351 tanto

430 3365 728 3416 discrimini
784 3369 1108 3420 committat
1094 3370 1112 3406 Ρ
1166 3370 1298 3422 Esto
1343 3372 1487 3437 quod

431 3440 588 3490 multi
632 3440 812 3491 dicant
856 3442 976 3502 hoc,
1010 3452 1062 3493 et
1109 3444 1262 3494 multi
1302 3445 1392 3495 alii
1433 3446 1487 3495 in

428 3511 754 3562 contrarium
806 3513 1114 3578 opinentur,
1159 3516 1260 3565 hoc
1308 3518 1487 3567 solum

425 3595 607 3634 tamen
633 3587 856 3635 mortale
881 3587 948 3635 ab
971 3588 1294 3653 Angustiae,
1313 3590 1490 3640 docto·

426 3671 548 3705 rum
586 3655 841 3717 maxim0,
881 3656 1158 3721 judicatur,
1213 3674 1332 3709 cum
1363 3660 1488 3725 quis

411 3724 823 3777 incertitudinis
854 3727 1110 3792 periculo,
1139 3737 1230 3778 aut
1249 3730 1488 3781 mortalis

426 3798 626 3862 peccati
654 3798 952 3849 discrimini
982 3815 1038 3851 se
1066 3801 1371 3853 committit.
1399 3803 1486 3853 Sic

426 3879 477 3918 et
505 3869 666 3921 hodie
695 3872 849 3922 multi
894 3873 1129 3940 religiosi
1160 3890 1270 3924 non
1308 3874 1485 3925 solum

425 3940 687 4005 grangias,
736 3944 829 3994 sed
857 3953 910 3995 et
938 3944 1205 4011 ecclesias,
1229 3960 1337 3996 non
1367 3946 1486 3998 sine

1027 341 1265 392 PRIMAE
1300 340 1547 391 PARTIS
1575 340 1810 393 CAPUT
1839 341 2068 396 LXVIII.

1598 457 1901 509 animarum
1923 459 2160 526 periculo
2183 460 2283 511 sibi
2316 460 2605 525 incorporari

1598 528 1687 590 do,
1709 530 2060 596 multiplicare
2086 532 2302 582 solliciti
2316 541 2452 591 sunt,
2479 545 2623 595 expo-

1600 611 1784 652 nentes
1805 617 1861 652 se
1877 602 2112 667 periculo
2136 604 2411 654 reddendae
2433 601 2622 653 rationis

1599 670 1664 720 de
1709 672 1995 723 animabus
2039 673 2394 732 ecclesiarum,
2424 687 2622 739 quarum

1598 740 1834 792 decimas
1863 752 1914 793 et
1945 742 2149 794 fructus
2176 743 2488 810 percipiunt.

1662 830 1693 880 7
1718 814 1974 874 Qumrmt
2003 832 2188 866 mlum
2218 833 2232 866 :
2268 830 2520 866 nar-Ecrus
2542 829 2625 863 nr:—

1599 894 1871 937 sturm-rm.
1900 915 1962 924 —
1990 886 2256 947 Quintum
2311 887 2504 935 malum
2542 894 2623 943 est,

1601 959 1729 1024 quia
1761 959 2000 1025 plerique
2038 959 2092 1009 in
2120 958 2392 1011 beneficiis
2425 974 2525 1007 non
2552 971 2624 1007 re-

1599 1029 1792 1087 sident,
1837 1038 1888 1078 et
1920 1027 2119 1079 fructus
2149 1044 2334 1078 eorum
2360 1026 2625 1094 percipien-

1601 1108 1679 1149 tes
1734 1098 1975 1148 debitum
2016 1114 2112 1163 pro
2159 1097 2246 1148 his
2302 1099 2526 1148 laborem
2556 1095 2626 1146 vel

1597 1169 1874 1219 servitium
1906 1168 2142 1220 ecclesiis
2180 1184 2290 1218 non
2320 1167 2624 1233 impendunt.

1600 1240 1846 1289 Gaudent
1879 1250 1930 1290 et
1958 1255 2016 1290 se
2058 1240 2268 1305 jactant,
2309 1238 2436 1305 quia
2457 1237 2627 1288 habent

1599 1319 1676 1359 tot
1702 1309 1930 1360 florenos
1955 1309 2059 1359 sibi
2083 1319 2424 1375 apportatos;
2461 1307 2543 1358 sed
2567 1306 2627 1356 ti-

1601 1390 1780 1430 meant
1805 1397 1872 1431 ne
1900 1381 2006 1431 sint
2034 1380 2222 1430 floreni
2252 1395 2344 1430 eos
2386 1380 2448 1429 ad
2490 1377 2627 1428 infer-

1600 1467 1731 1501 num
1786 1460 2070 1517 portantes«.
2125 1452 2365 1501 Frustra
2408 1450 2540 1500 enim
2582 1462 2628 1498 se

1598 1525 1792 1589 iactant
1820 1524 2014 1575 habere
2045 1522 2366 1574 beneficium
2393 1523 2472 1574 vel
2506 1536 2630 1571 mer-

1599 1597 1798 1656 cedem,
1844 1596 1996 1660 cujus
2036 1610 2143 1645 non
2175 1594 2437 1644 exhibent
2463 1607 2627 1659 opera-

1578 1667 1823 1716 tionem.
1854 1665 1955 1715 Sed
1975 1674 2087 1715 esto
2106 1665 2252 1731 quod
2277 1665 2411 1714 tales
2431 1664 2630 1713 habeant

1599 1737 2074 1803 dispensationem,
2100 1751 2259 1801 super
2286 1735 2524 1786 absentia
2545 1747 2623 1783 seu

1600 1823 1711 1857 non
1741 1807 2055 1869 residentia;
2088 1807 2361 1871 numquid
2385 1805 2627 1871 dispensa·

1599 1878 1799 1928 tionem
1842 1878 2037 1930 habere
2071 1887 2321 1943 poterunt
2349 1891 2501 1942 super
2524 1889 2630 1941 pec-

1597 1948 1725 2000 catis
1771 1959 1823 1999 et
1863 1947 2017 1997 malis
2063 1947 2480 2007 committendis,
2530 1957 2630 2011 quae

1598 2017 1976 2069 inevitabiliter
2018 2028 2321 2084 sequuntur
2360 2033 2423 2067 ex
2470 2030 2629 2067 eorum

1598 2091 1839 2141 absentia
1899 2099 1952 2140 et
2003 2089 2367 2156 negligentia?
2418 2090 2486 2140 Et
2532 2087 2631 2137 ideo

1597 2162 1736 2214 bene
1762 2161 1840 2213 eis
1862 2168 2024 2223 esset,
2048 2160 2094 2212 si
2121 2161 2378 2212 haberent
2402 2158 2632 2212 vicarium

1599 2234 1658 2284 in
1717 2232 2025 2293 tormentiS‚
2072 2232 2208 2282 sicut
2252 2232 2542 2282 excusando
2586 2244 2633 2279 se

1597 2304 1785 2358 dicunt
1847 2306 2043 2356 habere
2093 2305 2151 2355 in
2211 2305 2500 2357 beneficiiS.
2544 2301 2631 2362 Qui

1598 2381 1744 2432 enim
1775 2380 2002 2431 residere
2045 2380 2237 2430 nolunt
2281 2379 2340 2429 in
2371 2376 2630 2436 beneficiis»,

1599 2454 1787 2504 timere
1815 2452 2015 2502 habent
2043 2467 2111 2501 ne
2154 2450 2496 2501 residentiam
2530 2462 2633 2515 per-

1596 2535 1811 2590 petuam
1839 2522 2035 2573 faciant
2075 2521 2133 2572 in
2162 2522 2466 2572 tormentis.
2503 2521 2561 2570 Et
2585 2518 2631 2568 in

1572 2596 1702 2645 ffhoc
1752 2593 1926 2659 magis
1973 2592 2293 2659 delinquunt
2352 2591 2542 2659 praelati
2590 2598 2632 2640 et

1598 2679 1779 2714 curam
1817 2663 2075 2714 habentes
2102 2663 2425 2721 animarum,
2440 2661 2556 2729 quia
2572 2673 2627 2708 ex

1595 2734 1813 2784 illorum
1838 2733 2074 2783 absentia
2103 2733 2273 2797 majus
2291 2732 2530 2799 sequitur
2554 2743 2633 2795 pe·

1595 2805 1847 2855 riculum.
1870 2804 2030 2854 Pauci
2059 2803 2276 2871 quidem
2307 2818 2372 2853 ex
2392 2804 2468 2853 eis
2490 2811 2633 2867 pasto-

1596 2891 1697 2935 reS,
1724 2876 1816 2925 sed
1841 2874 1998 2925 multi
2021 2874 2332 2924 mercenarii
2359 2884 2501 2931 sunt,
2524 2870 2632 2937 quia

1593 2961 1702 2995 non
1726 2946 1935 2998 lucrum
1953 2943 2285 3002 animarum,
2332 2945 2425 2994 sed
2449 2955 2633 2993 merce-

1595 3014 1718 3065 dem
1742 3013 2049 3081 temporalis
2067 3014 2358 3077 commodi,
2387 3023 2477 3063 aut
2498 3008 2630 3070 lucri,

1590 3086 1673 3136 vel
1725 3085 1949 3135 honoris
2009 3094 2272 3151 quaerunt.
2340 3084 2464 3135 Istis
2516 3083 2632 3132 bene

1591 3156 1839 3221 congruit
1883 3156 2017 3205 illud
2067 3154 2358 3218 Ber-nardi,
2408 3153 2498 3204 ubi
2531 3152 2629 3202 ait:

1593 3243 1620 3271 «
1644 3227 1739 3276 Vae
1793 3227 1916 3291 tibi,
1969 3226 2178 3277 clerice!
2241 3241 2390 3275 mors
2439 3225 2491 3274 in
2520 3224 2629 3281 olla,

1593 3311 1739 3347 mors
1763 3297 1819 3347 in
1851 3295 2159 3363 hujusmodi
2186 3295 2407 3346 deliciis.
2437 3297 2631 3344 Peccata

1591 3369 1738 3419 enim
1762 3369 1946 3435 populi
1979 3369 2233 3428 comediS‚
2259 3383 2318 3419 ac
2362 3368 2408 3418 si
2439 3363 2632 3434 propria

1592 3440 1776 3492 minus
1791 3440 2033 3491 sufficere
2045 3439 2368 3490 viderentur.
2391 3440 2631 3502 Sumptus

1592 3513 1972 3565 ecclesiasticos
2005 3512 2169 3579 gratis
2202 3512 2396 3562 habere
2417 3521 2467 3561 te
2488 3523 2631 3575 repu-

1592 3598 1703 3651 tas;
1754 3587 1846 3637 sed
1876 3587 2079 3637 bonum
2115 3595 2226 3636 erat
2265 3585 2436 3650 magis
2466 3583 2630 3633 fodere

1591 3672 1643 3711 et
1684 3658 2057 3710 mendicare.»
2086 3658 2153 3709 Et
2178 3658 2415 3708 iterum·
2440 3652 2626 3705 «Indi-

1562 3747 1730 3799 gnus
1772 3732 1906 3781 lacte
1958 3740 2011 3781 et
2055 3731 2177 3780 lana
2209 3728 2553 3786 convincitur,
2586 3721 2627 3774 si

1560 3818 1702 3854 ‚non
1735 3800 1904 3868 pascit
1943 3816 2088 3861 oves,
2130 3801 2174 3851 si
2218 3816 2324 3850 non
2359 3798 2542 3864 vigilat
2576 3793 2628 3844 in

1589 3872 1831 3925 custodia
1854 3872 2046 3938 gregis.
2074 3870 2341 3922 Judicium
2369 3868 2474 3919 sibi
2495 3880 2632 3916 man·

1578 3946 1743 3997 ,ducat
1795 3952 1848 3995 et
1894 3944 2146 3996 vescitur.
2197 3943 2339 4003 Quid
2382 3939 2480 3991 tibi
2504 3936 2630 3989 insi-
