2757 4413
945 366 1041 417 ET
1077 362 1555 417 NUMERORUM.
2299 364 2407 429 829

466 591 703 643 CAPUT
748 591 980 643 vanL
1009 619 1069 630 —-
1098 592 1194 644 De·
1217 591 1520 644 ambitione
1542 596 1596 643 et
1627 589 1943 658 quibusdam
1976 588 2105 640 aliis

694 681 1009 733 clericorum
1046 689 1099 733 et
1130 683 1516 749 religiosorum
1556 681 1872 747 defectibus·

203 866 224 900 1
264 846 542 918 Fugienda
564 854 775 905 clericis
801 852 1049 905 ambitio,
1124 851 1226 905 623

199 939 230 973 2
275 924 521 975 Primum
571 927 774 976 malum
822 926 1076 978 beneficia

226 994 525 1059 petentium
570 1012 586 1048 :
635 996 874 1048 defectus
916 1012 1076 1050 voca-

227 1066 410 1118 tionis.
536 1118 544 1126 ,
1123 1066 1232 1134 624

200 1135 229 1185 3
261 1138 570 1189 Maledictio·
589 1148 772 1190 contm
792 1138 1078 1206 diligentes

231 1207 464 1258 honores
492 1211 712 1275 prolata.
1122 1207 1226 1261 625
1298 1283 1301 1288 μ

196 1294 235 1343 4
260 1278 566 1330 Secundum
613 1283 818 1332 malum
866 1282 1071 1333 benefi-

229 1351 307 1402 cia
328 1352 623 1417 petentium
651 1368 665 1404 :
695 1353 902 1405 affectio
955 1367 1075 1405 car-

230 1422 364 1473 nalis
408 1423 591 1474 minus
639 1423 835 1490 dignos
879 1422 1076 1490 praese,-

228 1512 370 1549 renS.
1122 1495 1228 1550 626

200 1568 227 1619 5
276 1568 523 1619 Tertium
566 1569 771 1620 malum
818 1569 1075 1622 beneficia

228 1640 527 1708 petentium
549 1658 562 1691 :
585 1642 935 1709 indignorum
957 1658 1075 1710 pro·

226 1714 414 1764 motio,
1123 1714 1227 1783 627

200 1783 232 1834 6
272 1786 540 1846 Quartum
583 1785 787 1836 malum
817 1802 830 1835 :
865 1784 1072 1836 benefi-

1400 853 1607 905 ciorum
1636 851 1930 919 pluralitas,
2079 845 2086 856 '
2299 845 2403 914 629

1369 939 1406 989 7
1432 924 1698 984 Quintum
1722 924 1928 973 malum
1958 937 1972 973 ε
2010 919 2248 971 defectus

1400 996 1721 1047 residentiae.
2295 988 2401 1039 630

1371 1069 1405 1123 8
1454 1073 1675 1121 Sextum
1726 1069 1931 1119 malum
1982 1084 1997 1118 ε
2049 1067 2250 1117 abusus

1401 1142 1676 1193 fructuum
1708 1138 2108 1190 beneficiorum.
2298 1132 2396 1183 631

1372 1229 1407 1282 9
1433 1212 1734 1277 Septimum
1765 1210 1969 1259 malum
1995 1225 2009 1258 z
2040 1207 2255 1258 clerico-

1403 1301 1524 1336 rum
1574 1283 1873 1346 curiositaS,
1916 1282 2067 1347 cujus
2108 1278 2252 1346 peri-

1401 1357 1521 1407 cula
1544 1363 1945 1406 enumerantur.
2299 1347 2416 1397 632-

1345 1444 1409 1480 ιο
1456 1428 1702 1479 Gravitas
1739 1425 1973 1476 scandali
2021 1439 2052 1474 a
2087 1422 2247 1473 cleri-

1400 1498 1477 1549 cis
1505 1499 1634 1550 dati.
2283 1488 2400 1540 ‘633

1345 1586 1401 1620 11
1450 1570 1753 1619 Monstrum
1799 1576 1880 1618 est
1924 1563 2148 1617 clericus
2199 1571 2251 1611 et

1401 1641 1685 1708 religiosus
1715 1638 1963 1691 vitiosuS.
2300 1633 2401 1683 635

1345 1730 1406 1764 12
1438 1712 1777 1765 Conscientia
1803 1711 2151 1777 quadrupleX.
2300 1704 2401 1756 635

291 2007 527 2060 CAPUT
566 2009 759 2059 Lxlx.
781 2033 844 2047 --
869 2009 960 2060 De
988 2023 1053 2061 eo
1090 2010 1233 2076 qaod
1268 2010 1536 2061 Dominus
1576 2022 1750 2077 supra·
1784 2021 1948 2060 mare*
1974 2005 2284 2066 ambulavit,

726 2143 729 2150 .
756 2102 809 2149 et
839 2098 1085 2161 Petrum,
1118 2111 1184 2149 ne
1209 2105 1565 2165 mergeretur,
1609 2098 1806 2150 erexit.

208 2285 226 2319 1
267 2266 479 2322 Divisio
509 2270 683 2322 noctis
733 2271 805 2322 in.
847 2280 1080 2338 quatuor

229 2351 421 2406 partes.
1127 2340 1232 2394 636

200 2428 227 2462 2
274 2415 383 2465 Cur
438 2414 721 2467 Dominus
778 2415 1083 2483 discipulos

227 2484 516 2550 periclitari
545 2485 888 2551 permiserit?
1127 2485 1232 2553 637

202 2553 227 2604 3
282 2555 502 2606 Accedit
569 2555 836 2608 Dominus
916 2572 1080 2624 supet

233 2639 398 2691 aquas
427 2626 743 2679 ambulans„
1127 2624 1232 2693 637

199 2713 236 2763 4
258 2699 571 2749 Ambulatio
602 2698 739 2750 Petri
767 2715 928 2766 super
963 2714 1081 2750 ma-

232 2785 305 2824 re.
1127 2771 1231 2823 638

209 2842 234 2892 5
266 2845 503 2894 Intrante
576 2845 699 2894 Jesu
758 2843 1076 2904 naviculam,

236 2928 403 2967 cessat
439 2927 633 2967 ventus
672 2928 725 2967 et
751 2917 857 2967 cito
894 2919 1082 2983 appel-

240 2989 357 3040 lunt
399 2987 668 3056 discipuli.
1129 2987 1234 3058 639

210 3057 239 3108 6
276 3060 498 3128 Mystice
527 3078 619 3126 per
660 3061 819 3112 istam
857 3060 1082 3112 navicu·-

1401 2271 1508 2320 Lam
1576 2269 1837 2336 figuratur
1899 2270 2140 2321 Ecclesia
2202 2281 2253 2322 et

1401 2344 1582 2394 anima
1609 2341 1802 2392 fidelis.
2301 2342 2405 2411 639

1371 2435 1405 2486 7
1435 2416 1707 2468 Moraliter
1732 2431 1825 2481 per
1848 2414 2147 2466 naviculam
2177 2416 2247 2466 fi-

1401 2500 1621 2558 guratur
1662 2488 1975 2555 poenitentia
2000 2490 2086 2540 vel
2132 2506 2266 2540 cor-⁷

1402 2558 1503 2633 p'us
1556 2564 1890 2625 humanum,.
1947 2581 2048 2631 per
2106 2580 2253 2615 mare

1403 2637 1645 2688 mundus
1686 2644 1743 2686 et
1782 2637 2096 2701 passionum
2126 2653 2252 2686 mo-

1404 2718 1508 2760 tus,
2297 2705 2406 2775 639

1372 2779 1406 2831 8
1454 2783 1618 2833 Fides
1681 2783 2077 2833 Genezarorum
2095 2819 2109 2841 ,
2184 2781 2252 2829 ad

1405 2868 1543 2918 quos
1568 2853 1758 2903 transit
1783 2852 2070 2902 Dominus.
2303 2850 2408 2915 640

1376 2938 1411 2991 9
1438 2922 1738 2973 Admiratio
1767 2922 1996 2972 Herodis
2021 2923 2086 2971 de
2109 2922 2253 2981 Jesu‚

1408 3008 1569 3058 quern
1598 2993 1859 3044 Joannem
1884 2993 2256 3044 resuscitatum

1411 3063 1595 3115 credit.
2304 3062 2402 3127 641

408 3261 643 3314 CAPUT
685 3262 943 3314 LXX.--—-
964 3264 1052 3314 Da
1075 3262 1253 3314 verbis
1287 3263 1522 3325 Domini,
1549 3267 1778 3329 propter
1810 3276 1934 3329 quae
1976 3264 2192 3328 quidam

834 3377 838 3381 <
1070 3358 1218 3404 retro
1251 3354 1517 3405 abierunt.

214 3513 233 3549 1
277 3500 619 3560 Quaerendus
656 3512 738 3553 est
761 3501 916 3553 Jesus
954 3515 1083 3568 pro-

236 3581 353 3637 pter
377 3587 454 3621 se.
1129 3567 1231 3637 642

209 3658 237 3692 2
268 3644 560 3709 Operando
622 3645 943 3710 quaerendus
1002 3654 1085 3696 est

238 3715 392 3766 cibus
421 3715 737 3780 spiritualis,
765 3716 820 3768 id
841 3727 925 3769 est
948 3731 1085 3782 opus

240 3790 601 3841 meritorium.
1133 3786 1235 3856 643

214 3859 239 3910 3
266 3864 465 3914 Manna
482 3872 821 3927 comparatur
838 3857 1089 3912 Euchari-

240 3933 376 3995 sfiae,
416 3948 523 3998 qua
555 3933 804 3984 Christus
838 3932 998 3983 nobis
1028 3931 1092 3983 fit

244 4005 400 4070 panis
422 4005 596 4055 vivus,
1138 4000 1245 4068 644

1380 3515 1418 3566 4
1468 3500 1825 3552 Murmuratio
1872 3495 2259 3565 Capharnaita-

1413 3588 1535 3623 rum
1578 3572 1776 3622 durum
1809 3569 2015 3622 Christi
2048 3584 2259 3619 sermo-

1415 3659 1539 3694 nem
1569 3643 1986 3694 invenientium.
2308 3634 2413 3701 646

1377 3715 1414 3768 ‘5
1447 3715 1669 3766 Fervida
1696 3715 1836 3765 Petri
1862 3712 2158 3778 responsio·
2309 3708 2412 3774 647

1387 3786 1419 3838 6
1448 3787 1661 3852 Corpus
1702 3784 1901 3835 Christi
1933 3782 2259 3833 sumendum

1418 3871 1499 3911 est
1546 3861 1603 3911 in
1665 3858 1870 3909 unitate
1914 3855 2165 3906 Ecclesiae
2208 3867 2261 3906 et

1420 3941 1560 3982 statu
1581 3929 1783 3997 gratiae.
2312 3923 2417 3990 647
