2757 4413
268 254 374 322 546

263 383 388 420 num
410 368 594 419 Jesum
624 370 681 415 ut
706 378 824 415 cum
842 362 939 414 illo
965 363 1332 414 manducaret.

261 441 430 507 Cujus
479 448 657 490 tamen
709 435 1017 488 simulatam
1074 434 1333 501 justitiam

259 511 528 578 benignus
560 507 798 559 medicus
843 522 956 557 non
997 505 1200 567 vitavit,
1238 505 1331 556 sed

259 583 435 650 magis
483 596 666 633 curare
711 579 911 643 voluit3
958 584 1011 630 et
1049 578 1333 644 ingressus

261 656 472 707 domum
496 652 771 704 Pharisaei
803 648 1084 702 discubuit.
1112 649 1333 715 Legitur

260 735 439 779 autem
485 724 762 777 Christum
811 723 1158 773 manducasse
1207 736 1331 771 cum

260 798 565 865 publicanis
588 806 640 847 et
664 793 1048 877 peccatoribus,
1067 803 1128 845 ut
1150 809 1243 844 eos
1265 793 1331 844 ad

260 870 635 938 poenitentiam
661 876 985 934 provocaret,
1004 866 1146 917 sicut
1170 881 1332 932 quan·

261 940 375 991 do
362 956 416 991 in
438 940 601 990 domo
626 937 865 989 Matthaei
888 952 1009 988 cum
1030 935 1332 1003 publicanis

264 1010 527 1073 comedit;
563 1010 694 1059 item
723 1023 845 1059 cum
869 1007 1025 1074 justis
1048 1022 1172 1057 eum
1201 1005 1333 1056 dili-

263 1082 534 1150 gentibus,
567 1090 628 1133 ut
656 1096 846 1133 eorum
880 1095 1119 1131 amorem
1147 1089 1200 1130 et
1233 1078 1333 1129 de-

260 1155 533 1206 votionem
571 1154 797 1205 nutriret
833 1162 887 1204 et
927 1161 1161 1219 augeret,
1194 1150 1333 1202 sicut

265 1225 464 1277 dicitur
504 1227 571 1277 de
621 1225 827 1276 Martha
867 1233 920 1275 et
961 1222 1153 1286 Maria;
1201 1221 1330 1272 item

262 1310 386 1347 cum
412 1294 651 1362 cognatis
676 1304 729 1345 et
756 1293 1095 1361 pauperibus,
1135 1300 1197 1342 ut
1232 1306 1333 1342 eo-

262 1382 387 1418 rum
410 1367 653 1433 inopiam
683 1365 972 1432 suppleret,
1005 1364 1145 1420 sicut
1170 1362 1333 1413 habe-

262 1446 352 1488 tur
376 1436 444 1489 de
474 1436 695 1504 nuptiis,
723 1436 817 1487 ubi
842 1451 1037 1502 aquam
1059 1434 1115 1484 in
1139 1433 1330 1484 vinum

261 1509 446 1573 vertit;
484 1508 619 1560 item
659 1524 783 1559 cum
820 1506 1101 1558 Pharisaeis
1140 1521 1332 1571 super-

262 1581 555 1648 bientibus,
593 1591 653 1632 ut
681 1595 868 1631 eorum
899 1578 1206 1646 superbiam
1242 1595 1331 1630 re-

262 1652 518 1717 primeret
559 1661 610 1702 et
655 1665 843 1702 eorum
890 1649 1021 1700 vitia
1059 1660 1330 1715 argueret,

262 1721 402 1773 sicut
440 1722 498 1772 in
548 1720 652 1771 hoc
688 1721 803 1770 loco
842 1719 983 1771 facit.
1026 1720 1330 1785 Aliquando

261 1791 422 1843 etiam
471 1789 752 1841 humiliter
791 1800 842 1841 et
873 1804 997 1840 cum
1040 1790 1328 1855 gratiarum

260 1861 489 1921 actione,
517 1876 640 1911 cum
673 1858 1011 1921 invitabatur,
1045 1859 1331 1926 recipiebat

261 1949 359 2000 pro
387 1933 504 1983 loco
533 1943 585 1983 et
611 1942 877 1997 tempore,
907 1946 973 1981 ex
1005 1932 1330 1998 paupertatis

260 2018 467 2066 amore;
505 2001 634 2068 quia
666 2016 865 2067 pauper
890 2010 1018 2063 erat,
1041 2011 1095 2052 et
1120 2002 1186 2052 de
1217 2001 1328 2052 hu-

260 2075 346 2141 jus
382 2072 572 2125 mundi
619 2072 914 2123 substantia
945 2087 1131 2138 parum
1156 2072 1329 2124 habe-

262 2146 369 2196 bat.
416 2144 538 2195 Non
576 2142 849 2193 immerito
887 2143 1009 2194 talis
1055 2152 1106 2195 et
1148 2152 1328 2195 tantus

262 2216 461 2282 hospes
508 2223 589 2266 est
635 2213 969 2276 invitandus,
1015 2223 1068 2265 et
1103 2229 1225 2266 cum
1272 2231 1329 2267 se

260 2289 470 2351 invitat,
508 2287 769 2340 libentius
797 2287 1203 2356 suscipiendus;
1234 2305 1328 2341 ve-

261 2363 413 2414 niunt
442 2362 589 2414 enim
613 2361 791 2413 omnia
823 2362 956 2413 bona
977 2362 1192 2428 pariter
1212 2375 1328 2414 cum

263 2433 377 2488 illo.

324 2524 357 2560 2
396 2509 628 2559 Accsnu·
686 2522 754 2559 An
829 2507 1084 2558 Domum(
1151 2508 1328 2558 Manu

262 2579 620 2642 Mmmmzm,
682 2593 750 2628 nr
795 2593 920 2635 Qum
986 2592 1125 2627 anon
1174 2592 1331 2627 11>suu

261 2667 404 2703 Ασιτ.
429 2680 489 2690 -—
520 2651 763 2702 Audiens
790 2661 970 2701 autem
999 2650 1102 2701 hoc
1125 2650 1332 2716 Magda-

262 2722 401 2783 lena,
431 2737 553 2789 quae
591 2722 699 2787 jam
737 2721 873 2772 forte
910 2720 1090 2786 ipsum
1129 2720 1330 2787 praedi-

262 2802 471 2843 cantem
500 2792 754 2854 audierat,
784 2802 919 2843 tacta
945 2792 1128 2842 dolore
1156 2790 1333 2842 cordis

263 2862 589 2914 intrinsecus
625 2879 723 2930 pro
756 2863 980 2930 peccatis
1019 2862 1152 2924 suis,
1187 2871 1240 2913 et
1264 2863 1332 2914 de

261 2933 341 2984 eis
367 2934 522 3000 plene
556 2943 608 2983 et
636 2933 862 2999 perfecte
895 2932 1138 2997 contrita,
1173 2948 1331 2984 amo-

261 3003 446 3071 risque
474 3004 587 3069 ejus
616 3003 741 3069 igne
766 3018 1003 3065 accensa,
1053 3019 1176 3054 cum
1210 3003 1333 3054 ala-

265 3076 475 3159 bastro3
525 3075 579 3126 id
630 3085 710 3127 est
762 3075 856 3127 tali
898 3091 1022 3127 vase
1051 3075 1331 3142 unguenti,

264 3147 495 3215 perrexit
513 3148 578 3199 ad
597 3150 778 3200 locum
802 3148 1055 3201 convivii.
1086 3149 1158 3201 Ut
1185 3149 1333 3201 enim

262 3218 396 3271 dicit
446 3220 626 3283 Beda,
674 3221 998 3272 alabastrum
1040 3232 1122 3273 est
1162 3237 1334 3289 genus

263 3295 551 3346 marmoris
586 3295 834 3357 candidi,
870 3295 1032 3348 variis
1059 3297 1334 3348 coloribus

265 3362 577 3426 intertincti,
607 3365 754 3431 quod
783 3365 847 3416 ad
875 3380 997 3417 vasa
1029 3375 1334 3432 unguenta-

262 3434 344 3487 ria
381 3450 564 3487 cavare
607 3438 813 3499 solent,
861 3452 924 3489 eo
956 3437 1100 3505 quod
1130 3438 1336 3505 optime

263 3520 473 3560 servare
501 3506 810 3577 incorrupta
836 3508 1062 3562 dicatur.
1079 3509 1184 3560 Iste
1209 3509 1337 3561 Pha·

265 3576 479 3644 rimus,
543 3579 868 3646 quandoque
931 3577 986 3630 in
1046 3579 1336 3647 Evangelio

264 3649 451 3702 Simon
477 3649 722 3718 leprosus
771 3650 985 3713 dicitur,
1013 3652 1164 3718 cujus
1192 3651 1337 3718 lepra

264 3733 376 3770 non
435 3720 552 3772 sine
599 3735 756 3773 causa
801 3725 1146 3774 memoratur.
1180 3722 1336 3773 Unde

269 3788 689 3858 chrysostomus
729 3809 748 3844 .-
780 3809 808 3840 α
850 3792 972 3844 Non
1022 3791 1338 3859 simpliciter

265 3867 446 3912 autem
466 3860 630 3928 leprae
645 3861 885 3916 Simonis
903 3861 1154 3917 meminit
1171 3861 1338 3916 Evan-

925 244 1167 301 PRIMAE
1203 247 1455 300 PARTIS
1484 245 1721 299 CAPUT
1752 247 1864 299 Lx.

1439 362 1645 430 gelista,
1682 365 1775 416 sed
1802 374 1864 417 ut
1886 366 2134 417 ostendat
2157 366 2306 416 unde
2331 363 2515 416 confi-

1439 436 1573 486 dens
1589 438 1809 488 accessit
1827 437 1939 489 haec
1957 438 2181 501 mulier;
2206 437 2338 505 quia
2359 438 2514 490 enim

1440 507 1584 573 lepra
1609 507 1888 560 videbatur
1907 510 2060 561 valde
2087 510 2373 561 immunda
2392 525 2518 562 esse

1438 580 1617 647 passio
1644 591 1698 632 et
1723 582 2134 646 abominabilis;
2169 582 2363 635 videns
2390 585 2517 635 Ma-

1438 653 1662 719 gdalena
1689 653 1833 720 quod
1861 654 2015 705 Jesus
2047 663 2321 706 curaverat
2350 655 2516 706 illum

1440 724 1720 776 hominem
1734 764 1750 786 ,
1778 726 2001 776 confidit
2019 726 2282 793 quoniam
2309 735 2363 777 et
2383 727 2519 778 ani-

1439 810 1543 846 mae
1570 810 1680 846 suae
1707 795 2111 848 immunditiam
2137 795 2294 847 facile
2320 813 2520 864 expur-

1438 866 1585 933 gabit
1609 881 1624 916 z
1649 886 1678 915 n
1701 866 1814 918 haec
1835 867 2273 935 Chrysostomus.
2293 869 2361 919 Et
2383 884 2518 919 cum

1438 938 1637 989 mulier
1675 938 1741 990 ad
1775 940 1953 990 locum
1993 940 2338 1006 pervenisset,
2369 940 2518 992 facie

1438 1008 1692 1060 inclinata
1717 1018 1771 1060 et
1792 1010 1964 1061 oculis
1993 1010 2050 1060 in
2073 1018 2273 1061 terram
2304 1011 2518 1062 demis-

1437 1079 1545 1143 sis,
1587 1088 1710 1130 ante
1753 1080 2003 1130 convivas
2048 1081 2343 1141 transiens,
2397 1096 2516 1132 non

1439 1149 1644 1216 quievit
1672 1151 1843 1202 donec
1869 1151 1935 1202 ad
1966 1151 2150 1202 Jesum
2173 1150 2514 1217 perveniret;

1438 1230 1491 1271 et
1535 1229 1665 1271 tunc
1708 1221 1853 1272 illico
1891 1227 2039 1273 retro
2082 1222 2157 1272 ad
2193 1222 2361 1289 pedes
2391 1222 2520 1290 ejus

1440 1300 1730 1357 prostrata,
1769 1292 1899 1357 quia
1933 1307 1992 1342 se
2018 1301 2143 1343 ante
2174 1307 2371 1358 ponere
2397 1308 2516 1344 non

1438 1365 1694 1425 audebat,
1741 1380 1852 1431 prae
1897 1375 2236 1432 peccatorum
2278 1382 2514 1418 suorum

1437 1438 1752 1489 verecundia
1767 1477 1781 1499 ,
1833 1448 1887 1489 et
1945 1440 2302 1504 procumbens
2354 1439 2516 1490 vultu

1439 1522 1601 1573 super
1657 1507 1819 1574 pedes
1867 1507 2045 1573 ipsos,
2103 1523 2226 1559 cum
2276 1509 2515 1575 quadam

1439 1576 1779 1637 confidentia,
1808 1578 1936 1645 quia
1970 1578 2077 1643 jam
2106 1578 2315 1630 intense
2335 1588 2387 1629 et
2409 1594 2517 1629 su-

1439 1665 1533 1715 per
1556 1650 1742 1701 omnia
1768 1665 1894 1700 eum
1917 1650 2192 1717 diligebat,
2226 1661 2279 1702 et
2305 1651 2361 1701 in
2391 1652 2516 1717 ejus

1438 1735 1620 1772 amore
1648 1720 1901 1784 ardebat3
1935 1722 2095 1787 coepit
2122 1721 2332 1772 fortiter
2363 1722 2516 1774 fleti-

1439 1794 1541 1845 bus
1568 1805 1621 1846 et
1647 1794 1975 1860 singultibus
2002 1796 2290 1857 abundare,
2320 1811 2380 1846 ac
2421 1797 2514 1847 la-

1438 1866 1646 1931 crymis
1673 1865 1885 1931 largiter
1908 1866 2316 1916 decurrentibus
2338 1867 2512 1932 pedes

1436 1934 1666 2001 Domini,
1702 1934 1952 1985 balneare
1989 1945 2043 1985 et
2094 1934 2298 1987 lavare.
2351 1936 2509 1988 Unde

1438 2016 1580 2073 patet
1600 2005 1916 2072 magnitudo
1941 2006 2301 2068 contritioniS,
2317 2023 2382 2059 ex
2400 2023 2513 2075 qua

1436 2079 1694 2144 lacrymas
1782 2076 2112 2142 poenitentiae
2187 2078 2513 2144 sanguinem

1436 2147 1610 2198 cordis
1638 2146 1889 2211 fundens,
1930 2156 2142 2197 tantum
2166 2146 2330 2210 flevit,
2359 2148 2511 2216 quod

1437 2220 1596 2288 pedes
1629 2221 1794 2272 unius
1825 2221 2068 2271 hominis
2105 2222 2277 2273 lavare
2314 2232 2515 2288 potue-

1435 2304 1586 2358 runt3
1613 2294 1830 2344 tandem
1849 2308 1881 2344 a
1897 2292 2026 2343 fletu
2045 2308 2273 2354 cessans,
2297 2294 2516 2359 capillis

1435 2366 1551 2418 suis
1587 2366 1748 2434 pedes
1793 2367 1920 2416 Jesu
1969 2367 2108 2416 lotos
2149 2367 2406 2431 extersit,
2459 2377 2516 2418 et

1437 2451 1619 2487 amore
1697 2445 1963 2487 crescente
2025 2435 2372 2487 osculabatur
2417 2450 2516 2489 eos

1437 2523 1574 2575 saepe
1602 2507 1827 2558 dulciter
1853 2516 1905 2558 et
1927 2517 2185 2569 amanter,
2205 2523 2300 2558 nec
2319 2509 2385 2558 de
2409 2508 2516 2559 hoc

1437 2578 1618 2629 satiari
1661 2577 1852 2645 potuit.
1892 2577 1969 2628 Et
2004 2577 2133 2643 quia
2163 2588 2379 2644 propter
2413 2579 2514 2630 iti-

1439 2665 1565 2700 nera
1593 2648 1824 2714 squalidi
1845 2657 1896 2699 et
1916 2647 2041 2699 lassi
2055 2659 2223 2714 erant,
2240 2663 2330 2701 eos
2347 2650 2513 2701 etiam

1440 2725 1705 2787 unguento
1749 2719 1985 2786 pretioso
2025 2719 2277 2785 ungebat,
2318 2720 2386 2771 ad
2416 2736 2513 2772 re-

1437 2789 1715 2856 frigerium
1765 2789 1958 2840 caloris
2019 2796 2072 2840 et
2114 2788 2513 2855 mitigationem

1441 2861 1661 2927 doloris,
1697 2876 1762 2912 ex
1804 2862 1986 2912 labore
2021 2860 2248 2913 itineris.
2290 2863 2357 2913 Et
2396 2862 2513 2913 haec

1438 2932 1658 3000 quidem
1695 2948 1818 3000 quae
1869 2931 2010 2983 dicta
2053 2941 2180 2983 sunt
2218 2933 2518 2999 agebantur

1440 3005 1704 3069 exterius5
1749 3019 1874 3071 quae
1904 3019 2031 3054 vero
2070 3004 2370 3055 revolvebat
2397 3005 2514 3070 ejus

1439 3077 1691 3141 intentio,
1739 3077 1911 3127 multo
1954 3074 2275 3127 ferventiora
2323 3087 2512 3138 erant,

1439 3162 1562 3215 quae
1601 3147 1749 3198 solus
1787 3147 1932 3197 Deus
1977 3145 2315 3213 inspiciebat.
2355 3147 2517 3199 Unde

1441 3217 1748 3283 Gregorius
1784 3216 2077 3284 Nyssenus
2101 3234 2120 3268 .-
2150 3234 2179 3263 α
2207 3216 2512 3283 Indignita-

1439 3298 1549 3340 tem
1589 3298 1768 3339 autem
1814 3302 1967 3338 suam
2010 3287 2298 3338 ostendens
2338 3287 2515 3339 stabat

1440 3368 1560 3427 post
1582 3369 1816 3425 tergum,
1848 3358 2063 3424 deiectis
2103 3358 2424 3419 luminibus,
2457 3368 2514 3410 et

1440 3432 1608 3484 effusa
1628 3447 1782 3484 coma
1805 3431 1964 3498 pedes
1982 3432 2309 3498 amplectens
2335 3431 2515 3496 lacry-

1440 3505 1654 3573 misque
1685 3519 1778 3556 eos
1812 3503 2169 3570 perfundens3
2212 3502 2374 3554 rebus
2406 3501 2516 3553 tri-

1439 3587 1577 3628 stem
1623 3574 1872 3627 animum
1928 3574 2258 3635 ostendebat,
2297 3572 2514 3624 veniam

1441 3646 1830 3713 implorans.»
1854 3645 1968 3696 haec
1996 3644 2303 3710 Gregorius
2342 3643 2515 3708 Nys-

1441 3732 1617 3771 senus.
1642 3718 1701 3769 ln
1729 3731 1792 3770 eo
1816 3731 1943 3784 ergo
1966 3716 2112 3784 quod
2145 3715 2344 3767 mulier
2362 3719 2514 3766 retro

1442 3792 1569 3854 stat,
1622 3788 1838 3841 devotio
1866 3799 1919 3840 et
1946 3786 2225 3840 humilitas
2262 3785 2521 3853 agnosei-

1441 3870 1559 3929 tur;
1588 3860 1645 3914 in
1667 3875 1731 3914 eo
1746 3876 1875 3914 vero
1895 3860 2043 3929 quod
2066 3859 2331 3928 lacrymis
2340 3856 2521 3927 pedes
