2757 4413
560 321 654 371 DE
684 314 966 365 FRATRE
994 302 1322 363 'PETENTE
1353 311 1569 363 DIVIDI
1604 312 2132 364 HEREDITATEM.

220 435 545 495 molestiam,
602 434 795 484 merito
852 433 1002 483 homo
1051 442 1283 491 vocatur,

220 506 520 557 secundum
546 505 680 555 illud
708 523 721 554 ε
754 505 886 554 Cum
920 503 992 553 sit
1020 503 1155 552 inter
1192 517 1285 553 vos

221 578 371 643 zelus
421 583 474 626 et
513 577 776 626 contentio
805 594 822 626 .·
850 588 1018 626 norme
1048 573 1283 624 homines

220 646 401 698 estis?
451 666 477 693 n
527 645 631 696 Ubi
676 645 990 696 Ambrosius
1028 661 1043 693 :
1085 662 1111 689 α
1141 644 1284 692 Bene

220 734 346 784 ergo
394 727 606 767 terrena
652 716 895 779 declinat,
925 715 1019 782 qui
1070 725 1283 780 propter

219 790 400 839 divina
444 788 801 838 descenderat.
851 788 958 837 Nec
996 787 1153 852 judex
1193 784 1283 833 did

219 873 412 928 gnatur
458 876 573 911 esse
625 860 802 910 litium
852 869 902 909 et
957 859 1153 909 arbiter
1198 856 1281 907 fa-

218 934 498 991 cultatum,
531 931 776 981 vivorum
813 931 1014 980 habens
1047 938 1284 978 mortuo-

218 1018 449 1068 rumque
537 1001 797 1067 judicium
868 1011 920 1050 et
998 999 1280 1049 arbitrium

218 1075 555 1123 meritorum.
598 1074 719 1123 Non
771 1072 948 1122 solum
980 1086 1105 1137 ergo
1148 1070 1278 1136 quid

217 1155 381 1209 petaS,
399 1144 493 1193 sed
518 1158 548 1192 a
570 1159 678 1210 quo
699 1143 936 1209 postules
960 1141 1278 1191 intuendum

217 1225 311 1266 est.
346 1216 456 1265 Nec
506 1214 796 1280 majoribus
833 1213 1040 1263 intento
1077 1213 1277 1273 anime,

215 1299 369 1354 putes
469 1287 770 1338 minoribus
845 1287 1279 1353 obstrependum.

216 1359 370 1409 Unde
420 1374 529 1408 non
581 1358 852 1409 immerito
896 1357 1152 1408 refutatur
1194 1357 1282 1407 hic

216 1428 377 1479 frater
409 1468 423 1489 ‚
478 1428 572 1496 qui
644 1429 1063 1494 dispensatorem
1120 1429 1279 1479 coele-

215 1499 381 1548 stium
436 1499 692 1565 gestiebat
722 1498 1160 1564 corruptibilibus
1189 1512 1279 1546 oc-

214 1585 407 1635 cupare
438 1588 450 1619 :
477 1590 503 1617 n
534 1571 644 1621 haec
679 1571 1011 1620 Ambrosius,
1049 1570 1145 1619 Per
1180 1569 1282 1618 hoc

212 1642 357 1707 quod
395 1642 643 1692 Christus
685 1642 857 1692 noluit
902 1657 959 1691 se
1007 1639 1280 1690 intromit-

210 1722 321 1762 tere
359 1713 426 1762 de
468 1713 734 1763 divisione
776 1711 1086 1762 hereditatis
1126 1721 1280 1760 terre·

214 1800 298 1834 nae
319 1823 332 1843 ,
411 1785 644 1834 ostendit
719 1785 860 1850 quod
927 1782 1279 1848 predicatores

213 1855 520 1921 Evangelii,
572 1866 623 1906 et
673 1854 1043 1922 spiritualibus
1090 1852 1275 1910 dediti,

214 1942 324 1976 non
358 1927 555 1976 debent
597 1942 653 1977 se
688 1925 1042 1977 intromittere
1083 1924 1148 1974 de
1181 1938 1279 1972 ne-

211 1997 374 2063 gotiis
422 1997 770 2061 secularibus,
812 1997 883 2047 ob
932 2011 1053 2063 quae
1100 1994 1281 2044 minus

213 2067 430 2118 solliciti
461 2067 571 2118 sint
607 2069 672 2118 de
699 2068 1084 2134 spiritualibus·
1112 2066 1198 2117 Sic
1229 2075 1280 2115 et

209 2138 453 2203 Apostoli
511 2149 573 2188 ut
635 2150 852 2204 possent
893 2153 1073 2188 vacare
1117 2137 1278 2188 verbo

213 2210 329 2268 Dei,
373 2226 552 2260 curam
588 2211 962 2277 temporalium
990 2226 1020 2260 a
1043 2225 1098 2260 se
1135 2211 1279 2275 abje-

214 2294 417 2342 cerunt,
461 2284 699 2334 dicentes
730 2302 742 2333 2
774 2286 900 2334 Non
951 2290 1031 2335 est
1070 2299 1277 2349 aequum

217 2368 313 2403 nos
364 2354 728 2419 derelinquere
777 2355 991 2405 verbum
1046 2355 1176 2415 Dei,
1219 2360 1282 2404 ‘et

212 2425 524 2474 ministrare
560 2426 770 2476 mensis,
801 2427 924 2485 Sed,
947 2425 1088 2476 heu!
1119 2424 1279 2475 hodie

212 2511 449 2561 personae
474 2495 838 2547 ecclesiasticae
867 2497 1055 2547 litibus
1082 2507 1132 2547 et
1162 2512 1282 2546 cau-

216 2566 287 2616 sis
333 2582 572 2632 eousque
603 2578 942 2632 occupantur,
984 2577 1043 2617 ut
1071 2567 1157 2617 his
1186 2584 1281 2617 so-

216 2638 493 2688 lummodo
539 2653 721 2688 vacare
757 2638 1059 2701 videantur3
1108 2639 1284 2689 utilio-

219 2726 273 2761 ra
336 2720 740 2776 postponenteS,
808 2721 859 2761 et
913 2712 1108 2776 Legem
1165 2711 1282 2769 Dei,

218 2783 434 2833 avaritia
481 2783 547 2832 ad
603 2783 703 2832 hoc
744 2783 895 2832 tracti
956 2793 1008 2832 et
1056 2783 1283 2833 invitati.

224 2853 400 2902 Primo
442 2853 665 2919 quidem
717 2852 899 2902 floruit
956 2852 1186 2902 Ecclesia
1227 2852 1283 2902 in

220 2936 389 2991 strage
445 2935 769 2990 martyrum;
813 2924 1065 2983 secund0,
1122 2924 1286 2974 crevit

221 2994 276 3045 in
306 2996 676 3062 persecutione
700 2994 1106 3057 haereticorurn;
1142 3010 1285 3044 nunc

221 3077 394 3117 autem
467 3066 808 3132 corruptione
880 3065 1135 3116 falsorum
1190 3065 1288 3116 fra·

222 3148 361 3189 trum
413 3139 605 3189 litibus
651 3150 701 3189 et
733 3138 1017 3189 inutilibus
1055 3154 1285 3189 crescere

221 3228 328 3261 non
384 3212 601 3262 desinit.
664 3212 922 3271 Quamvis
970 3227 1095 3277 ergo
1169 3213 1284 3261 Do-

221 3283 402 3333 minus
474 3292 679 3348 poterat
705 3322 718 3342 ,
803 3292 979 3333 tamen
1050 3282 1284 3332 dividere

221 3355 456 3418 nolebat3
481 3372 566 3418 ne,
594 3356 733 3405 sicut
760 3355 915 3405 multi
944 3355 1163 3414 faciunt,
1186 3356 1286 3421 spi-

220 3425 429 3477 ritualia
485 3437 702 3493 propter
755 3426 1066 3491 temporalia
1118 3426 1286 3476 inter-

220 3498 453 3548 mitteret
475 3536 488 3558 ,
550 3509 602 3547 et
677 3513 743 3547 ne
794 3496 966 3547 favere
1022 3496 1290 3546 videretur

220 3583 384 3619 avarae
440 3568 719 3634 cupiditati
784 3566 1029 3633 petentis,
1078 3566 1170 3632 qui
1222 3567 1287 3615 ad

221 3639 742 3689 circumveniendum
787 3638 1003 3688 fratrem
1054 3636 1156 3686 hoc
1190 3651 1287 3701 pe-

222 3710 380 3769 tebat,
412 3720 463 3759 et
504 3725 666 3774 quem
703 3724 810 3758 non
836 3719 942 3758 tarn
983 3708 1082 3771 juS,
1123 3722 1286 3772 quam

225 3794 307 3830 res
344 3791 395 3831 et
424 3796 575 3830 amor
608 3779 838 3830 habendi
874 3779 1145 3841 trahebat3
1174 3778 1289 3844 qui-

224 3865 328 3915 que
372 3862 584 3901 terrena
611 3860 663 3899 et
708 3866 817 3900 non
849 3850 1079 3901 coelestia
1108 3849 1286 3915 sapie-

226 3921 328 3986 bat,
357 3924 496 3974 sicut
524 3922 740 3986 terreni,
770 3922 908 3974 inter
935 3937 1073 3989 quos
1097 3921 1288 3986 hujus-

2352 306 2457 376 699

1393 431 1537 482 modi
1567 433 1730 492 zelus,
1762 444 1813 483 et
1848 432 2117 483 contentio
2155 429 2452 480 dividendae

1391 505 1700 556 hereditatis
1728 522 1843 556 esse
1872 506 2022 556 solet.

1454 591 1481 624 2
1511 577 1803 627 Gavi-:unua
1826 593 1991 627 noem·
2016 593 2081 626 AB
2111 591 2236 626 oum
2261 588 2450 624 Avium-

1388 664 1493 698 τιΑ.
1520 677 1578 686 -
1611 650 1764 699 Unde
1794 661 1845 699 et
1886 665 1950 699 ex
1980 647 2083 698 hoc
2113 660 2450 711 consequen-

1386 731 1467 771 ter
1518 720 1791 771 avaritiam
1846 735 1964 786 quae
2007 735 2037 769 a
2074 720 2185 768 Deo
2223 725 2448 781 separat,

1387 790 1563 840 statim
1608 792 1980 857 reprehendit,
2023 800 2073 840 et
2120 802 2299 839 cavere
2350 787 2453 835 do-

1388 862 1513 921 cuit,
1544 862 1744 922 dicens,
1778 874 1883 914 tam
1905 865 1969 913 ad
2000 862 2183 913 turbas
2204 875 2365 927 quam
2385 859 2451 908 ad

1387 932 1698 998 discipulos,
1730 935 1857 1000 quia
1906 933 2124 984 avaritia
2165 945 2452 982 commune

1387 1003 1578 1053 vitium
1622 1015 1701 1053 est
1749 1014 1857 1055 tam
1925 1003 2240 1054 clericorum
2291 1015 2454 1066 quam

1386 1073 1675 1137 laicorum3
1710 1085 1817 1125 tam
1861 1074 2255 1140 religiosorum,
2293 1085 2455 1137 quam

1388 1145 1736 1209 secularium3
1793 1156 1903 1196 tam
1956 1145 2247 1202 minorum,
2290 1157 2455 1221 qua-m

1388 1216 1650 1280 majorum
1675 1254 1689 1275 ,
1771 1216 1899 1282 quia
1960 1229 2149 1264 omnes
2222 1210 2456 1261 avaritiae

1388 1288 1618 1338 student.
1665 1289 1817 1338 Unde
1856 1303 1966 1346 eos,
2019 1285 2312 1335 secundum
2342 1283 2452 1332 Be-

1388 1358 1528 1420 dam,
1570 1359 1839 1409 occasione
1870 1359 2030 1438 hujus
2071 1356 2219 1406 stulti
2253 1354 2453 1421 petito-

1387 1428 1460 1477 ris
1506 1430 1757 1480 adversus
1800 1428 2035 1480 avaritiae
2068 1437 2288 1492 pestem,
2333 1440 2452 1491 quae

1385 1501 1556 1551 radix
1611 1502 1835 1551 omnium
1867 1501 2128 1551 malorum
2173 1503 2270 1558 est,
2309 1512 2451 1562 prae-

1386 1571 1552 1636 ceptis
1598 1571 1792 1636 pariter
1834 1581 1885 1622 et
1926 1569 2185 1636 exemplis
2239 1566 2453 1617 munire

1386 1641 1594 1722 satagit,
1630 1641 1814 1692 dicens
1932 1642 2127 1691 Cavete
2173 1639 2242 1688 ab
2311 1636 2454 1687 omni

1386 1712 1663 1774 avaritia,
1740 1712 1940 1761 scilicet
2024 1721 2130 1760 tam
2214 1705 2454 1757 interiori

1386 1799 1547 1849 quam
1605 1784 1874 1844 exteriori,
1927 1798 2048 1849 quae
2095 1779 2340 1832 consistit
2391 1779 2449 1828 in

1386 1855 1577 1920 cupida
1626 1855 1975 1921 requisitione
2028 1851 2443 1918 temporalium,

1386 1936 1437 1975 et
1482 1926 1649 1976 tenaci
1701 1926 1998 1977 retentione
2045 1940 2250 1975 eorum.
2302 1920 2456 1971 Unde

1387 1998 1527 2048 idem
1576 1999 1772 2049 Beda:
1799 2019 1825 2045 a
1855 1998 1995 2049 Dicit
2028 2010 2223 2058 autem,
2255 1995 2323 2045 ab
2347 2008 2452 2044 om-

1386 2070 1468 2134 ni,
1523 2072 1649 2138 quia
1705 2072 1962 2123 nonnulla
2021 2069 2339 2136 simpliciter
2389 2066 2454 2115 ab

1387 2142 1704 2192 hominibus
1754 2143 1864 2210 geri
1908 2142 2186 2204 videntur3
2227 2139 2317 2189 sed
2377 2137 2454 2186 in-

1386 2223 1566 2264 ternus
1600 2215 1797 2265 arbiter
1825 2231 1929 2282 qua
1970 2213 2270 2264 intentione
2306 2211 2455 2269 fiant,

1385 2284 1513 2351 quia
1554 2285 1736 2348 cernit,
1767 2286 2031 2351 dijudicat.
2067 2305 2093 2332 n
2119 2285 2234 2342 Vel,
2263 2296 2454 2332 secun-

1384 2357 1515 2406 dum
1545 2357 1834 2424 cyrillum,
1874 2356 2003 2406 dicit
2043 2358 2111 2405 ab
2156 2353 2313 2414 omni,
2347 2350 2453 2401 sci-

1386 2429 1506 2479 licet
1536 2444 1725 2494 magna
1762 2439 1814 2480 et
1860 2444 2060 2494 parva:
2090 2427 2229 2507 Quia
2259 2438 2358 2474 non
2399 2424 2451 2473 in

1388 2501 1714 2550 abundantia
1771 2500 2081 2550 divitiarum
2139 2496 2451 2563 cujusquam

1387 2571 1498 2621 vita
1549 2570 1663 2637 ejus
1701 2576 1808 2632 est,
1870 2569 2071 2619 scilicet
2122 2564 2450 2644 spiritualis,

1390 2656 1482 2706 per
1531 2656 1693 2721 quam
1751 2639 2094 2705 conjungitur
2139 2637 2269 2694 Deo,
2325 2633 2453 2700 quia

1391 2727 1491 2761 non
1544 2711 1596 2760 in
1640 2711 1754 2761 solo
1795 2724 1935 2775 pane
1986 2708 2116 2758 vivit
2151 2707 2322 2766 hom0,
2357 2719 2451 2754 nec

1389 2784 1550 2834 etiam
1605 2782 1909 2848 corporaliS,
1954 2780 2080 2846 quia
2149 2776 2454 2843 temporalis

1389 2852 1498 2903 vita
1557 2852 1866 2903 divitiarum
1939 2848 2286 2899 multitudine
2343 2862 2452 2896 non

1391 2923 1743 2987 protenditur,
1777 2921 1887 2972 imo
1915 2920 2217 2986 frequenter
2246 2934 2309 2968 ex
2340 2917 2453 2967 sol-

1390 2993 1758 3043 licitudinibus
1795 2993 2118 3050 animarum,
2148 3000 2199 3040 et
2250 2988 2455 3039 deliciis

1390 3079 1705 3128 corporum,
1764 3063 2044 3113 minuitur.
2112 3060 2235 3110 Vita
2284 3058 2457 3109 homi·

1392 3137 1477 3188 nis
1530 3137 1837 3202 temporalis
1911 3151 2020 3186 non
2092 3132 2334 3184 consistit
2401 3131 2456 3181 in

1389 3211 1717 3261 abundantia
1771 3227 1968 3270 rerum,
2024 3209 2151 3276 quia
2202 3206 2449 3274 quando-

1390 3298 1495 3348 que
1547 3283 1667 3347 plus
1719 3282 1979 3332 minuitur
2023 3289 2073 3331 et
2117 3277 2454 3329 abbreviatur

1392 3353 1449 3402 in
1495 3352 1858 3419 prosperitate,
1904 3368 2065 3418 quam
2115 3350 2170 3399 in
2225 3344 2452 3398 adversi-

1391 3435 1512 3474 tate.
1537 3424 1657 3474 Vita
1689 3424 1847 3474 etiam
1880 3422 2171 3489 spiritualis
2194 3435 2302 3469 non
2331 3431 2450 3467 con-

1390 3496 1600 3547 sistitin
1622 3496 1974 3559 abundantia3
2005 3496 2114 3545 imo
2149 3494 2454 3557 frequenter

1393 3567 1733 3634 periclitatur.
1787 3569 1941 3618 Unde
1986 3567 2451 3642 Chrysostomus:

1394 3657 1421 3684 «
1451 3639 1635 3704 Neque
1661 3639 1807 3688 enim
1842 3638 2035 3687 animae
2063 3634 2184 3693 soli,
2219 3633 2309 3683 sed
2349 3630 2450 3695 ipsi

1393 3708 1601 3773 corpori
1659 3719 1782 3758 sunt
1836 3707 2032 3757 nocivae
2093 3703 2345 3754 deliciae:
2392 3715 2454 3751 eo

1394 3779 1538 3844 quod
1572 3794 1635 3828 ex
1680 3778 1803 3828 forti
1842 3778 1901 3827 fit
1924 3776 2115 3834 debile,
2159 3784 2210 3824 et
2232 3789 2295 3823 ex
2323 3787 2451 3822 sano

1393 3850 1726 3916 aegrotivum‚
1757 3865 1821 3899 ex
1857 3849 1981 3914 agili
2015 3863 2189 3913 grave,
2233 3863 2297 3898 ex
2353 3845 2454 3895 for·

1397 3938 1550 3973 moso
1596 3920 1850 3982 deforme,
1889 3936 1953 3971 ex
1992 3922 2183 3987 juvene
2208 3931 2454 3973 veterno-
