2757 4413
383 339 490 404 614

382 457 646 513 recitatur,
677 450 893 510 scilicet,
921 451 978 500 in
1003 457 1191 516 quarta
1211 446 1451 496 domini-

380 545 439 578 ca
487 523 932 589 Quadragesimae‚
984 530 1036 571 et
1080 521 1182 570 hoc
1238 529 1453 584 propter

383 597 706 665 principium
735 593 862 643 dicti
890 591 1178 656 Evangelii,
1208 589 1301 640 ubi
1326 588 1454 653 legi-

381 683 471 720 tur
500 687 513 719 :
543 669 687 718 Erat
720 663 1032 731 proximum
1064 661 1297 722 Pascha,
1336 659 1453 709 dies

370 743 554 808 festus
574 737 886 788 Judaeorum
897 751 914 795 ;
932 742 983 782 et
1004 732 1056 781 in
1077 731 1265 781 ultima
1283 729 1453 778 domi-

365 814 501 863 -nica
524 820 642 861 ante
671 807 991 867 Adventum,
1019 814 1071 853 et
1106 803 1207 851 hoc
1238 810 1455 866 propter

383 886 549 936 finem
585 880 819 946 ejusdem
851 875 1140 942 Evangelii,
1170 874 1262 924 ubi
1312 873 1452 922 dici-

383 968 472 1007 tur
511 971 524 1003 z
555 952 666 1002 Hic
693 955 772 999 est
817 948 1107 1012 Propheta,
1140 946 1230 1012 qui
1265 950 1453 995 ventu-

382 1041 480 1077 rus
504 1029 586 1074 est
607 1022 660 1071 in
683 1018 947 1068 mundum.

448 1111 485 1160 4
517 1094 674 1142 Fines
707 1104 984 1137 runnae.—
1026 1087 1253 1152 Vespere
1278 1090 1452 1134 autem
1492 1104 1500 1116 ’

393 1167 555 1226 facto,
601 1161 861 1211 dixerunt
895 1157 970 1206 ad
997 1170 1112 1206 eum
1147 1153 1399 1218 discipuli
1437 1171 1453 1202 .-

388 1238 516 1288 Jam
557 1234 707 1292 hora,
751 1227 1008 1279 redeundi
1042 1227 1106 1276 ad
1142 1225 1355 1292 propria
1404 1234 1454 1272 et

391 1302 740 1363 comedendi,
812 1299 1084 1366 proeteriit
1107 1314 1128 1361 ,·
1200 1306 1252 1346 et
1334 1295 1454 1344 ideo

392 1377 606 1429 refectio
672 1371 963 1423 necessaria
1018 1369 1141 1419 fuit.
1212 1370 1274 1418 In
1344 1383 1454 1432 quo

392 1449 692 1501 ostenditur
745 1442 1068 1495 desiderium
1134 1439 1452 1499 SalvatoriS,

390 1520 535 1586 quod
580 1518 645 1566 de
699 1515 868 1564 salute
938 1510 1240 1563 animarum
1286 1508 1456 1558 habe-

389 1593 497 1650 bat,
549 1587 677 1654 quia
719 1599 891 1650 usque
937 1583 1002 1631 ad
1038 1595 1308 1646 vesperam
1354 1595 1458 1628 ser-

386 1676 604 1712 monem
655 1654 1023 1723 protrahebat;
1075 1663 1126 1703 et
1178 1652 1454 1701 turbarum

385 1730 615 1791 devoti0,
637 1741 757 1792 quae
776 1723 1054 1774 dulcedine
1074 1721 1338 1773 sermonis
1355 1721 1458 1770 Do·

383 1802 573 1855 minici
601 1800 935 1857 tenebantur,
982 1812 1077 1847 nec
1122 1807 1337 1862 propter
1367 1811 1458 1844 no-

383 1887 519 1927 ctem
546 1872 914 1923 imminentem
942 1870 1008 1918 ab
1040 1884 1102 1918 eo
1127 1866 1454 1923 recedebant,

385 1944 631 2012 quamvis
697 1941 951 1991 alimenta
1020 1954 1127 1987 non
1183 1938 1455 1986 haberent.

386 2019 622 2067 Tantum
676 2011 822 2062 enim
863 2010 1229 2059 desiderabant
1276 2008 1459 2058 audire

385 2085 681 2145 Christum,
725 2082 871 2147 quod
922 2079 1213 2129 omiserant
1261 2093 1460 2143 appor-

384 2166 495 2206 tare
517 2170 698 2204 secum
715 2152 1056 2213 alimentum3
1080 2158 1293 2215 propter
1315 2148 1461 2214 quod

388 2224 744 2276 necessarium
799 2231 907 2271 erat
955 2220 1069 2270 fieri
1121 2220 1461 2269 miraculum.

391 2298 497 2349 Ubi
559 2296 977 2362 Chrysostomus
1023 2310 1040 2343 .-
1083 2309 1110 2337 «
1156 2292 1203 2340 T
1208 2292 1462 2341 urbatum

389 2371 549 2421 fidem
630 2368 877 2426 ostendit,
949 2365 1094 2432 quod
1147 2364 1463 2420 Dominum,

392 2442 552 2490 etiam
573 2438 769 2488 famem
799 2436 1073 2502 patientes,
1095 2433 1468 2500 exspectabant

392 2526 564 2577 usque
589 2511 652 2560 ad
672 2523 963 2574 vesperam.
994 2526 1021 2553 n
1046 2507 1177 2556 Cum
1197 2519 1331 2571 ergo
1355 2505 1470 2554 sub·

394 2585 622 2634 levasset
660 2584 822 2634 Jesus
865 2580 1063 2641 ocuIOS,
1090 2577 1468 2628 misericordiae

391 2671 518 2715 suae,
540 2661 590 2705 et
621 2654 855 2719 uidisset,
872 2649 1232 2700 miserationis
1250 2648 1468 2707 intuitu,

391 2728 519 2791 quia
530 2725 820 2775 multitudo
839 2721 1070 2772 maxima
1089 2719 1231 2769 venit
1244 2720 1307 2768 ad
1323 2734 1467 2778 eum,

390 2796 556 2846 totius
598 2794 787 2844 mundi
840 2790 1170 2859 significabat
1218 2790 1469 2839 multitu-

386 2866 569 2916 dinem
627 2873 1031 2915 concurrentem
1072 2861 1136 2909 ad
1170 2859 1467 2923 Christum,

387 2938 586 3003 incepit
634 2938 873 2987 conferre
923 2949 1047 2984 cum
1103 2931 1351 2997 Philippo
1404 2933 1469 2982 de

386 3021 545 3066 tantae
600 3008 965 3059 multitudinis
1007 3005 1305 3064 resectione,
1352 3005 1467 3070 qui,

377 3080 680 3130 secundum
767 3079 1225 3143 Chrysostomum,
1296 3074 1469 3140 magis

386 3152 537 3212 rudis
585 3150 705 3210 fuit,
756 3161 809 3201 et
855 3148 1028 3215 magis
1078 3147 1327 3212 indigens
1381 3147 1468 3195 in-

386 3224 698 3278 structione.
754 3225 818 3274 Et
872 3221 1154 3288 cognovit,
1211 3219 1469 3270 referente

386 3298 614 3361 Andrea,
646 3297 791 3364 quod
821 3311 964 3346 unus
1001 3309 1147 3359 puer,
1180 3292 1320 3343 inter
1355 3308 1466 3351 εοε,

387 3369 629 3435 quinque
674 3383 839 3435 panes
880 3366 1201 3415 hordeaceos
1234 3375 1285 3414 et
1332 3365 1470 3415 duos

386 3440 560 3506 pisces
587 3449 797 3489 tanturn
830 3437 1065 3494 haberet,
1099 3451 1253 3502 quos,
1283 3451 1346 3484 eo
1382 3435 1470 3499 ju-

387 3513 563 3572 bente,
605 3511 662 3561 in
702 3510 942 3560 medium
994 3509 1310 3570 attulerunt3
1356 3522 1473 3571 pro-

384 3593 519 3647 pter,
548 3582 880 3649 spiritualem
922 3578 1280 3638 refectionem,
1306 3593 1470 3644 quam

384 3653 640 3704 continue
678 3669 707 3703 a
746 3651 981 3702 Domino
1029 3648 1317 3708 habebant,
1360 3665 1470 3698 non

385 3726 621 3776 multum
652 3726 717 3775 de
749 3719 1011 3788 corporali
1047 3718 1330 3769 refectione
1366 3719 1471 3768 sibi

383 3798 637 3847 curabant
656 3796 948 3863 providere.
967 3794 1026 3842 In
1048 3805 1157 3857 quo
1176 3800 1475 3855 arguuntur

385 3882 717 3922 successores
742 3882 948 3925 eorum,
966 3862 1062 3929 qui
1093 3862 1159 3911 de
1182 3860 1387 3910 deliciis
1408 3860 1475 3910 si-

387 3938 443 3988 bi
459 3941 738 4004 providere
767 3957 876 3992 non
906 3944 1130 3992 cessant.
1162 3934 1268 3987 Ubi
1300 3934 1475 4004 Chry-

965 335 1202 385 PRIMAE
1239 331 1486 382 PARTIS
1517 330 1750 381 CAPUT
1783 331 1985 381 LXVII.

1557 452 1821 497 sostomus
1859 464 1876 497 .-
1916 464 1942 492 «
1976 445 2318 496 Addiscimus
2351 454 2527 496 autem
2567 445 2617 496 in

1558 516 1660 566 hoc
1729 516 2117 582 discipulorum
2195 517 2615 583 philosophiam,

1556 586 1782 653 qualiter
1805 599 2242 654 contempserunt
2266 604 2458 639 escam.
2484 590 2624 639 Duo·

1555 659 1731 708 decim
1758 658 1904 709 enim
1939 659 2242 720 existenteS,
2269 661 2509 726 quinque
2532 677 2620 725 pa-

1560 744 1654 779 nes
1692 729 1954 779 habebant
2003 740 2054 779 et
2089 730 2226 783 duos
2264 731 2462 795 pisces;
2496 747 2619 780 con-

1558 799 1879 865 temptibilia
1897 800 2043 850 enim
2062 801 2140 850 eis
2155 811 2303 851 erant
2321 802 2622 867 corporalia,

1559 880 1609 919 et
1676 886 1707 921 a
1761 870 2132 935 spiritualibus
2196 872 2619 936 possidebantur.

1558 940 1851 1006 Oportebat
1889 952 2065 992 autem
2113 942 2342 1002 erudiri,
2388 942 2622 1009 discipu-

1558 1023 1732 1070 lorum
1752 1014 2013 1077 exemplo,
2031 1013 2287 1078 quoniam
2315 1024 2366 1063 et
2389 1014 2437 1063 si
2468 1030 2620 1082 pauca

1560 1083 1937 1143 habuerimus,
1975 1094 2184 1149 oportet
2212 1084 2448 1135 tribuere
2486 1086 2623 1135 indi-

1558 1154 1832 1218 gentibus.
1890 1154 2032 1205 Jussi
2088 1171 2322 1223 namque
2386 1157 2623 1222 discipuli

1558 1224 1742 1276 afferre
1768 1227 2011 1292 quinque
2054 1242 2232 1291 paneS,
2275 1245 2385 1279 non
2434 1228 2622 1286 dicunt,

1558 1296 1699 1348 unde
1740 1299 2109 1366 mitigabimus
2139 1301 2334 1351 famem
2365 1301 2626 1351 nostram?

1560 1372 1650 1420 sed
1692 1371 1975 1421 confestim
2020 1373 2296 1424 obediunt.
2333 1394 2357 1419 ιι
2402 1374 2475 1424 Et
2512 1373 2627 1424 fecit

1558 1443 1740 1492 turbas
1781 1443 2132 1507 discumbere,
2177 1445 2230 1494 id
2275 1455 2356 1495 est
2399 1446 2627 1495 ordinate

1558 1516 1623 1564 ad
1667 1515 2052 1566 comedendum
2101 1518 2301 1581 sedere,
2348 1533 2512 1584 super
2552 1516 2626 1566 fe-

1560 1602 1710 1646 num,
1745 1586 1796 1636 id
1828 1597 1907 1636 est
1941 1603 2102 1653 super
2133 1588 2355 1638 herbam
2394 1589 2507 1655 agri
2549 1587 2626 1637 vi-

1559 1657 1761 1720 ridem,
1811 1658 1866 1708 in
1924 1674 2033 1724 quo
2098 1659 2430 1723 ostenditur,
2494 1659 2626 1725 quod

1559 1738 1706 1787 locus
1750 1743 1858 1782 erat
1885 1742 2040 1797 aptus
2083 1733 2148 1782 ad
2193 1733 2507 1783 sedendum.
2536 1732 2627 1782 Ubi

1560 1799 1807 1852 innuitur
1865 1803 2105 1867 probatio
2163 1802 2284 1852 fidei
2337 1804 2624 1866 turbarum,

1559 1871 1687 1937 quia
1730 1873 1882 1923 aliter
1918 1889 2026 1922 non
2057 1873 2317 1922 sedissent
2352 1875 2422 1923 ad
2459 1887 2625 1923 come-

1560 1943 1826 2004 dendum,
1863 1943 1964 1994 nisi
2006 1943 2352 1994 credidissent
2410 1945 2626 1993 miracu-

1562 2012 1694 2064 lum.

1630 2085 1657 2135 5
1694 2086 1855 2135 INTER
1881 2101 2055 2136 umus
2097 2086 2315 2136 Cuius-rr
2350 2099 2624 2134 num-rpu-

1563 2174 1772 2210 cmrun
1816 2174 1976 2209 mnas
2025 2173 2090 2208 m·
2138 2173 2405 2208 P1scas.—
2444 2158 2627 2209 Discu-

1571 2232 1796 2281 buerunt
1839 2245 1975 2296 ergo
2014 2231 2240 2296 quinque
2279 2229 2457 2280 millia
2491 2229 2624 2279 viro-

1568 2318 1704 2365 rum,
1751 2299 2120 2367 perfectorum‚
2163 2301 2365 2365 absque
2412 2297 2628 2366 parvulis

1571 2382 1623 2422 et
1674 2370 2018 2435 mulieribus3
2072 2370 2365 2420 secundum
2418 2369 2625 2419 modum

1571 2442 1716 2491 enim
1761 2440 2080 2490 Hebraicum
2123 2439 2222 2489 soli
2260 2439 2360 2489 viri
2391 2456 2422 2491 a
2453 2437 2627 2505 viginti

1571 2514 1748 2573 annis,
1819 2522 1871 2562 et
1924 2528 2085 2578 supra
2132 2523 2499 2571 numerantur,
2544 2511 2626 2561 sed

1575 2584 1780 2651 parvuli
1822 2593 1873 2633 et
1920 2583 2169 2633 mulieres
2217 2593 2480 2633 tacentur.
2526 2583 2626 2632 Hoc

1574 2668 1749 2707 autem
1780 2655 1909 2705 dicit
1929 2655 2284 2722 Evangelista,
2310 2666 2368 2705 ut
2397 2663 2627 2722 appareat

1574 2728 1747 2792 majus
1775 2726 2116 2777 miraculum.
2143 2726 2363 2791 Accepit
2384 2740 2517 2792 ergo
2539 2724 2627 2774 Je-

1577 2813 1667 2849 sus
1684 2811 1871 2862 paneS,
1905 2807 1956 2847 et
1979 2797 2151 2862 pisces
2179 2796 2234 2846 in
2259 2796 2509 2846 manibus
2530 2796 2626 2861 glo-

1575 2869 1734 2919 riosis
1773 2878 1824 2918 et
1875 2867 2297 2927 venerabilibuS,
2350 2882 2473 2932 quae
2522 2865 2622 2916 vim

1575 2939 1965 3005 multiplicandi
1998 2939 2284 2996 habebant,
2313 2949 2373 2988 ut
2407 2936 2626 2989 sacratis-

1574 3012 1833 3061 simarum
1887 3024 2147 3059 manuum
2187 3019 2330 3058 tactu
2373 3006 2625 3072 multipli-

1572 3091 1833 3140 carentur,
1855 3095 1914 3130 ac
1942 3094 2134 3145 magna
2154 3093 2379 3128 munera
2400 3079 2622 3130 daturus·

1577 3152 1728 3218 prius
1753 3151 1809 3201 in
1838 3151 2031 3201 coelum
2050 3150 2274 3214 aspexit,
2301 3159 2359 3199 ut
2382 3162 2528 3200 omne
2545 3147 2624 3197 da-

1576 3231 1683 3274 tum
1731 3223 1981 3287 optimum
2024 3227 2076 3271 et
2116 3222 2309 3271 donum
2342 3221 2624 3286 perfectum

1574 3295 1852 3344 desursum
1899 3308 2012 3343 esse
2060 3290 2371 3351 insinuaret,
2424 3302 2483 3341 ut
2534 3290 2624 3338 Pa-

1574 3377 1709 3416 trem
1737 3380 1896 3415 suurn
1933 3364 2247 3428 honoraret;
2288 3372 2339 3412 et
2373 3378 2481 3412 non
2522 3359 2624 3409 vir-

1576 3445 1687 3486 tute
1709 3434 2036 3493 elementari,
2067 3434 2159 3484 sed
2195 3432 2412 3493 coelesti,
2439 3432 2536 3481 hoc
2562 3428 2624 3478 fa-

1578 3516 1723 3557 cturn
1744 3520 1858 3556 esse
1882 3506 2202 3556 ostenderet.
2227 3504 2430 3554 Deinde
2449 3498 2621 3557 oravit,

1578 3577 1721 3628 Patri
1761 3576 1982 3642 gratias
2016 3589 2204 3642 agens,
2241 3584 2302 3624 ut
2337 3573 2623 3625 ostenderet

1577 3657 1838 3715 quantum
1862 3647 1928 3697 de
1947 3646 2145 3696 nostris
2169 3644 2489 3711 profectibus
2508 3653 2620 3708 gra-

1576 3721 1802 3779 tuletur,
1853 3729 1923 3778 et.
1965 3719 2260 3769 secundum
2303 3718 2621 3782 chrysosto-

1578 3807 1736 3854 mum,
1758 3800 1819 3840 ut
1846 3789 2159 3840 informaret
2195 3802 2294 3837 nos
2318 3787 2383 3837 ad
2410 3782 2619 3850 agendas

1579 3877 1790 3929 semper
1834 3862 1945 3911 Deo
1995 3860 2215 3927 gratias,
2264 3873 2386 3908 cum
2446 3855 2526 3906 vel
2565 3851 2619 3902 in

1579 3950 1735 3986 carne
1775 3932 2070 3998 reficimur,
2122 3933 2204 3984 vel
2245 3930 2299 3981 in
2334 3926 2537 3981 anima?
2573 3933 2621 3974 et
