2757 4413
662 315 757 366 DE
782 311 1098 365 MULIERE
1134 310 1548 361 CHANANAEA
1581 310 1673 361 ET
1702 309 1867 361 Esus
1901 310 2100 361 FILIA.

247 435 450 485 misera
479 432 904 484 misericordiam
933 429 1195 496 sequitur,
1226 443 1316 479 re-

247 506 405 573 pulsa
464 520 577 554 non
640 502 908 554 erubescit
932 540 945 562 ‚
1009 501 1314 566 importune

245 579 464 636 clamat,
512 576 837 625 Salvatorem
878 571 1188 623 adoratione
1233 570 1315 620 la-

244 649 363 698 triae
387 647 592 707 adorat,
607 646 788 695 dicens
816 660 833 695 .·
848 643 1091 704 Domine,
1112 640 1313 707 adjuva

242 734 360 783 me,·
392 734 452 769 se
476 717 711 782 adjuvari
739 717 990 782 postulat,
1020 712 1314 765 infirmita-

246 803 359 844 tem
387 791 537 842 enim
567 789 689 840 filiae
708 804 861 839 suam
893 796 1119 854 reputat,
1149 795 1200 836 et
1219 801 1313 849 per

244 879 589 930 consequens
615 862 775 913 etiam
814 861 1110 912 sanitatem.
1147 858 1313 919 Quasi

243 937 448 988 diceret
500 951 514 983 ε
564 933 620 984 Si
669 949 842 999 usque
879 932 1039 982 modo
1069 946 1177 981 non
1211 929 1309 991 fui,

241 1017 428 1059 tamen
459 1006 623 1057 modo
649 1006 774 1055 volo
798 1020 914 1055 esse
943 1004 1058 1054 ovis
1108 1002 1224 1062 Dei,
1253 1002 1309 1052 in

240 1083 467 1149 signum
504 1080 668 1145 hujus
715 1079 879 1130 adoro
933 1088 985 1129 te
1025 1078 1166 1129 sicut
1193 1076 1310 1128 ovis

239 1162 542 1219 pastorem3
576 1160 629 1200 et
681 1148 802 1199 ideo
832 1149 1075 1211 Domine,
1105 1148 1307 1215 adjuva

238 1237 340 1285 me,
362 1222 508 1273 sicut
541 1230 720 1287 pastor
739 1221 952 1285 adjuvat
978 1235 1132 1269 ovem
1153 1235 1307 1270 suam

238 1294 480 1345 debilem
522 1302 573 1343 et
619 1292 910 1343 infirmam.
944 1291 1051 1352 Qui
1082 1305 1309 1357 respon-

238 1365 392 1428 dens,
424 1365 505 1415 ait
532 1381 550 1414 .·
584 1364 711 1413 Non
741 1368 822 1412 est
847 1363 1049 1424 bonum,
1075 1363 1204 1428 quia
1230 1371 1311 1411 est

238 1447 426 1489 contra
452 1436 700 1487 ordinem
746 1434 897 1501 juriS‚
932 1444 984 1485 et
1010 1434 1171 1485 etiam
1209 1450 1309 1484 na-

236 1518 378 1559 turae
410 1519 634 1570 sumere,
666 1515 718 1556 et
762 1506 968 1556 auferre
1000 1519 1214 1571 panem,
1251 1504 1306 1554 id

236 1588 323 1630 est
350 1578 576 1628 verbum
607 1576 704 1626 Dei
735 1587 787 1627 et
827 1575 1035 1636 salutis,
1072 1590 1166 1625 seu
1207 1574 1308 1624 do-

236 1649 470 1700 ctrinam
522 1658 575 1697 et
619 1646 979 1713 operationem
1018 1646 1307 1696 miraculo-

235 1736 375 1781 sam,
410 1720 677 1787 filiorum,
732 1719 787 1769 id
840 1728 920 1770 est
960 1718 1302 1781 Judaeorum3

235 1792 370 1859 quia
416 1792 682 1856 promissa
730 1800 859 1841 sunt
909 1789 1128 1849 Judaeis,
1182 1798 1307 1839 tan-

234 1878 405 1930 quam
459 1861 832 1927 spiritualibus
903 1860 1031 1910 filiis
1090 1869 1305 1925 propter

238 1934 449 1983 cultum
479 1931 645 1982 unius
672 1932 806 1995 Dei;
837 1938 887 1982 et
911 1933 1121 1982 mittere
1150 1931 1304 1982 cani-

238 2004 355 2065 buS,
411 2003 464 2051 id
521 2012 600 2052 est
652 2001 776 2051 dare
830 2001 1157 2064 Gentilibus,
1206 1998 1301 2066 qui

233 2083 360 2125 ante
376 2072 782 2123 conversionem
797 2072 1111 2122 dicebantur
1128 2086 1304 2133 canes,

235 2144 448 2195 ratione
489 2142 865 2200 immunditiae‚
891 2142 1094 2192 ratione
1124 2141 1304 2191 idolo-

230 2216 408 2267 latriae
433 2227 486 2268 et
513 2216 722 2266 ratione
741 2215 956 2266 saevitiae
984 2214 1040 2264 in
1060 2216 1302 2265 Sanctos.

231 2290 312 2339 At
355 2287 454 2338 illa
483 2287 651 2348 dixit,
693 2302 812 2337 ecce
852 2282 1132 2336 humilitas
1175 2300 1304 2335 mu-

232 2359 403 2421 lieris,
435 2375 556 2426 quae
583 2368 732 2410 tanto
757 2360 880 2425 plus
908 2357 1299 2424 magnificatur,

233 2442 436 2497 quanto
473 2431 644 2495 major
685 2430 789 2480 fuit
827 2428 1149 2495 objurgatio,
1183 2444 1302 2495 quae

232 2512 437 2568 quanta
484 2501 587 2551 fuit
620 2511 762 2567 patet
803 2516 867 2550 ex
908 2500 1082 2550 tribus
1119 2516 1133 2549 ε
1175 2499 1305 2566 quia

235 2589 347 2623 non
375 2573 507 2633 filia,
539 2589 645 2623 non
689 2587 824 2638 pane
850 2571 1031 2638 digna,
1076 2571 1169 2621 sed
1199 2587 1301 2637 po-

233 2645 346 2695 tius
376 2643 525 2695 canis
549 2653 630 2694 est
651 2643 818 2705 dicta3
865 2653 917 2692 et
942 2642 1057 2708 ipsa
1081 2657 1302 2692 conces—

233 2716 305 2767 sit
341 2715 549 2776 omnia,
588 2716 734 2765 unde
771 2715 1017 2780 sequitur
1048 2731 1061 2765 z
1092 2715 1298 2776 Etiam,

231 2787 479 2838 Domine.
497 2785 660 2846 Quasi
687 2786 885 2835 diceret
906 2801 920 2835 ς
949 2785 1148 2835 Verum
1173 2783 1306 2834 dicis

233 2858 365 2925 quia
391 2873 514 2908 sum
547 2857 710 2908 canis.
750 2858 953 2907 Canem
1002 2871 1090 2906 me
1124 2871 1299 2916 vocaS,

233 2929 387 2980 canis
420 2939 549 2979 tuus
582 2944 700 2979 esse
726 2929 886 2992 volo;
926 2942 1053 2993 ergo
1094 2943 1180 2978 me
1207 2943 1300 2978 ca—

234 3017 362 3052 nem
387 3010 544 3051 tuum
575 2999 739 3063 nutri,
768 2998 898 3065 quia
942 3014 1049 3048 non
1078 3014 1296 3064 possum

228 3071 537 3136 relinquere
584 3086 826 3120 mensam
888 3068 1107 3120 Domini
1170 3069 1296 3122 mei.

227 3141 454 3192 Domini
484 3157 642 3192 canes
670 3157 782 3192 non
806 3142 1112 3207 expellunt3
1156 3151 1209 3191 et
1250 3140 1296 3191 si

227 3214 569 3280 expelluntur
608 3228 702 3279 per
738 3228 903 3263 unam
936 3224 1163 3278 portam,
1190 3213 1293 3279 ipsi

226 3292 571 3335 revertuntur
592 3299 686 3349 per
712 3283 892 3334 aliam.
925 3284 980 3334 Si
1014 3300 1140 3350 ergo
1170 3300 1293 3335 sum

226 3352 395 3413 caniS‚
427 3368 538 3403 non
558 3354 721 3404 debes
741 3369 829 3404 me
855 3355 1119 3419 expellere
1145 3371 1175 3405 a
1205 3365 1291 3418 te;

227 3434 279 3474 et
292 3423 340 3474 si
361 3423 585 3489 expellis
602 3439 688 3474 me
701 3439 732 3474 a
756 3435 826 3482 te,
840 3424 1089 3489 protinus
1107 3426 1293 3476 redibo

226 3495 293 3545 ad
315 3505 396 3546 te:
416 3496 562 3545 Nam
586 3502 636 3545 et
667 3496 848 3546 catelli
869 3496 1030 3545 edunt
1044 3496 1107 3546 de
1144 3497 1297 3549 micis

225 3578 349 3631 quae
387 3567 586 3617 cadunt
634 3566 700 3616 de
752 3580 933 3616 mensa
966 3565 1295 3619 dominorum

225 3650 467 3687 suorum.
480 3637 648 3696 Quasi
667 3636 862 3688 diceret
883 3654 896 3686 :
918 3636 1168 3699 Domine,
1185 3655 1294 3690 non

228 3717 355 3774 peto
388 3723 582 3774 panem
613 3709 707 3759 sed
738 3708 954 3769 micam,
982 3710 1113 3776 quia
1146 3711 1294 3762 istud

228 3780 379 3846 quod
404 3792 526 3847 peto
544 3793 626 3832 est
647 3781 747 3832 tibi
766 3783 918 3849 quasi
942 3783 1078 3834 mica
1104 3800 1292 3850 parva;

229 3862 284 3902 et
318 3851 445 3917 quia
466 3853 797 3903 consuetudo
822 3864 902 3904 est
921 3854 1066 3919 quod
1086 3855 1296 3905 domini

230 3923 363 3974 dant
391 3923 616 3975 canibus
644 3933 696 3975 et
737 3925 940 3976 catellis
966 3924 1080 3976 suis
1110 3926 1295 3977 saltem

2381 310 2485 378 795

1423 427 1612 490 micas,
1641 441 1769 492 ergo
1807 427 1874 477 da
1901 426 2039 476 mihi
2089 426 2247 478 istam
2285 427 2482 478 micam

1422 515 1586 566 quam
1611 508 1752 565 peto,
1779 499 1981 550 scilicet
2003 498 2129 549 filiae
2160 515 2291 550 meae
2328 515 2486 551 cura-

1422 571 1645 621 tionem.
1680 571 1796 634 Vel,
1825 565 2004 630 etiam,
2036 571 2281 634 Domine,
2322 571 2377 621 id
2405 581 2487 622 est

1423 643 1628 694 bonum
1679 653 1760 694 est
1795 642 1849 693 in
1893 658 2054 694 casu:
2086 645 2230 694 unde
2263 660 2373 694 non
2403 654 2484 695 est

1421 713 1767 765 contrarietas
1786 714 1842 764 in
1868 714 2030 764 verbo
2054 714 2255 764 Christi
2281 725 2332 764 et
2360 730 2481 765 mu-

1420 783 1586 845 lieris,
1619 784 1748 852 quia
1771 786 1998 835 ‘verbum
2038 785 2241 836 Christi
2275 794 2356 835 est
2385 785 2477 834 in·-

1418 856 1793 922 telligendum,
1816 857 1963 922 quod
1994 873 2102 907 non
2131 866 2242 908 erat
2266 858 2482 923 regula-

1419 927 1549 978 riter
1595 937 1647 978 et
1693 928 2066 979 universaliter
2095 929 2319 988 bonum,
2355 945 2478 980 cum

1418 998 1669 1050 Christus
1717 1010 1855 1051 esset
1909 1001 2200 1065 Apostolus
2261 1002 2285 1051 J
2296 1000 2477 1051 udaeo-

1418 1087 1574 1134 rum;
1602 1072 1695 1122 sed
1728 1073 1953 1122 verbum
1995 1073 2241 1124 mulieris
2271 1073 2479 1123 intelli—

1417 1143 1653 1208 gendum
1682 1153 1760 1193 est
1782 1143 1838 1192 in
1868 1158 2010 1204 casu,
2035 1144 2239 1194 scilicet
2261 1153 2479 1210 propter

1416 1215 1648 1279 petentis
1673 1214 2035 1275 devotionem,
2067 1225 2119 1266 et
2143 1227 2204 1266 ut
2226 1217 2479 1267 ostende-

1415 1298 1496 1337 ret
1520 1287 1773 1339 Ecclesiae
1806 1288 2063 1338 Gentium
2090 1287 2324 1339 futuram
2348 1288 2478 1340 fun-

1415 1358 1688 1410 dationem
1727 1375 1741 1408 :
1774 1360 1918 1410 Nam
1969 1365 2022 1409 et
2058 1358 2241 1409 catelli
2297 1359 2476 1421 edunt,

1415 1437 1513 1479 etc.
1549 1429 1714 1489 Quasi
1743 1428 1942 1479 diceret
1972 1446 1985 1479 z
2018 1429 2074 1479 Si
2103 1429 2276 1479 catelli
2299 1429 2480 1496 aliqua

1416 1502 1642 1562 modica,
1669 1502 1874 1554 scilicet
1904 1504 2068 1554 micas
2115 1505 2363 1554 cadentes
2412 1504 2481 1554 de

1414 1574 1536 1624 cibo
1565 1574 1695 1625 filiis
1736 1591 1988 1626 concesso
2026 1574 2356 1641 percipiunt;
2408 1575 2482 1626 ita

1413 1644 1575 1695 etiam
1606 1646 1846 1697 Gentiles
1892 1647 2100 1712 aliquid
2132 1647 2319 1696 saltem
2355 1661 2480 1695 mo-

1413 1714 1597 1766 dicum
1625 1717 1694 1767 de
1745 1716 2017 1768 beneficiis
2049 1716 2249 1767 Christi
2300 1715 2479 1782 perci-

1414 1803 1539 1853 pere
1566 1789 1781 1840 debent.
1804 1790 1960 1841 Unde
1987 1790 2067 1840 sic
2111 1789 2341 1855 intelligi
2374 1804 2477 1855 po—

1412 1868 1516 1910 test
1544 1877 1558 1909 z
1590 1862 1737 1911 Nam
1765 1867 1816 1911 et
1836 1861 2033 1924 catelli,
2053 1860 2107 1911 id
2140 1871 2219 1911 est
2238 1861 2479 1911 Gentiles

1414 1929 1685 1981 immundi
1728 1943 1780 1982 et
1835 1932 2039 1992 miseri,
2073 1932 2251 1994 edunt,
2309 1931 2362 1981 id
2400 1941 2482 1984 est

1413 2000 1567 2052 edere
1596 2001 1809 2063 debent,
1839 2004 1904 2053 de
1923 2003 2094 2065 miciS,
2123 2003 2179 2052 id
2210 2011 2290 2052 est
2309 2001 2375 2053 de
2403 2017 2483 2053 re·

1412 2071 1618 2138 liquiis‚
1668 2087 1788 2138 quae
1816 2074 2015 2124 cadunt
2049 2074 2116 2125 de
2149 2088 2331 2124 mensa
2376 2073 2478 2124 do-

1411 2144 1673 2195 minorum
1693 2160 1928 2210 suorum,
1947 2147 2110 2196 idest
2134 2146 2471 2210 Judaeorum3

1409 2215 1610 2281 quibus
1638 2232 1822 2267 mensa
1852 2217 2139 2283 S'cripturae
2187 2227 2239 2267 et
2280 2216 2479 2267 fercula

1410 2289 1795 2340 miraculorum
1821 2300 1872 2340 et
1894 2290 1997 2340 alia
2017 2304 2138 2355 quae
2156 2289 2222 2339 ad
2247 2289 2474 2339 salutem

1409 2368 1646 2410 nostram
1662 2359 1930 2426 pertinent
1953 2360 2125 2427 posita
2143 2371 2287 2409 sunt.
2306 2358 2472 2419 Quasi

1408 2429 1607 2480 diceret
1637 2448 1651 2480 ι
1683 2430 1955 2482 Debemus
2004 2431 2203 2481 habere
2236 2430 2473 2494 aliquam

1409 2500 1605 2552 micam
1625 2511 1729 2553 tuae
1751 2502 2029 2569 largitatis·
2053 2501 2204 2551 Unde
2223 2512 2275 2550 et
2293 2500 2339 2551 si
2362 2517 2473 2550 non

1408 2572 1490 2622 vis
1511 2572 1680 2623 facere
1713 2574 1872 2624 nobis
1915 2574 2056 2624 sicut
2085 2573 2284 2623 Judaeis
2328 2572 2474 2623 varia

1410 2643 1704 2705 miracula3
1745 2646 1933 2696 saltem
1976 2661 2146 2695 unum
2198 2643 2295 2706 fae,
2348 2658 2474 2694 sana

1409 2714 1577 2765 filiam
1606 2730 1799 2766 meam.
1846 2716 1964 2765 Non
1999 2725 2122 2781 peto
2151 2729 2346 2780 panem
2378 2713 2467 2763 in-

1407 2795 1617 2851 tegrum
1646 2801 1769 2836 cum
1796 2785 1926 2836 filiis
1964 2786 2019 2835 in
2050 2801 2235 2841 mensa
2264 2782 2466 2851 patris3

1408 2860 1501 2911 sed
1550 2860 1716 2911 micas
1765 2869 1816 2911 et
1852 2860 2107 2926 reliquias
2136 2861 2238 2910 sub
2285 2875 2472 2910 mensa

1407 2933 1520 2998 ejus
1552 2947 1675 2982 cum
1726 2932 1936 2982 catulis.
1990 2931 2155 2991 Quasi
2207 2931 2405 2982 diceret
2458 2948 2472 2980 :

1407 3005 1525 3054 Non
1556 3003 1613 3053 in
1643 3002 1905 3069 dignitate
1933 3019 2078 3067 mea,
2124 3004 2217 3054 sed
2254 3012 2470 3073 ,tantum

1405 3074 1462 3124 in
1494 3074 1862 3124 misericordia
1890 3084 1981 3125 tua
2009 3074 2303 3136 confidenS,
2347 3089 2471 3140 gra·-

1402 3145 1534 3195 tiam
1563 3154 1709 3195 tuam
1736 3156 1876 3211 peto·
1908 3147 1968 3195 In
1993 3162 2080 3196 me
2105 3156 2345 3197 servetur
2371 3145 2472 3193 ista

1403 3216 1705 3267 similitudo
1733 3217 1889 3282 panis
1924 3227 1977 3269 et
2001 3220 2150 3269 canis
2168 3235 2183 3281 3
2218 3229 2269 3268 et
2299 3216 2344 3265 si
2377 3216 2470 3265 in—

1403 3287 1566 3352 digna
1588 3302 1711 3337 sum
1741 3297 1801 3338 ut
1831 3304 2025 3354 panem
2053 3289 2323 3354 integrum
2345 3300 2471 3350 prae·

1406 3357 1548 3417 beas,
1564 3357 1648 3407 vel
1671 3357 1864 3408 micam
1887 3360 2083 3420 tribue,
2109 3358 2275 3409 filiam
2292 3370 2467 3405 meam

1402 3430 1660 3491 sanando,
1691 3431 1838 3497 quod
1867 3431 2023 3499 quasi
2069 3431 2206 3479 mica
2248 3436 2468 3493 reputa-

1404 3497 1550 3549 bitur
1590 3511 1834 3566 respectu
1865 3500 2198 3552 mirabilium
2231 3511 2353 3564 quae
2383 3495 2468 3545 fe-

1402 3570 1545 3621 cisti.
1588 3571 1694 3622 Ubi
1743 3573 2162 3639 Chrysostomus
2208 3585 2224 3618 .·
2272 3587 2299 3614 «
2331 3565 2466 3616 Vide

1404 3642 1647 3692 mulieris
1672 3643 1979 3709 patientiam
2006 3652 2059 3692 et
2084 3640 2467 3697 humilitatem,

1402 3715 1546 3763 Deus
1581 3713 1726 3763 enim
1772 3723 1924 3764 vocat
1965 3712 2178 3762 Judaeos
2208 3710 2369 3768 filios,
2416 3717 2470 3757 et

1402 3784 1491 3834 illa
1518 3783 1799 3846 dominos;
1837 3798 1932 3833 nec
1972 3783 2147 3832 doluit
2196 3782 2261 3830 de
2295 3777 2474 3828 inimi·

1402 3872 1588 3908 corum
1634 3856 1902 3914 laudibus,
1934 3870 2030 3904 nec
2076 3855 2144 3905 de
2176 3869 2276 3904 suo
2309 3850 2470 3900 mole-

1401 3937 1538 3979 stata
1564 3937 1644 3978 est
1693 3924 1951 3988 convici0,
2004 3926 2117 3976 imo
2146 3924 2381 3992 amplius
2413 3935 2471 3971 se
