2757 4413
383 279 494 345 464

379 395 543 459 libus,
583 411 677 461 per
719 395 922 446 malum
954 397 1259 463 exemplum
1289 413 1448 447 revo-

379 477 561 517 cantes
608 482 639 517 a
685 466 1074 533 spiritualibus,
1124 469 1278 518 Jesus
1318 483 1445 518 vero

379 547 638 602 tanquam
667 548 846 603 pastor
880 539 1056 588 bonus
1086 539 1330 603 pascebat
1353 552 1446 588 eos

377 609 650 672 continue,
681 610 843 660 verbo
872 609 1126 660 doctrinae
1155 626 1265 660 suae
1293 610 1448 675 spiri-

377 679 607 740 tualiter,
637 691 689 730 et
719 680 1008 746 aliquando
1032 681 1198 732 etiam
1232 691 1446 747 tempo-

373 753 474 804 rali
504 753 746 803 subsidio
774 753 1136 818 corporaliter.
1170 754 1317 806 Sicut
1341 769 1446 805 au·—

372 832 484 876 tem
513 834 658 886 tunc,
691 824 767 874 sic
793 834 844 874 et
876 824 1056 883 hodie,
1088 825 1229 890 proh
1254 824 1438 877 dolor!

373 894 531 945 multi
577 895 673 960 qui
715 904 955 960 pastores
994 896 1264 956 dicuntur.
1307 904 1443 946 atta-

373 981 500 1016 men
545 981 604 1017 ea
645 982 766 1032 quae
808 967 1062 1033 luporum
1102 978 1229 1019 sunt
1272 967 1443 1018 facere

371 1052 479 1089 non
505 1048 774 1090 verentur.
805 1040 926 1090 Non
956 1040 1134 1090 solum
1156 1039 1304 1090 enim
1333 1056 1441 1091 non
1481 1088 1485 1093 .

371 1111 659 1162 emendant
698 1112 964 1173 subditOS,
995 1113 1088 1165 sed
1127 1128 1222 1179 per
1261 1113 1441 1180 negli-

371 1181 607 1247 gentiam
665 1192 718 1233 et
760 1184 900 1234 mala
951 1186 1195 1250 exempla
1243 1195 1441 1235 nocent

369 1269 557 1304 eorum
608 1255 955 1320 profectibus,
1000 1256 1222 1306 Mittunt
1272 1258 1440 1308 colle-

367 1337 540 1378 ctores
587 1328 916 1379 decimarum
972 1339 1024 1380 et
1064 1329 1440 1380 confiscatores

366 1415 547 1451 rerum
579 1403 976 1468 temporalium,
1007 1419 1116 1453 non
1142 1403 1439 1469 inquisito-

368 1487 454 1522 res
506 1469 782 1523 haereseon
835 1484 888 1524 et
938 1475 1304 1525 emendatores
1350 1475 1438 1526 vi-

365 1543 589 1605 tiorum,
620 1555 672 1594 et
704 1544 823 1594 ideo
863 1556 941 1596 tot
969 1556 1022 1596 et
1056 1555 1219 1596 tantae
1261 1546 1438 1597 haere-

367 1629 454 1664 ses
515 1625 569 1664 et
617 1625 795 1666 sentes
844 1615 1102 1666 vitiorum
1154 1616 1210 1666 in
1278 1616 1439 1667 horto

365 1686 619 1736 Ecclesiae
647 1688 753 1752 jam
783 1688 1047 1753 pullulant
1086 1697 1137 1737 et
1175 1676 1437 1748 crescunt,

363 1756 514 1821 quod
558 1757 650 1807 vix
697 1758 950 1809 eradicari
992 1769 1047 1809 et
1092 1759 1437 1811 exterminari

362 1837 611 1892 possunt.
661 1828 885 1879 Vexatio
954 1844 1079 1895 ergo
1134 1829 1318 1880 ovium
1388 1840 1440 1881 et

360 1897 699 1963 negligentia
747 1909 1023 1964 pastorum
1077 1898 1183 1950 fuit
1228 1900 1439 1951 occasio

357 1968 617 2018 mittendi
637 1971 925 2034 Apostolos
945 1971 1010 2019 ad
1035 1971 1438 2035 praedicandum

357 2040 566 2106 populo
618 2050 671 2089 et
719 2041 1017 2091 sanandum
1061 2041 1335 2106 infirm'os,
1378 2053 1439 2094 ut

368 2126 475 2159 non
508 2120 647 2161 esset
675 2127 889 2162 necesse
927 2113 1075 2178 quod
1102 2114 1272 2164 turbae
1311 2129 1439 2165 cur-

369 2190 550 2231 rerent
586 2191 706 2247 post
741 2182 925 2232 Jesum
963 2191 1109 2233 tanto
1137 2183 1335 2235 labore.
1366 2184 1439 2236 Et

367 2251 614 2317 quamvis
658 2252 834 2317 primo
874 2254 1150 2318 Apostolis
1194 2266 1246 2306 et
1284 2266 1437 2322 post-

366 2323 593 2373 modum
635 2324 973 2389 septuaginta
1014 2325 1228 2376 duobus
1268 2326 1436 2378 disci-

365 2395 529 2462 pulis,
571 2412 696 2446 cum
742 2413 833 2447 eos
875 2397 1134 2458 mitteret,
1177 2411 1437 2466 praecepta

364 2468 611 2533 quaedam
656 2468 924 2520 Dominus
976 2469 1211 2530 dederit,
1253 2480 1434 2522 tamen

364 2540 492 2605 quia
537 2540 646 2592 fere
682 2542 867 2593 omnia
903 2553 955 2593 et
987 2543 1076 2595 his
1118 2554 1170 2594 et
1213 2544 1339 2604 illis,
1382 2555 1437 2595 et

367 2625 476 2659 non
513 2612 690 2661 solum
716 2612 868 2678 ipsis,
899 2614 990 2663 sed
1018 2624 1071 2664 et
1098 2628 1286 2663 eorum
1310 2630 1434 2665 suc-

365 2682 670 2732 cessoribus
689 2693 742 2732 et
767 2683 1128 2733 imitatoribus
1145 2685 1434 2736 convenire

363 2754 616 2804 videntur
653 2772 667 2805 2
703 2755 822 2805 ideo
869 2756 923 2805 in
962 2755 1311 2823 sequentibus
1351 2757 1433 2808 si-

363 2827 479 2875 mul
509 2824 698 2876 ordine
722 2826 1042 2894 congruenti
1073 2838 1366 2894 ponuntur.

428 2912 458 2947 2
495 2897 687 2947 stszs
715 2913 895 2947 uuum
917 2914 984 2947 ετ
1023 2913 1270 2954 OPERARH
1293 2915 1430 2950 PAU-

363 2985 430 3031 (ιι,
466 2986 594 3029 Qun>
627 2986 682 3020 m
713 2986 876 3021 sensu
907 2987 1234 3024 ,inme-‚omen
1258 2990 1431 3025 smm—

360 3041 584 3092 FmEN‘r?
605 3071 665 3080 —
689 3041 1046 3093 Considerans
1074 3042 1253 3109 itaque
1273 3045 1431 3096 Jesus

358 3114 698 3165 vexationem
735 3114 920 3165 ovium
959 3125 1010 3165 et
1043 3116 1429 3183 negligentiam

360 3194 655 3252 pastorum,
694 3196 899 3252 poterat
934 3187 1109 3238 dicere
1149 3188 1430 3255 discipulis

360 3257 476 3308 suis
508 3274 526 3307 .·
552 3257 759 3308 Messi-5·
794 3258 1003 3324 quidem
1041 3259 1224 3322 multa,
1258 3259 1313 3309 id
1347 3271 1429 3311 est

358 3328 650 3379 multitudo
693 3339 981 3395 praeparata
1025 3330 1094 3380 ad
1140 3329 1246 3380 hoc
1280 3333 1427 3397 quod

355 3415 453 3467 per
480 3398 642 3451 fidem
685 3401 965 3467 colligatur
1000 3409 1052 3451 et
1080 3399 1139 3451 in
1168 3400 1425 3453 horreum

352 3481 663 3538 reponatur.
709 3473 863 3523 Unde
901 3483 953 3524 et
991 3472 1119 3523 alibi
1165 3472 1362 3524 dicitur
1410 3492 1424 3526 ε

354 3544 554 3595 Levate
575 3544 760 3594 oculos
791 3549 1016 3605 vestrm,
1052 3548 1105 3592 et
1130 3543 1303 3594 videte
1328 3558 1423 3595 re-

350 3614 563 3681 giones,
594 3615 722 3680 quia
763 3614 902 3665 albae
924 3621 1049 3665 sunt
1070 3615 1145 3665 ad
1169 3627 1391 3664 messem
1401 3632 1424 3677 ;

348 3685 592 3751 operarii
628 3692 803 3735 autem
827 3685 1012 3752 pauci,
1044 3684 1098 3735 id
1127 3694 1206 3736 est
1233 3685 1423 3735 docto-

342 3772 438 3807 res
483 3768 536 3808 et
582 3758 952 3824 praedicatores
1006 3756 1135 3817 veri,
1177 3766 1421 3821 respectu

341 3837 512 3891 ‚tantoe
580 3828 948 3879 multitudinis
1014 3825 1418 3887 convertendae,

351 3898 482 3965 quia
518 3899 693 3950 adhuc
728 3900 969 3952 nondum
1013 3897 1421 3964 praedicaverant

1063 281 1305 333 PRIMAE
1337 281 1587 334 PARTIS
1619 282 1853 337 CAPUT
1885 285 1970 336 LI.

1555 397 1755 448 Christi
1801 398 2070 464 discipuli.
2111 401 2317 452 Messis
2348 414 2429 454 est
2465 407 2638 456 turba

1553 472 1888 523 credentium
1921 473 1977 523 in
2015 489 2122 539 qua
2158 491 2304 525 nunc
2334 487 2464 528 sunt
2492 495 2627 545 gra-

1553 559 1621 594 na
1670 560 1793 595 cum
1847 546 2031 610 paleiS‚
2078 545 2132 596 id
2188 557 2265 597 est
2312 549 2441 599 boni
2495 567 2625 602 cum

1552 617 1736 680 malis3
1766 618 1857 667 sed
1882 617 1936 667 in
1962 618 2141 669 futura
2165 619 2436 672 messione
2460 638 2630 690 sepa-

1547 691 1827 742 rabuntur.
1859 693 2070 744 Dicitur
2108 694 2255 744 enim
2301 711 2412 745 uno
2453 700 2630 749 modo

1550 763 1761 823 messis,
1775 764 2017 814 collectio
2034 764 2322 815 hominum
2341 767 2407 816 ad
2421 766 2618 830 fidem;

1546 833 1655 883 alio
1674 834 1855 893 mod0‚
1882 835 2125 885 collectio
2158 834 2399 885 fidelium
2438 838 2507 887 ad
2543 853 2624 889 re—

1548 904 1919 956 tributionem.
1961 906 2214 971 operarii
2250 914 2379 958 sunt
2411 908 2469 958 in
2502 908 2620 960 Ec·-

1546 974 1708 1025 clesia
1725 976 1820 1041 qui
1839 985 2090 1042 quaerunt
2107 991 2263 1042 opus,
2287 993 2396 1026 non
2413 979 2628 1044 otiumy

1546 1060 1701 1108 onus,
1746 1062 1853 1096 non
1891 1046 2182 1111 honorem3
2227 1049 2456 1113 animas,
2502 1067 2616 1102 non

1538 1117 1809 1180 decimas3
1869 1118 2150 1183 prodesse,
2198 1134 2312 1168 non
2367 1135 2624 1186 praeesse.w

1541 1190 1723 1241 Pauci
1774 1196 1950 1240 autem
2016 1197 2142 1241 sunt
2191 1193 2462 1256 operarii,
2521 1193 2620 1244 sed

1546 1258 1707 1309 multi
1760 1261 2099 1325 conductitii;
2140 1263 2306 1327 pauci
2352 1265 2618 1329 operarii,

1544 1327 1638 1377 sed
1668 1328 1824 1378 multi
1855 1331 2202 1393 mercenarii3
2229 1333 2393 1396 pauci
2415 1348 2613 1398 opera-

1543 1399 1617 1449 rii
1665 1400 1890 1449 salutem
1937 1400 2242 1450 animarum
2296 1412 2613 1466 quaerenteS,

1545 1469 1638 1519 sed
1680 1470 1836 1520 multi
1881 1470 2192 1536 quaestuarii
2237 1471 2451 1522 lucrum
2487 1483 2619 1523 tem-

1547 1543 1811 1609 poralium
1854 1553 2129 1594 sectantes.
2163 1545 2228 1594 Et
2258 1544 2378 1594 ideo
2414 1561 2628 1610 rogan-ff

1546 1616 1647 1664 dus
1676 1625 1756 1665 est
1782 1614 2066 1675 Dominus,
2087 1624 2147 1665 ut
2175 1616 2447 1681 operarios
2471 1619 2617 1667 mul-

1543 1686 1749 1752 tiplicet
1805 1696 1855 1736 et
1907 1686 2083 1736 mittat
2130 1701 2253 1746 e05,
2302 1686 2429 1751 quia
2476 1696 2528 1736 et
2572 1689 2617 1738 si

1544 1767 1675 1808 sunt
1714 1756 1808 1822 qui
1853 1756 1993 1807 bona
2024 1755 2263 1815 audiant,
2292 1757 2487 1808 desunt
2530 1767 2618 1808 ta-

1545 1843 1666 1877 men
1708 1826 1803 1893 qui
1838 1826 2031 1877 dicant.
2060 1826 2277 1892 Rogate
2317 1841 2452 1892 ergo
2493 1828 2617 1879 Do-

1543 1900 1740 1950 minum
1773 1898 1981 1961 messis,
2012 1897 2213 1948 scilicet
2255 1913 2360 1960 me,
2392 1899 2487 1964 qui
2523 1915 2613 1950 se-

1543 1970 1782 2021 cundum
1814 1969 1959 2034 quod
1989 1969 2152 2028 DeuS,
2188 1984 2310 2018 sum
2339 1969 2614 2020 Dominus

1543 2039 1752 2100 messiS,
1785 2045 1843 2089 ut
1866 2039 2045 2088 mittat
2074 2039 2353 2105 operarios
2382 2039 2435 2089 in
2464 2055 2612 2114 mes-

1535 2126 1655 2163 sem
1697 2126 1869 2174 suam,
1909 2111 1968 2159 id
2013 2120 2094 2161 est
2129 2111 2501 2176 praedicatores
2540 2114 2607 2162 ad

1542 2181 1895 2233 erudiendum
1942 2181 2223 2247 populum,
2254 2181 2381 2247 quia
2426 2183 2616 2234 nullus

1542 2252 1601 2303 fit
1653 2263 1810 2318 aptus
1854 2252 1918 2302 ad
1969 2252 2408 2318 praedicationem
2459 2254 2613 2303 verbi

1541 2326 1730 2386 divini,
1764 2325 1870 2376 nisi
1912 2342 2005 2392 per
2046 2326 2269 2393 gratiam
2300 2326 2418 2386 Dei,
2448 2337 2501 2377 et
2541 2328 2613 2378 ab

1540 2414 1604 2448 eo
1642 2398 1843 2448 missus
1885 2397 2194 2447 immediate
2230 2398 2316 2448 vel
2358 2398 2626 2450 mediate-.

1539 2469 1673 2520 Ecce
1723 2469 1928 2535 optima
1977 2478 2030 2519 et
2076 2467 2372 2519 necessaria
2415 2468 2612 2533 oratic,

1539 2556 1702 2606 quam
1733 2540 1975 2606 quotidie
1997 2540 2254 2589 debemus
2275 2540 2388 2589 Deo
2412 2538 2607 2605 facere,

1539 2623 1599 2663 ut
1630 2613 1824 2674 mittat,
1856 2612 2054 2678 inquit,
2086 2629 2193 2663 non
2215 2623 2275 2663 ut
2302 2612 2406 2679 ipsi
2436 2629 2494 2664 se
2518 2613 2613 2663 in·-

1538 2693 1741 2750 gerant,
1788 2683 1925 2733 sicut
1962 2682 2108 2734 fures
2157 2694 2210 2734 et
2252 2685 2488 2735 latrones
2525 2684 2611 2735 fa-

1536 2754 1704 2819 ciunt,
1729 2754 1782 2804 in
1807 2769 2027 2805 messem
2050 2770 2220 2817 suam,
2253 2755 2307 2805 id
2335 2764 2414 2805 est
2441 2754 2500 2805 in
2522 2770 2608 2806 sa-

1535 2828 1705 2877 lutem
1768 2826 2090 2877 animarum.
2144 2826 2228 2876 Ad
2294 2825 2398 2877 hoc
2452 2826 2606 2877 enim

1538 2898 1864 2960 mittuntur,
1920 2898 2014 2949 sed
2070 2898 2226 2948 multi
2283 2907 2607 2949 convertunt

1535 2972 1723 3023 falcem
1767 2988 1919 3023 suam
1969 2971 2030 3024 in
2075 2986 2306 3022 messem
2344 2970 2605 3031 alienam,

1537 3042 1737 3094 scilicet
1777 3042 1834 3092 in
1873 3041 2207 3107 temporalia,
2235 3040 2301 3091 ad
2339 3056 2461 3106 quae
2490 3057 2601 3093 non

1532 3114 1857 3181 diriguntur.
1907 3111 2177 3164 Dominus
2222 3111 2433 3161 mittere
2472 3128 2606 3178 pro-

1532 3183 1705 3252 ponit,
1735 3193 1788 3235 et
1827 3194 2007 3234 tamen
2048 3182 2222 3250 rogari
2251 3183 2383 3239 vult,
2418 3192 2468 3233 et
2497 3183 2604 3235 hoc

1533 3269 1754 3325 propter
1797 3256 2104 3324 rogantium
2145 3256 2477 3307 excitandam
2522 3273 2603 3309 m-

1532 3330 1762 3393 ritatem,
1822 3338 1873 3380 et
1944 3327 2251 3394 augendum
2320 3329 2598 3389 meritum,

1532 3410 1799 3467 quatenus
1827 3397 2010 3450 fideles
2039 3396 2143 3460 sui,
2178 3414 2287 3447 non
2320 3399 2598 3463 solumde

1527 3471 1859 3538 operatione,
1900 3466 2250 3519 verumetiam
2291 3469 2358 3519 de
2399 3468 2596 3521 affectu

1530 3552 1583 3592 et
1619 3543 1890 3593 voluntate
1923 3552 2352 3590 remunerentur.
2380 3540 2457 3589 Ex
2482 3556 2615 3607 quo*

1530 3624 1689 3680 patet,
1722 3614 1868 3682 quod
1906 3612 2030 3662 licet
2057 3612 2203 3664 Deus
2228 3610 2355 3662 velit
2383 3611 2594 3678 aliquid

1527 3685 1712 3747 facere,
1758 3685 1873 3736 vult
1912 3694 2088 3734 tamen
2131 3683 2452 3750 quandoque
2494 3699 2594 3751 pro

1527 3755 1631 3806 hoc
1657 3772 1687 3806 a
1712 3755 1869 3821 justis
1899 3754 2124 3805 exorari.

1591 3823 1619 3875 3
1659 3827 1779 3875 Bm
1815 3842 1884 3877 An
1929 3840 2315 3876 PRAEmcni-muu
2353 3838 2592 3874 uxi-run·—

1527 3912 1637 3948 'rua
1663 3896 1949 3949 Arosrorx.
1965 3924 2024 3935 —
2039 3895 2117 3947 Et
2138 3894 2444 3948 convocatis
2465 3894 2593 3945 duo·
