2757 4413
357 361 455 411 DE
485 356 902 410 HYDROPICO
936 352 1033 405 ET
1064 350 1634 405 EXHORTATIONE
1665 352 1762 401 AD
1790 350 2313 402 HUMILITATEM.
2359 364 2467 418 729

209 478 300 529 nis
347 475 775 539 annihilatione;
815 482 868 525 et
923 473 1039 523 haec
1075 469 1285 520 inducit

203 558 581 614 contemptum
602 546 704 606 sui,
749 547 820 596 ita
849 555 910 595 ut
943 544 1109 593 homo
1146 540 1283 591 nihil

209 629 421 685 reputet
460 618 702 683 seipsum
727 656 739 676 ‚
779 626 830 666 et
872 615 1120 666 omnium
1161 627 1281 677 quae

206 692 375 741 habet
443 698 785 753 recognoscat
868 687 1110 735 datorem
1167 698 1281 733 esse

207 762 403 812 Deum.
468 760 613 820 Quid
661 759 795 809 enim
859 757 1019 807 habes
1036 792 1055 819 ‚
1103 754 1282 820 inquit

209 832 512 898 Apostolus
529 869 542 891 ,
576 830 719 895 quod
756 843 859 879 non
894 826 1149 892 accepisti
1165 825 1282 875 57—

203 904 493 963 SecundO,
550 901 794 952 consistit
844 899 900 949 in
956 899 1278 964 dignitatum

202 976 583 1042 vilipensione,
605 985 657 1024 et
695 974 810 1023 haec
850 970 1055 1022 inducit
1101 970 1279 1019 hono-

204 1064 322 1100 rem
364 1047 494 1111 Dei;
533 1057 586 1097 et
638 1047 750 1096 hoec
787 1045 1016 1095 habetur
1064 1043 1283 1108 quando

203 1121 379 1171 homo
403 1119 460 1168 in
507 1118 717 1185 magnis
752 1116 1062 1175 virtutibus,
1121 1114 1282 1164 donis

203 1200 258 1241 et
297 1190 605 1240 honoribus
643 1187 974 1255 constitutus
1009 1186 1133 1235 inde
1171 1201 1284 1235 non

206 1263 513 1323 extollitur,
536 1262 628 1312 sed
661 1270 837 1311 totum
876 1257 1214 1310 illiinfundit
1233 1267 1285 1307 et

203 1334 493 1399 integrum
533 1331 787 1395 restituit,
816 1346 848 1381 a
868 1346 977 1397 quo
1008 1345 1173 1379 omne
1197 1329 1288 1378 bo-

203 1421 355 1457 num
403 1406 542 1455 fluit.
582 1432 643 1442 —
682 1404 867 1454 Tertio
891 1442 905 1464 ‚
941 1402 1194 1453 >consistit
1232 1401 1288 1450 in

204 1476 450 1526 aliorum
488 1475 591 1526 sibi
614 1475 951 1540 praelatione;
972 1483 1025 1523 et
1063 1474 1174 1522 hoec
1210 1471 1289 1521 in-

200 1547 368 1599 ducit
396 1546 626 1613 proximi
658 1545 1118 1612 appretiationem.
1149 1543 1291 1602 Quo·-

204 1619 385 1669 modo
423 1633 628 1668 servare
662 1617 957 1683 poterimus
978 1616 1124 1678 quod
1154 1614 1290 1664 dicit

201 1689 507 1756 Apostolus
546 1706 560 1738 z
603 1690 827 1740 Honore
878 1687 1099 1738 invicem
1130 1699 1286 1753 prae-

201 1759 497 1822 venientes,
521 1760 625 1809 nisi
662 1759 796 1810 alios
819 1758 1093 1824 digniores
1129 1756 1286 1806 nobis

201 1830 266 1880 in
335 1828 598 1880 virtutum
654 1830 862 1880 meritis
917 1826 1285 1879 aestirnemus?

200 1900 403 1950 Homo
423 1900 567 1949 enim
596 1900 754 1950 illum
773 1915 884 1966 quo
903 1915 960 1950 se
981 1899 1284 1964 digniorem

197 1971 484 2033 aestimat,
538 1973 628 2023 vix
675 1974 933 2037 honorat3
971 1972 1066 2022 sed
1105 1971 1286 2037 potius

197 2043 531 2095 contemnit.
572 2045 750 2094 Potest
793 2054 845 2094 et
889 2045 991 2094 hoc
1030 2044 1176 2109 quod
1196 2043 1285 2092 di-

197 2126 370 2166 ctum
406 2124 485 2164 est
523 2115 589 2165 de
628 2115 905 2180 dignitate,
927 2114 1089 2165 etiam
1116 2114 1283 2180 accipi

200 2186 282 2238 de
323 2186 637 2237 meritorum
672 2186 1110 2253 praesumptione.
1131 2185 1288 2237 Unde

199 2257 376 2309 Beda
406 2275 423 2307 :
460 2275 488 2303 α
521 2258 741 2323 Mystice
779 2257 1030 2323 quisquis
1069 2257 1286 2322 nuptias

197 2326 426 2380 Christi
444 2337 496 2377 et
514 2327 758 2377 Ecclesiae
794 2327 1051 2378 invitatus
1077 2326 1285 2386 adierit,

202 2397 482 2449 membris
518 2398 764 2449 Ecclesiae
813 2413 909 2465 per
947 2398 1108 2448 fidem
1151 2413 1287 2448 con-

198 2471 435 2537 junctus
454 2485 560 2519 non
593 2485 651 2520 se
688 2472 904 2521 extollat
937 2470 1092 2536 quasi
1113 2469 1293 2520 subli-

202 2539 362 2592 mior
404 2540 611 2602 ceteris,
653 2542 931 2607 gloriando
966 2543 1032 2591 de
1057 2540 1285 2591 meritis.

203 2609 384 2664 Dabit
405 2611 549 2661 enim
587 2612 770 2662 locum
811 2611 1144 2662 honoratiori
1167 2621 1288 2677 post

201 2681 444 2732 invitato
465 2721 478 2742 ,
531 2697 658 2732 cum
722 2682 938 2733 illorum
976 2682 1071 2749 qui
1122 2696 1179 2732 se
1229 2682 1286 2732 in

200 2753 440 2805 Christo
474 2755 639 2806 secuti
676 2765 817 2817 sunt,
870 2755 1107 2821 agilitate
1145 2769 1287 2821 prae-

200 2825 344 2876 itur.
364 2824 436 2875 Et
462 2842 589 2876 cum
607 2827 803 2877 rubore
835 2826 1192 2877 novissimum
1217 2828 1290 2875 lo-

203 2913 345 2950 cum
384 2908 538 2959 tenet,
560 2900 776 2965 quando
813 2900 881 2949 de
916 2899 1038 2948 aliis
1063 2899 1290 2949 meliora

203 2986 567 3036 cognoscens,
594 2972 860 3040 quidquid
894 2973 961 3023 de
979 2988 1075 3022 sua
1093 2988 1288 3038 opera-

202 3042 363 3092 tione
417 3044 623 3093 celsum
688 3044 971 3104 sentiebat,
1013 3043 1284 3093 humiliat.

201 3113 320 3164 Sed
357 3115 625 3165 recumbit
662 3116 859 3181 aliquis
897 3115 955 3165 in
991 3114 1288 3165 novissimo

203 3186 352 3248 10c0‚
369 3187 668 3236 secundum
685 3188 820 3237 illud
843 3205 857 3237 2
884 3187 1093 3248 Quanto
1113 3187 1289 3253 maior

203 3271 293 3316 es,
313 3263 459 3308 tanto
488 3265 541 3308 te
576 3259 801 3309 humilia
828 3259 880 3309 in
900 3259 1158 3310 omnibus.
1187 3260 1289 3309 Ve-

206 3325 372 3377 niens
409 3338 589 3378 autem
639 3329 926 3390 DominuS,
976 3344 1141 3395 quem
1176 3330 1285 3380 hu-

205 3397 401 3448 milem
480 3399 777 3460 invenerit,
836 3401 996 3451 amici
1065 3402 1288 3452 nomine

202 3468 535 3532 beatificam,
554 3471 804 3536 superius
834 3472 1114 3521 ascendere
1144 3488 1287 3537 prae-

200 3537 386 3603 cipiet.
430 3539 744 3607 Quicunque
787 3541 924 3592 enim
963 3542 1286 3604 {humiliave-

203 3608 285 3659 rit
318 3624 398 3673 se,
441 3612 584 3662 sicta
615 3613 884 3677 parvulus
911 3613 1029 3677 iste,
1073 3614 1159 3663 hic
1202 3621 1287 3664 ‘est

206 3680 386 3745 major
399 3681 459 3731 in
518 3697 691 3748 regno
739 3684 1010 3735 coelorum.
1054 3684 1286 3736 Pulchre

201 3761 390 3801 aute-m
426 3752 643 3814 dicitur,
678 3761 799 3806 tunc
819 3756 924 3806 erit
954 3756 1049 3806 tibi
1079 3756 1282 3822 gloria,

213 3836 282 3871 ne
311 3836 459 3872 nunc
496 3838 738 3889 quaerere
758 3824 978 3891 incipias
1017 3827 1163 3892 quod
1183 3826 1282 3876 tibi

214 3904 458 3945 servatur
501 3897 560 3946 in
617 3897 742 3948 fine.
812 3899 993 3949 Potest
1033 3900 1195 3950 etiarn
1233 3911 1284 3951 et

213 3964 321 4015 hoc
352 3966 408 4016 in
444 3968 544 4018 hac
581 3968 692 4019 vita
709 3970 960 4036 intelligi,
989 3971 1117 4037 quia
1143 3987 1282 4038 quo-

1393 467 1527 519 tidie
1568 467 1837 518 Dominus
1878 482 2003 518 suas
2026 467 2242 532 nuptias
2283 466 2465 528 intrat,

1391 539 1654 603 superbos
1690 537 2021 603 despiciens,
2063 546 2114 587 et
2155 536 2465 588 humilibus

1388 624 1527 674 saepe
1562 619 1707 659 tanta
1742 608 1827 658 sui
1866 608 2084 674 spiritus
2119 622 2281 657 onera
2320 620 2465 672 prae-

1387 689 1556 739 stans»,
1580 689 1642 730 ut
1675 679 2134 730 discumbentium
2172 688 2337 728 coetus
2370 693 2463 728 eos

1385 750 1701 800 admirando
1743 749 2019 816 glorificet.
2070 750 2171 808 Qui
2205 748 2348 798 enim
2403 763 2462 800 se

1385 822 1451 871 de
1488 820 1698 871 meritis
1754 821 1923 871 elevat
1990 819 2373 871 humiliabitur
2427 834 2461 870 a

1387 891 1641 952 Domin0,
1679 901 1731 941 et
1756 891 1850 957 qui
1891 906 1949 941 se
1980 892 2047 941 de
2080 889 2346 940 beneficiis
2364 889 2463 939 hu-

1388 963 1563 1013 miliat
1623 961 1945 1013 exaltabitur
2001 961 2072 1012 ab
2119 976 2182 1010 eo
2223 977 2236 1010 :
2281 979 2307 1008 η
2348 961 2461 1011 haec

1390 1034 1562 1084 Beda.

1451 1122 1484 1173 9
1517 1106 1636 1155 Cua
1666 1119 1833 1156 Locus
1891 1119 2086 1155 munus
2135 1120 2240 1154 Nou
2295 1119 2460 1153 Apri-:-

1389 1190 1594 1225 rannus
1614 1175 1632 1224 ἰ
1652 1203 1712 1212 -—
1738 1175 1873 1225 Cum
1904 1189 2040 1241 ergo
2060 1175 2315 1225 invitatus
2325 1173 2463 1239 sue-

1391 1247 1489 1307 ris‚
1541 1261 1573 1296 a
1627 1246 1884 1307 Domino,
1921 1262 2017 1312 per
2087 1248 2465 1312 praedicatores

1393 1332 1539 1375 suo&
1595 1318 1660 1366 ad
1709 1317 1924 1383 nuptias
1977 1318 2299 1383 spirituales,
2340 1331 2465 1384 quae

1393 1387 1702 1437 consistunt
1735 1386 1792 1436 in
1837 1387 2216 1452 conjunctione
2256 1387 2466 1437 Christi

1394 1471 1461 1512 et>
1484 1461 1770 1524 Ecclesiae;
1813 1462 1880 1511 ad
1917 1477 2051 1528 quas
2076 1462 2292 1527 nuptias
2320 1460 2466 1511 invi-

1394 1531 1489 1581 tati
1530 1541 1657 1582 sunt
1683 1546 1875 1582 omnes
1895 1531 2207 1592 Christiani,
2231 1546 2467 1598 quorum

1395 1604 1616 1670 quidam
1672 1613 1878 1654 ceteros
1951 1604 2213 1670 dignitate
2265 1620 2467 1670 praece-

1393 1677 1559 1741 dunt3
1590 1675 1681 1726 alii
1705 1691 1831 1726 vero
1856 1677 2049 1727 merito
2088 1677 2372 1737 virtutum,
2413 1688 2466 1728 et

1393 1748 1603 1798 excellit
1633 1763 1775 1798 unus
1812 1763 1919 1798 una
1947 1748 2161 1808 virtute,
2204 1759 2255 1798 et
2290 1749 2465 1799 excel-

1391 1821 1517 1871 litur
1561 1821 1691 1885 alia;
1719 1820 1811 1871 alii
1837 1837 1964 1872 vero
2005 1822 2274 1872 excellunt
2319 1835 2467 1873 sacra

1392 1894 1769 1960 intelligentia3
1802 1909 1905 1945 non
1924 1894 2228 1945 discumbas
2259 1894 2313 1943 in
2336 1895 2464 1960 pri—

1393 1982 1476 2017 mo
1528 1968 1644 2018 loco
1667 2004 1684 2029 ‚
1736 1976 1828 2017 aut
1873 1967 2190 2017 meritorum
2243 1978 2463 2018 tuorum

1394 2040 1833 2106 praesumptione,
1862 2050 1954 2090 aut
1991 2040 2257 2090 bonorum
2313 2058 2465 2091 mun-

1392 2112 1656 2160 danorum
1699 2110 2023 2169 ambitione,
2072 2120 2158 2160 aut
2225 2111 2464 2176 appetitu

1393 2182 1572 2234 inanis
1599 2183 1800 2248 gloriae.
1839 2182 2015 2241 Quare
2043 2191 2221 2232 autem
2257 2182 2467 2248 primus

1392 2258 1542 2307 locus
1577 2273 1685 2306 non
1724 2257 1797 2307 sit
1828 2256 2167 2318 ambienduS,
2195 2258 2382 2321 probat
2401 2271 2468 2306 ex

1391 2328 1584 2378 tribus.
1619 2327 1818 2385 Prim0,
1839 2342 1903 2376 ex
1946 2326 2339 2390 comparatione
2377 2326 2469 2376 di-

1392 2401 1614 2468 gnioris,
1648 2415 1713 2451 ne
1741 2400 1898 2465 forte
1924 2399 2252 2464 honoratior,
2308 2400 2360 2450 id
2389 2410 2471 2450 est

1393 2472 1611 2538 dignior
1643 2469 1833 2535 majori
1895 2470 2120 2529 honore,
2157 2470 2230 2520 sit
2267 2471 2468 2521 invita·-

1397 2550 1480 2592 τηε
1554 2541 1623 2591 ab
1686 2556 1777 2604 eo,
1841 2550 1896 2591 et
1940 2541 2103 2590 talem
2160 2541 2321 2590 debes
2367 2540 2467 2592 tibi

1394 2627 1719 2681 praeponere.
1772 2611 1999 2678 Dignior
2068 2611 2217 2662 enim
2279 2611 2468 2676 majori

1394 2687 1598 2736 honore
1660 2694 1742 2736 est
1807 2683 2094 2735 virtuosior
2115 2724 2127 2744 ,
2206 2694 2257 2735 et
2345 2683 2466 2736 ideo

1393 2758 1622 2824 quilibet
1639 2767 2056 2823 quantacunque
2074 2757 2333 2822 dignitate
2357 2757 2468 2822 pol-

1394 2833 1527 2891 leat,
1594 2831 1757 2881 habet
1828 2829 2166 2881 incitativum
2224 2829 2464 2896 fugiendi

1396 2902 1679 2964 honorem,
1715 2900 1761 2951 si
1803 2901 2041 2951 attendat
2066 2901 2212 2967 quod
2240 2902 2297 2950 in
2328 2916 2466 2951 con·-

1396 2971 1704 3038 gregatione
1749 2986 1865 3022 esse
1924 2982 2098 3037 potest
2145 2972 2344 3038 aliquis
2399 2988 2466 3023 eo

1397 3042 1726 3093 honoratior.
1764 3043 1885 3092 Non
1913 3042 2060 3092 enim
2084 3042 2333 3109 dignitati
2363 3044 2464 3094 de-

1396 3114 1552 3164 betur
1579 3113 1895 3163 excellentia
1926 3113 2169 3176 honoriS,
2199 3115 2303 3164 nisi
2333 3115 2463 3180 quia

1395 3184 1511 3249 ipsa
1533 3193 1811 3233 attestatur
1836 3184 2201 3234 excellentiam
2229 3184 2460 3234 virtutis.

1395 3285 1458 3295 —
1495 3258 1770 3315 Secundo,
1822 3255 1925 3305 hoc
1977 3255 2119 3306 idem
2160 3257 2349 3321 probat
2399 3272 2464 3306 ex

1395 3328 1601 3393 indigni
1639 3326 1916 3392 ejectione,
1949 3327 2077 3393 quia
2107 3327 2257 3376 locus
2289 3327 2465 3376 subli-

1395 3401 1498 3451 mis
1549 3401 1774 3466 indigno
1816 3416 1922 3450 non
1968 3411 2048 3450 est
2098 3400 2324 3459 stabilis,
2373 3400 2465 3449 sed

1394 3489 1536 3540 saepe
1576 3472 1705 3522 inde
1752 3471 1991 3537 ejicitur,
2031 3472 2173 3521 unde
2225 3471 2462 3520 dicitur:

1393 3545 1471 3595 Et
1498 3543 1725 3603 veniens,
1757 3558 1852 3607 per
1881 3542 2144 3601 effectum,
2179 3542 2271 3606 qui
2298 3547 2350 3590 te
2374 3541 2466 3590 in·-

1393 3614 1582 3665 vitavit
1608 3619 1662 3663 et
1683 3612 1852 3675 illum,
1884 3612 2029 3663 dicat
2052 3610 2165 3673 tibi,
2191 3610 2344 3670 fact0,
2370 3610 2468 3661 sci-

1392 3685 1513 3735 licet
1554 3696 1606 3736 te
1653 3685 2010 3748 humiliand0‚
2057 3694 2108 3734 et
2151 3684 2316 3733 alium
2363 3683 2463 3735 tibi

1391 3758 1753 3822 praeferendo:
1783 3759 1871 3808 Da
1889 3757 2012 3807 huic
2039 3756 2232 3818 locum,
2260 3771 2370 3821 quo
2389 3771 2466 3808 re·

1389 3830 1613 3893 putabas
1631 3839 1683 3880 te
1701 3828 1946 3893 dignum.
1970 3827 2083 3876 Hoc
2106 3840 2245 3891 saepe
2265 3827 2462 3891 evenit,

1389 3901 1537 3964 quod
1558 3899 1652 3965 qui
1674 3898 1890 3963 putabat
1915 3911 1971 3945 se
1990 3895 2215 3961 dignum
2237 3896 2458 3958 honore,

1387 3972 1598 4036 ejicitur
1623 3986 1652 4021 a
1681 3985 1778 4021 sua
1800 3969 2140 4035 cogitatione,
2164 3979 2217 4021 et
2247 3971 2461 4038 expelli-

2064 4074 2087 4104 Ι
