2757 4413
332 261 441 328 834
1178 258 1394 310 mmzx
1422 256 1754 310 CAP1TuM.

362 396 400 445 4
426 380 668 445 Tempus
681 378 1082 430 mundanorum
1100 390 1238 426 sem·
1423 425 1430 440 ι
1563 374 1666 425 daei
1699 375 2098 441 apprehendere
2118 378 2329 430 volunt.
2452 380 2546 447 743

392 466 488 518 per
513 461 593 501 est
622 459 884 516 paratum,
908 458 1123 513 tempus
1141 462 1239 498 ve-
1534 460 1568 513 9
1598 446 1908 505 Quaerentes
1931 456 1982 498 et
2002 463 2112 497 non
2136 446 2410 500 invenien-

394 538 456 573 ro
503 522 794 572 electorum
849 520 1091 570 nondum
1154 526 1239 568 est
1563 525 1643 566 tes
1664 516 1963 569 Christum.
2453 521 2548 588 743

396 602 660 659 paratum.
1283 602 1391 655 740
1510 602 1572 637 10
1596 588 1814 653 Septem
1834 588 1968 639 festa
1993 589 2189 641 cordis.
2455 609 2552 659 744

366 664 395 715 5
430 664 704 722 Christus,
762 671 961 713 secreto
1013 660 1238 711 veniens
1510 673 1564 708 11
1602 658 1856 709 Christus
1903 670 1957 710 et
2001 660 2236 726 Spiritus
2271 662 2408 712 San-

392 737 458 786 ad
504 736 729 795 festum,
782 734 911 801 quid
975 747 1076 783 nos
1131 732 1234 781 do-
1563 739 1679 779 ctus
1705 729 1907 780 flumen
1933 746 2084 797 aquae
2103 732 2263 783 vivae.
2453 748 2550 799 744

393 807 538 857 ceat?
1285 817 1384 869 741
1508 816 1568 851 12
1600 801 1834 852 Ministri
1877 818 2151 853 sermones
2185 804 2404 854 Domini

362 876 395 926 6
426 876 798 938 Quaerentium
819 874 1115 924 Dominum
1144 873 1236 924 in-
1561 874 1886 926 admirantes
1914 885 2271 936 revertuntur,
2316 876 2404 943 ip-

390 948 559 1000 tentio
593 948 816 997 diversa.
1284 959 1382 1011 741
1562 962 1793 1013 sumque
1865 946 2105 999 defendit
2174 949 2219 998 N
2227 948 2405 999 icode·

362 1039 394 1088 7
424 1022 602 1082 Quam
621 1018 926 1069 communis
942 1017 1217 1068 detractio,
1284 1034 1386 1084 742
1562 1033 1703 1069 mus.
2448 1021 2539 1089 745

360 1093 393 1144 8
426 1093 526 1143 Die
566 1091 698 1142 festo
742 1090 1027 1149 mediante,
1069 1088 1237 1140 Chri·
1506 1087 1565 1139 13
1593 1089 1940 1141 Consuetudo
1969 1090 2178 1141 Christi
2202 1091 2261 1141 in
2297 1092 2401 1142 Be·-

389 1173 536 1216 stum
579 1163 752 1229 palam
798 1162 1106 1228 loquentem
1130 1161 1232 1211 Ju-
1274 1228 1278 1232 .
1557 1159 1801 1213 thaniam
1820 1163 2135 1215 revertendi.
2446 1161 2539 1231 746

605 1382 841 1435 CAPUT
868 1380 1146 1431 LXXXIII.
1170 1407 1228 1418 —
1247 1380 1332 1430 De
1355 1379 1579 1431 muliere
1601 1381 1656 1431 in
1674 1380 1942 1433 adulterio
1963 1382 2310 1448 deprehensa.

364 1598 382 1632 1
413 1583 556 1640 Dum
583 1578 835 1631 Pharisaei
859 1593 1037 1628 coram
1066 1575 1231 1628 Chri-
1554 1577 1771 1642 judicet,
1819 1576 1921 1628 tria
1966 1578 2267 1646 disquirere
2307 1582 2399 1632 de-

385 1662 471 1704 sto
498 1651 782 1701 mulierem
814 1649 1112 1700 adulteram
1138 1663 1229 1698 ac-
1557 1648 1662 1700 bet.
1857 1680 1870 1693 .
2183 1689 2192 1694 ,
2439 1668 2531 1720 749

323 1732 325 1736 ’
384 1732 592 1782 cusant,
628 1722 744 1788 ipse
801 1720 859 1770 in
900 1730 1041 1770 terra
1093 1717 1228 1768 scri-
1530 1718 1557 1771 5
1585 1721 1837 1773 Christus
1886 1725 2169 1776 mulierem
2209 1727 2402 1777 adulte-

383 1795 481 1846 bit.
1278 1804 1388 1855 747
1555 1807 1670 1842 ram
1727 1792 2145 1845 misericorditer
2208 1796 2396 1846 dimit-

355 1884 385 1918 2
478 1865 772 1917 Prudentia
861 1861 1230 1928 responsionis
1553 1860 1636 1912 tit.
2439 1881 2530 1932 749

385 1940 612 1993 Christi.
1278 1935 1386 2003 748
1524 1930 1558 1981 6
1611 1932 1785 1991 Quam
1829 1932 2118 1985 ineffabilis
2157 1935 2369 1986 bonitas

355 2011 382 2062 3
424 2011 570 2072 Quid
615 2009 811 2060 iterum
841 2017 1002 2074 atque
1034 2006 1228 2057 iterum
1555 2004 1794 2056 Christi!
2443 2008 2532 2074 750

382 2084 441 2135 in
505 2093 642 2134 terra
710 2079 986 2147 scripserit
1038 2079 1230 2129 Domi·
1524 2092 1556 2143 7
1611 2077 1755 2136 Quid
1783 2107 1786 2112 =
1816 2079 2091 2130 moraliter
2136 2080 2400 2147 significat

383 2154 540 2206 nus?
632 2152 636 2156 ’
1234 2167 1235 2170 ’
1277 2150 1385 2219 748
1552 2150 1802 2202 dimissio
1866 2152 2112 2204 mulieris
2188 2155 2398 2205 adulte-

351 2242 388 2292 4
438 2225 704 2304 Quilibet3
753 2233 1041 2291 antequam
1093 2221 1228 2273 alios
1553 2222 1665 2274 rae?
2444 2224 2529 2292 751

505 2476 740 2529 CAPUT
759 2476 1039 2528 LXXXIV.
1069 2504 1130 2515 —
1148 2476 1232 2526 De
1250 2476 1565 2542 quibusdam
1588 2476 1768 2527 verbis
1797 2477 2032 2537 Domini,
2048 2493 2151 2543 pro
2178 2479 2368 2544 quibus

998 2565 1246 2617 volebant
1263 2580 1380 2616 eum
1399 2566 1584 2618 Judaei
1603 2566 1869 2633 lapidare.

356 2777 376 2812 1
410 2764 664 2817 Christus
688 2766 780 2818 lux
799 2777 881 2818 est
909 2765 1116 2817 mundi.
1274 2766 1376 2833 752
1549 2769 1689 2835 plex.
2442 2762 2533 2830 757

351 2847 381 2882 2
413 2834 678 2900 Cognosci
721 2838 898 2889 noluit
953 2837 1223 2897 Christus,
1519 2837 1553 2890 8
1584 2839 1728 2899 Quid
1759 2838 2099 2905 responderit
2142 2836 2397 2889 Christus

379 2914 441 2955 ut
461 2907 876 2973 crucifigeretur.
1274 2906 1376 2973 753
1546 2909 1749 2961 Judaeis
1785 2926 1911 2961 eum
1943 2909 2261 2961 vocantibus
2305 2908 2396 2957 Sa-

351 2975 378 3027 3
404 2976 617 3028 Veritas
657 2979 849 3031 liberat
892 2995 924 3031 a
969 2978 1225 3030 servitute
1549 2983 1878 3035 maritanum
1960 2993 2015 3034 et
2092 2980 2396 3033 daemonia-

377 3047 597 3113 peccati,
662 3064 770 3115 qua
827 3065 938 3100 non
993 3057 1072 3099 est
1115 3050 1224 3099 du-
1548 3068 1673 3103 cum
1703 3053 1723 3104 ?
2436 3046 2529 3114 757

375 3119 507 3171 rior.
1248 3122 1374 3189 753
1518 3137 1552 3190 9
1576 3122 1818 3173 Gloriam
1839 3137 1993 3173 suam
2018 3137 2127 3172 non
2145 3117 2394 3187 quaesivit

344 3205 382 3255 4
410 3191 582 3242 Judaei
626 3206 738 3241 non
778 3192 1047 3243 imitantes
1086 3192 1224 3243 facta
1548 3193 1837 3245 Dominus.
2432 3186 2526 3255 758

374 3261 624 3323 Abrahae,
656 3278 752 3314 nec
779 3262 951 3328 ipsius
970 3274 1121 3314 erant
1139 3279 1224 3315 ve·
1493 3279 1556 3329 ro
1585 3263 1790 3314 Christi
1810 3263 2106 3320 diemvidit
2117 3262 2390 3313 Abraham

375 3349 433 3384 re
468 3334 586 3387 filii.
1270 3336 1372 3404 755
1547 3343 1599 3384 et
1628 3333 1843 3399 gavisus
1872 3342 1971 3384 est.
2435 3328 2526 3397 759

350 3401 377 3452 5
404 3403 652 3458 Christus
701 3422 794 3458 eos
843 3406 1076 3457 ostendit
1102 3422 1219 3458 esse
1492 3421 1510 3455 1
1529 3421 1548 3457 1
1581 3404 1753 3456 Judaei
1779 3403 2071 3471 lapidibus,
2112 3419 2251 3469 quos
2276 3402 2386 3453 tol-

379 3472 523 3527 filios
546 3479 770 3530 diaboli.
1269 3477 1372 3547 755
1547 3476 1666 3528 lunt
1690 3485 1751 3527 ut
1780 3477 1976 3542 jaciant
1995 3475 2053 3525 in
2084 3474 2384 3535 Christum,

343 3543 376 3593 6
403 3547 632 3614 Signum
686 3566 750 3601 ex
781 3566 890 3617 quo
937 3549 1220 3616 cognosci-
1497 3592 1505 3609 ,
1544 3548 1770 3601 similes,
2435 3544 2521 3614 760

381 3625 471 3668 tur
497 3621 679 3687 quiex
700 3622 812 3672 Deo
832 3631 929 3681 est,
957 3621 1040 3671 vel
1073 3635 1202 3672 non.
1270 3619 1373 3688 756
1491 3635 1551 3672 12
1596 3620 1744 3681 Quid
1793 3635 1893 3671 nos
1942 3620 2129 3670 doceat
2171 3618 2299 3686 fuga
2335 3629 2389 3670 et

348 3709 381 3758 7
411 3693 547 3744 Male
571 3693 880 3743 affectorum
916 3692 1113 3759 gradus
1129 3690 1218 3742 tri·
1545 3689 1833 3742 absconsio
1863 3688 2103 3742 Christi?
2426 3683 2515 3755 ‘761
