2757 4413
652 339 747 388 DE
778 337 1105 390 MULIERE.
1124 338 1549 390 CHANANAEA
1572 338 1664 390 ET
1695 339 1857 390 EJUS
1889 339 2090 390 FILIA.

258 469 381 520 quae
433 453 601 504 nobis
646 465 821 520 parata
867 471 979 506 non
1033 465 1171 506 sunt.
1208 456 1336 506 dare

261 523 455 588 possit,
492 525 539 573 si
576 526 955 577 vehementius
987 528 1288 591 postulem
1316 542 1339 576 .·.

259 597 389 649 Non
412 603 512 659 est,
563 597 758 663 inquit,
786 600 981 650 bonum
1001 598 1197 650 tollere
1218 614 1332 664 pa.-

260 681 373 717 nem
413 668 670 734 filiorum
720 677 771 720 et
809 671 943 721 dare
982 670 1235 733 cunibus;
1280 680 1339 721 et

257 747 439 789 tamen
489 741 656 798 dedit,
701 742 832 807 quia
874 742 965 793 illa
987 743 1332 793 vehementer

252 810 453 877 exegit.
485 811 685 863 Judaeis
713 828 838 863 veno
867 829 898 863 e
924 813 1144 879 regione
1166 829 1330 863 mon-

252 885 481 945 stravit,
531 885 667 951 quia
713 886 1001 937 desidiosis
1072 903 1168 938 nec
1237 886 1334 936 illa

248 956 475 1023 quidem
536 958 774 1018 tribuat,
830 974 950 1024 quae
1000 957 1078 1009 eis
1121 958 1334 1008 fixerant

250 1035 566 1091 praeparata.
610 1026 858 1093 Denique
894 1027 974 1076 illi
997 1027 1136 1077 nihil
1172 1041 1327 1077 acce-

246 1109 463 1164 perunt,
496 1098 611 1148 imo
644 1099 809 1149 etiam
837 1100 1053 1166 propria
1081 1098 1332 1166 perdide-

247 1178 403 1219 runt.
450 1170 518 1219 Et
564 1170 685 1219 ideo
731 1170 867 1238 quia.
898 1170 1127 1221 minime
1171 1184 1323 1237 quae-

248 1239 479 1303 sierunt,
507 1254 574 1288 ne
606 1255 704 1289 sua
721 1240 943 1306 quidem
976 1251 1329 1307 acceperunt·,

249 1314 347 1365 illa
418 1331 577 1373 vem,
620 1316 748 1381 quia
824 1317 1171 1367 vehementer
1239 1315 1326 1364 in-

250 1385 444 1436 cubuit
485 1387 783 1446 vendicare,
830 1396 882 1436 et
927 1403 1038 1438 rem
1091 1387 1331 1437 filiorum

250 1458 460 1523 accepit
506 1458 683 1522 canis;
714 1470 926 1510 tantum
970 1461 1174 1527 quippe
1223 1460 1325 1509 bo-

250 1546 394 1580 num
414 1540 495 1580 est
542 1529 676 1580 fides
717 1531 905 1581 sedula
947 1542 999 1581 et
1025 1530 1355 1598 deprecatio,

247 1600 631 1664 perseverans!
663 1621 690 1648 »
718 1602 783 1651 Et
802 1602 997 1652 iterum
1029 1618 1043 1652 ε
1075 1621 1102 1648 α
1123 1603 1208 1651 Tu
1234 1618 1327 1650 au·

247 1680 362 1721 tem
411 1672 632 1722 intende
672 1674 902 1738 qualiter
928 1673 1205 1739 Apostolis
1239 1674 1325 1723 vi·-

246 1745 357 1795 ctis
405 1756 459 1796 et
533 1762 640 1795 non
701 1746 1107 1811 perficientibus
1134 1787 1161 1809 ‚.
1207 1748 1323 1813 ipsa

244 1814 495 1880 perficit5.
537 1827 646 1865 tam
688 1833 945 1882 magnum
971 1819 1107 1884 quid
1132 1829 1213 1870 est
1236 1819 1327 1869 in-

244 1886 449 1937 stantia
501 1888 791 1939 orationis!
844 1890 1047 1940 etenim
1091 1907 1194 1957 pro
1219 1906 1324 1940 no»-

243 1956 374 2005 stris
421 1957 604 2007 noxiis
643 1974 677 2008 a
708 1961 870 2010 nobis
897 1962 1012 2011 vult
1039 1961 1211 2027 magis
1233 1977 1326 2011 ro-

246 2028 383 2092 gari,
439 2044 605 2094 quam
649 2030 717 2080 ab
767 2031 891 2083 aliis
927 2048 1038 2100 pro:
1064 2032 1228 2083 nobis
1253 2049 1321 2082 z.»

248 2102 371 2152 haec
393 2101 837 2167 chrysostomus,

317 2189 351 2240 7
377 2174 542 2224 Sinon
593 2191 660 2225 Er
716 2192 957 2228 cut-:124
989 2191 1129 2229 tuns.
1159 2205 1220 2216 —
1248 2178 1329 2229 De

249 2244 474 2309 Sarepta
519 2246 591 2295 ad
632 2246 767 2297 duas
806 2248 989 2298 leucas
1033 2257 1115 2297 est
1159 2248 1327 2299 Sidon

249 2314 460 2374 civitas,
495 2326 618 2366 ante
661 2318 811 2381 cuius
845 2320 1324 2383 portamostendi-

249 2398 344 2438 tur
368 2404 481 2438 una
509 2390 723 2454 capella,
763 2391 815 2441 in
842 2392 965 2442 loco
990 2392 1085 2442 ubi
1115 2393 1326 2443 locutus

250 2468 347 2510 est.
374 2459 646 2509 Dominus
688 2460 1029 2522 Chananaeae,
1055 2471 1107 2512 et
1130 2462 1326 2514 deinde

248 2531 460 2581 sanavit
489 2530 655 2582 filiam
676 2534 790 2597 ejus
818 2535 877 2584 in
915 2535 1019 2595 via,
1040 2551 1162 2600 quae
1180 2536 1331 2587 ducit

249 2603 548 2656 Caesaream
588 2605 818 2671 Philippi
848 2607 913 2657 in
933 2608 1196 2658 Ituraeam.

312 2672 357 2723 8-
392 2675 738 2726 ALLscomcn
782 2692 986 2728 numan.
1023 2677 1328 2729 Cannarum

246 2761 357 2795 zsr·
376 2746 637 2796 Recta-:sta
664 2763 729 2797 os
760 2749 1054 2811 Gaurum&
1091 2778 1152 2788 --
1177 2750 1327 2800 Sicut

245 2828 430 2869 autem
458 2818 590 2870 fides
615 2821 807 2871 matris
831 2832 1147 2886 cooperatur:
1177 2822 1329 2882 filiae,

247 2889 331 2941 sic
373 2890 508 2942 fides
546 2892 791 2943 Ecclesiae
834 2893 1071 2958 parvulis
1102 2894 1198 2960 qui
1227 2896 1326 2944 ba·-

246 2962 519 3026 ptizantur
545 2963 601 3013 in
635 2965 748 3029 ejus
772 2965 896 3016 fide.
929 2965 1104 3026 Unde,
1143 2981 1326 3017 secun·

249 3032 384 3083 dum
434 3034 765 3100 Remigium,
812 3036 971 3087 datur
1025 3037 1116 3086 hic
1147 3053 1327 3088 exem-—

249 3107 411 3169 plum
461 3108 866 3174 catechizandi,
915 3119 977 3161 et.
1023 3110 1325 3175 baptizandi

248 3174 502 3238 infantes,
543 3188 601 3227 ut
633 3178 818 3230 fideles
848 3196 955 3245 pror
973 3180 1089 3233 suis
1125 3197 1334 3248 parvu-

248 3245 317 3296 lis
346 3247 460 3297 Deo
490 3246 653 3298 fidem
678 3251 1027 3318 promittant;
1058 3264 1329 3320 quatenus

247 3315 395 3366 sicut
420 3317 525 3367 fide
559 3318 716 3369 istius
758 3322 1004 3372 mulieris
1030 3334 1217 3374 sanata
1242 3334 1325 3374 est

246 3384 359 3437 filia
396 3388 532 3452 ejuS,
577 3389 651 3438 ita
696 3402 755 3440 et
789 3391 893 3441 fide
925 3392 1319 3444 catholicorum

245 3455 488 3507 virorum
541 3470 753 3523 peccata
792 3461 1030 3526 parvulis
1072 3464 1320 3514 relaxen-

242 3537 351 3579 tur.
403 3531 506 3580 Per
556 3530 719 3581 fidem
761 3534 909 3583 enim
949 3534 1229 3595 Ecclesiae,
1271 3547 1323 3586 et

242 3599 645 3651 confessionem
687 3618 779 3653 seu
812 3605 1218 3671 responsionem
1247 3607 1320 3656 of·

243 3672 540 3724 ferentium
584 3675 643 3725 in
672 3677 946 3743 Baptismo
973 3678 1272 3730 liberantur
1292 3696 1322 3730 a

245 3744 517 3796 daemonio
554 3748 779 3811 parvuli,
810 3750 907 3814 qui
950 3752 1177 3801 necdum
1230 3767 1324 3816 per

247 3830 309 3866 se
336 3831 540 3882 sapere,
574 3818 657 3867 vel
685 3820 891 3885 aliquid
909 3830 1063 3887 agere
1099 3834 1325 3888 possunt

249 3885 381 3935 boni
411 3897 505 3937 aut
527 3887 677 3936 mali.
705 3889 1002 3956 Allegorice
1019 3902 1217 3953 autem,
1249 3908 1328 3943 se-

249 3957 489 4007 cundum
539 3958 792 4010 eumdem
842 3961 1173 4028 Remigium,
1204 3963 1320 4014 haec

2401 354 2507 407 797

1440 455 1638 506 mulier
1657 465 1896 506 sanctam
1926 455 2216 505 Ecclesiam
2238 455 2412 521 signat
2440 456 2506 505 de

1438 525 1705 575 Gentibus
1777 536 2169 591 congregatam.
2246 526 2342 575 Per
2404 524 2509 575 hoc

1437 595 1584 645 enim
1615 596 1762 662 quod
1800 596 2086 654 Dominus,
2113 595 2318 644 relictis
2358 595 2504 646 Scri-

1438 667 1522 717 bis
1582 678 1635 717 et
1689 667 1993 728 PharisaeiS,
2029 668 2177 718 venit
2221 668 2278 717 in
2329 677 2504 733 partes

1436 738 1571 804 Tyri
1599 748 1652 788 et
1704 740 1944 799 Sidonis,
1974 739 2149 805 signat
2194 738 2328 804 quia
2375 738 2506 788 reli-

1434 818 1622 858 cturus
1668 821 1782 859 erat
1822 810 2053 868 JudaeQS,
2095 824 2154 858 ac
2179 808 2506 859 transiturus

1433 878 1500 927 ad
1532 880 1750 929 Gentes,
1783 881 1878 931 Est
1922 891 2100 930 autem
2149 879 2261 928 haec
2307 878 2503 929 mulier

1433 968 1645 1018 egressa
1684 969 1718 1004 a
1754 953 1957 1005 finibus
1996 954 2130 1013 suis,
2163 952 2292 1018 quia
2322 962 2510 1002 sancta

1435 1025 1673 1075 Ecclesia
1704 1025 1922 1076 recessit
1958 1040 1991 1075 a
2026 1024 2270 1091 pristinis
2300 1023 2504 1072 errori-

1433 1095 1535 1145 bus
1560 1106 1611 1146 et
1638 1097 1804 1148 vitiis.
1841 1098 2012 1161 Rogat
2052 1112 2270 1163 quoque
2307 1110 2402 1160 pro
2433 1094 2503 1144 fi-

1430 1166 1518 1224 lia,
1547 1166 1604 1217 id
1628 1178 1709 1219 est
1738 1184 1834 1234 pro
1876 1168 2076 1233 populo
2124 1183 2224 1218 suo
2257 1166 2502 1216 nondum

1430 1239 1702 1299 credente,
1740 1249 1806 1288 ut
1841 1248 1892 1287 et
1934 1237 2038 1303 ipsi
2086 1238 2435 1287 absolvantur
2474 1251 2508 1287 a

1431 1309 1716 1361 fraudibus
1743 1310 1964 1360 diaboli.
1993 1310 2061 1360 Et
2101 1309 2154 1359 si
2181 1310 2245 1358 ad
2270 1309 2504 1375 primam

1432 1384 1751 1448 petitionem
1783 1382 2038 1433 Ecclesiae.
2059 1382 2326 1432 Dominus
2357 1383 2504 1432 salu-

1433 1466 1541 1507 tem
1599 1458 1795 1508 animae
1850 1455 2024 1506 differt
2076 1456 2217 1518 dare,
2256 1470 2366 1504 non
2424 1463 2503 1503 est

1430 1528 1847 1592 desperandum,
1861 1529 1945 1577 vel
1974 1543 2008 1578 a
2037 1525 2264 1593 petendo
2287 1540 2505 1574 cessan-

1430 1599 1589 1661 dum;
1615 1600 1708 1649 sed
1750 1600 1924 1665 mgis
1951 1598 2197 1664 precibus
2239 1595 2500 1646 insisten-

1429 1670 1580 1732 dum,
1622 1681 1674 1721 et
1724 1673 1788 1721 ad
1830 1672 2024 1731 Deum,
2064 1681 2115 1721 et
2163 1669 2227 1719 ad
2272 1670 2498 1718 Sanctos

1429 1745 1813 1796 recurrendum
1835 1784 1853 1805 ,
1903 1755 1954 1794 et
2006 1754 2137 1794 tunc
2199 1741 2502 1808 perficietur

1427 1815 1622 1876 oratio,
1651 1826 1713 1866 ut
1765 1826 2020 1883 sequatur
2054 1814 2293 1873 effectuS‚
2319 1827 2500 1880 quan-

1428 1898 1762 1955 tumcunque
1785 1888 1948 1938 fuerit
1973 1888 2330 1944 ChananaeuS‚
2358 1885 2500 1935 Gen-

1427 1958 1584 2020 tilis‚
1627 1960 1772 2010 canis
1823 1969 1874 2009 et
1930 1958 2268 2008 immundus,
2311 1954 2499 2006 Merito

1427 2039 1607 2078 autem
1659 2044 1862 2095 magna
1891 2028 2088 2079 dicitur
2118 2028 2266 2094 fides
2316 2025 2500 2076 Eccle-

1366 2162 1368 2165 y
1428 2102 1522 2152 siae
1549 2103 1616 2151 de
1653 2102 1918 2153 Gentibus
1942 2141 1955 2163 ,
1989 2101 2118 2167 quia
2145 2116 2268 2151 cum
2300 2100 2500 2150 Gentes

1430 2187 1526 2223 nec
1555 2174 1693 2239 Lege
1730 2172 1929 2223 fuerint
1969 2173 2209 2233 imbutae,
2239 2185 2334 2221 nec
2360 2170 2498 2220 Pro-

1430 2248 1712 2312 phetarum
1781 2247 2005 2297 vocibus
2062 2246 2336 2295 instructae
2360 2282 2372 2302 ,
2432 2241 2498 2292 ad

1430 2318 1861 2382 praedicationem
1918 2333 2047 2367 mox
2094 2315 2498 2382 Apostolorum,

1431 2390 1490 2439 in
1514 2390 1700 2442 auditu
1741 2389 1852 2440 oris
1886 2390 2235 2451 obediet-unu
2271 2387 2499 2451 ideoque

1429 2462 1656 2512 salutem
1683 2463 1974 2527 impetrare
1996 2468 2334 2510 meruerunt.

1493 2549 1530 2600 9
1549 2535 1870 2583 Momnsn
1894 2547 2036 2581 rma
2062 2546 2190 2580 Esus.
2218 2544 2312 2578 nst·
2344 2543 2498 2586 Quas-

1430 2622 1587 2656 ansr
1614 2621 1952 2656 conscmmm
1979 2619 2242 2654 POLLUTA.
2273 2629 2334 2637 —
2376 2601 2498 2649 Mo-

1430 2677 1610 2729 raliter.
1652 2689 1833 2728 autem
1886 2674 1996 2726 filia
2043 2684 2124 2725 est
2167 2672 2347 2723 anima
2371 2711 2384 2731 ‚
2416 2670 2502 2720 vel

1429 2752 1768 2803 conscientia,
1799 2749 2097 2816 cujuslibet,
2139 2747 2280 2797 intra
2331 2746 2512 2796 Eccle··

1429 2823 1570 2873 siam
1616 2822 1830 2872 diabolo
1864 2820 2191 2887 mancipata;
2246 2834 2346 2885 pro
2392 2830 2499 2882 qua

1431 2905 1600 2945 mater
1631 2892 1861 2944 Ecclesia
1896 2902 2042 2950 orat..
2062 2893 2146 2942 vel
2187 2891 2302 2956 ipse
2331 2889 2498 2938 homo

1429 2979 1527 3029 pro
1573 2962 1762 3014 foedata
1809 2961 2158 3012 conscientia.
2189 2960 2343 3011 Unde
2375 2959 2498 3008 Ra-

1431 3039 1597 3088 banus
1627 3054 1643 3086 .·
1675 3056 1701 3081 α
1731 3035 1786 3087 Si
1817 3030 2366 3102 quis‘conscientiam
2396 3033 2500 3082 ha-

1428 3110 1519 3158 bet
1561 3106 1791 3170 alicujus
1831 3107 1952 3157 vitii
2006 3108 2164 3157 sorde
2217 3107 2500 3172 pollutam.

1427 3178 1597 3228 filiam
1642 3179 1803 3228 babet
1850 3194 1879 3227 a
1916 3177 2190 3237 daemonio
2237 3184 2495 3227 vexatam.

1430 3250 1495 3299 Et
1520 3249 1565 3299 si
1595 3248 1717 3316 quis
1760 3248 1908 3298 bona
1932 3265 2054 3315 quae
2096 3248 2278 3315 gessit.
2313 3260 2501 3311 pecca-

1428 3336 1605 3374 torum
1657 3334 1803 3390 peste
1843 3325 2080 3383 foedavit,
2115 3323 2280 3373 filiam
2336 3320 2504 3370 habet

1429 3395 1709 3445 immundi⁴
1756 3395 1984 3460 spiritus
2026 3394 2182 3444 furiis
2224 3391 2502 3458 agitatam.¹

1429 3467 1659 3532 Ideoque
1705 3482 1921 3518 necesse
1969 3477 2049 3516 est
2088 3476 2151 3516 ut
2196 3465 2262 3513 ad
2315 3477 2498 3529 preces

1427 3537 1798 3603 lacrymasque
1823 3537 2111 3604 confugiat,
2160 3537 2498 3585 Sanctorum·

1428 3625 1534 3675 que
1585 3609 1995 3662 intercessiones
2028 3620 2078 3658 et
2109 3607 2314 3657 auxilia
2346 3621 2498 3673 quae÷

1430 3689 1567 3730 rat.»
1592 3681 1749 3732 Unde
1768 3693 1825 3733 et
1835 3682 2254 3747 Chrysostomus
2279 3694 2295 3726 .·
2329 3697 2356 3724 a
2374 3677 2499 3729 Imi-

1427 3761 1540 3804 tare
1560 3753 1924 3804 Chananaeam
1953 3751 2034 3801 vir
2064 3750 2370 3801 mulierem.
2395 3749 2501 3801 Sed

1427 3823 1654 3874 forsitan
1709 3824 1844 3874 dicis
1877 3840 1894 3872 ι
1933 3823 2057 3873 Non
2104 3822 2274 3872 habeo
2331 3820 2501 3874 filiam

1428 3909 1548 3959 quae
1575 3894 1841 3944 daemonio
1871 3893 2028 3958 plena
2067 3892 2159 3956 sit;
2210 3894 2308 3943 sed
2334 3894 2501 3944 habes

1427 3966 1665 4017 animam
1699 3966 1923 4033 peccatis
1945 3965 2213 4018 refertam.
2241 3966 2421 4018 Dicito
2445 3976 2497 4019 et
