2757 4413
280 239 392 309 486

277 366 403 416 bere
456 359 769 428 pronuntiat
827 359 1105 410 veritatem
1121 395 1136 419 ,
1182 373 1346 425 quam

275 436 445 486 libere
488 431 735 482 nuntiare
776 439 1001 496 oportet,
1031 439 1121 480 aut
1144 445 1250 479 non
1274 429 1347 479 li-

274 506 400 555 bere
417 502 692 554 veritatem
717 500 974 560 defendit,
999 516 1162 566 quam
1182 499 1349 550 libere

274 574 556 626 defendere
583 572 852 632 convenit,
879 571 1118 637 proditor
1143 580 1224 621 est
1250 586 1346 620 ve-

272 647 462 699 ritatiS.
503 645 624 695 Non
653 645 832 694 solum
860 644 950 695 ille
989 654 1347 709 transgressor

272 728 355 770 est
376 715 631 776 veritatis,
665 715 760 781 qui
793 716 967 780 palam
1007 715 1232 779 denegat
1260 730 1348 764 ve-

273 789 516 850 ritatem;
541 786 634 837 sed
662 785 825 836 etiam
869 785 961 837 ille
1004 784 1100 851 qui
1130 794 1347 850 propter

271 861 524 911 timorem
562 873 750 908 eorum
795 855 890 922 qui
932 865 1161 922 possunt
1199 855 1346 905 occi-

273 932 398 982 dere
457 944 669 995 corpus‚
732 937 865 978 tacet
933 926 1228 978 veritatem.
1275 927 1346 976 Et

272 1003 406 1071 quid
448 1000 604 1053 dico?
646 999 775 1066 quia
819 1009 1036 1065 propter
1093 998 1342 1049 timorem

273 1073 467 1125 mortis
509 1081 683 1122 tacent
736 1070 986 1121 homines
1047 1069 1341 1130 veritatem,

275 1154 492 1212 propter
531 1142 788 1194 miserum
833 1151 1075 1192 ventrem
1126 1150 1178 1192 et
1218 1157 1346 1207 pro-

275 1227 392 1283 pter
418 1231 569 1282 spem
612 1215 730 1266 vani
770 1214 996 1265 honoris
1040 1224 1213 1264 tacent
1238 1215 1345 1264 ho·-

274 1288 448 1338 mines
491 1286 785 1337 veritatem.
829 1286 930 1336 Sed
983 1285 1118 1335 forte
1170 1285 1342 1335 dicis:

273 1357 331 1409 Si
363 1368 509 1408 taceo
535 1356 811 1408 veritatem
837 1366 961 1407 ante
990 1355 1342 1415 adversarios,

276 1428 544 1494 numquid
603 1427 881 1478 consentio
934 1425 1212 1476 mendacio
1262 1441 1347 1476 eo-

275 1500 428 1551 rum?
456 1500 554 1551 Dic
583 1499 720 1550 mihi
748 1517 761 1549 :
786 1499 845 1548 Si
871 1499 1121 1564 princeps
1147 1499 1344 1564 aliquis

275 1570 507 1622 Romani
551 1569 911 1636 Imperatoris,
939 1569 1128 1619 videns
1167 1568 1348 1619 civita·

273 1652 384 1692 tem
421 1642 722 1691 Romanam
764 1639 831 1689 ab
876 1639 1124 1688 hostibus
1172 1653 1345 1704 expu-

276 1711 449 1778 gnari,
485 1726 610 1761 cum
650 1709 821 1776 possit
866 1708 1107 1772 liberare,
1156 1708 1346 1759 defen-

274 1785 399 1834 dere
421 1782 735 1848 neglexerit3
765 1797 897 1831 num
922 1781 1038 1847 ipse
1076 1781 1347 1831 videbitur

274 1853 576 1915 tradidisse,
617 1868 780 1920 quam
811 1851 1071 1919 potuisset
1105 1851 1346 1912 liberare,

277 1927 325 1979 si
347 1924 645 1977 voluisset?
670 1925 757 1975 Sic
783 1935 836 1975 et
865 1933 924 1975 tu
950 1924 1140 1975 videns
1166 1924 1352 1973 verita—

274 2008 386 2050 tem
417 1996 516 2048 Dei
544 1996 611 2047 ab
653 1995 838 2062 impiis
878 1995 1187 2062 expugnari,
1224 2011 1348 2046 cum

278 2067 454 2134 possis
495 2082 612 2118 eam
642 2066 943 2127 defendere,
973 2067 1019 2117 si
1065 2065 1216 2133 loqui
1263 2082 1351 2117 vo·

277 2139 490 2199 luisses,
518 2147 716 2197 tacens,
747 2137 1082 2204 expugnasti,
1113 2152 1207 2204 per
1246 2137 1349 2188 hoc

279 2213 461 2279 ipsum
503 2210 649 2276 quod
695 2225 813 2261 eam
851 2225 1040 2276 passus
1080 2225 1136 2260 es
1175 2225 1351 2276 expu-

277 2283 451 2351 gnari.
472 2283 543 2334 Et
567 2282 612 2333 si
638 2291 855 2349 propter
872 2282 1121 2332 timorem
1163 2297 1350 2332 eorum

277 2354 371 2424 qui
391 2354 637 2406 occidunt
659 2368 854 2420 corpus
877 2363 1049 2404 tacere
1073 2352 1350 2404 veritatem

279 2425 529 2492 impietas
549 2436 650 2486 est,
671 2425 950 2491 quomodo
978 2441 1087 2476 non
1129 2424 1200 2476 sit
1238 2424 1348 2475 im-

278 2497 448 2564 pietas
486 2498 654 2563 major
695 2507 865 2547 tacere
898 2495 1174 2547 veritatem
1219 2512 1351 2562 pro-

278 2577 396 2635 pter
415 2567 676 2618 miserum
697 2578 938 2618 ventrem
977 2577 1028 2618 et
1057 2582 1208 2633 spem
1226 2567 1349 2617 vani

278 2637 532 2699 honoris;
573 2637 959 2704 melioremque
1014 2635 1182 2686 facere
1224 2651 1352 2703 gra-

279 2708 412 2759 tiam
453 2707 610 2774 panis
654 2717 705 2758 et
746 2707 993 2767 honoriS,
1025 2722 1191 2773 quam
1229 2722 1352 2773 gra-

278 2780 411 2833 tiam
459 2780 698 2831 veritatis
753 2780 897 2831 Dei?
969 2780 1034 2831 Et
1090 2796 1106 2829 z
1166 2779 1354 2830 Nolite

282 2851 467 2903 timere
530 2865 622 2901 eos
679 2851 772 2916 qui
825 2850 1072 2901 occidunt
1123 2864 1348 2917 εονριιε,

280 2921 543 2989 quoniam
568 2936 760 2987 corpus
790 2921 892 2972 etsi
932 2921 1000 2971 ab
1045 2920 1231 2987 impiis
1256 2939 1353 2973 oc·-

281 2993 461 3045 cisum
499 3009 607 3043 non
648 2992 809 3043 fuerit
843 3002 1061 3060 propter
1102 2993 1295 3057 Deum,
1322 3011 1354 3046 a

283 3066 461 3133 seipso
487 3075 607 3132 post
636 3066 913 3116 modicum
947 3065 1207 3117 morietur
1236 3084 1356 3134 pro-

284 3146 405 3204 pter
458 3145 705 3186 naturam
741 3152 755 3185 ι
788 3151 916 3202 ergo
959 3135 1120 3187 occisi
1173 3153 1354 3189 secun-

284 3209 416 3262 dum
431 3224 624 3274 corpus
635 3209 703 3259 ab
728 3208 930 3275 impiiS‚
950 3208 1088 3259 nihil
1104 3211 1352 3276 perdunt,

286 3279 395 3332 nisi
444 3279 636 3330 mortis
682 3278 1012 3343 dilationem,
1057 3281 1230 3347 magis
1254 3298 1353 3332 au-

285 3361 396 3403 tem
421 3365 515 3400 nec
544 3349 716 3415 ipsam
745 3348 1079 3401 dilationem.
1119 3351 1175 3403 Si
1204 3352 1351 3404 enim

285 3437 474 3474 verum
514 3431 612 3481 est,
644 3421 790 3488 quod
839 3436 935 3472 nec
975 3420 1167 3473 folium
1215 3424 1355 3476 cadit

286 3492 354 3542 de
406 3491 593 3542 arbore
642 3491 758 3542 sine
806 3502 1071 3558 praecepto
1119 3493 1238 3554 Dei,
1300 3505 1353 3546 et

286 3562 415 3632 quia
443 3562 709 3614 numerati
754 3573 883 3614 sunt
939 3563 1097 3615 nobis
1143 3564 1259 3615 dies
1286 3567 1353 3617 ad

284 3634 469 3696 vitam,
504 3634 715 3685 credere
754 3633 1016 3686 debemus
1063 3636 1207 3702 quod
1257 3652 1354 3687 nec

286 3705 554 3756 morimur
592 3714 713 3756 ante
761 3704 934 3767 diem,
984 3721 1081 3757 nec
1128 3707 1354 3757 transire

286 3792 577 3843 possumus
626 3775 790 3829 diem.
849 3778 1116 3829 Ponamus
1177 3787 1351 3830 tamen

287 3849 543 3917 quoniam
568 3859 621 3902 et
645 3858 766 3903 ante
791 3849 937 3903 diem
972 3851 1217 3915 moritur,
1258 3851 1354 3920 qui

950 242 1194 293 PRIMAE
1226 241 1476 292 PARTIS
1507 240 1741 292 CAPUT
1773 240 1906 293 LIII.

1457 357 1688 408 moritur
1733 366 1947 423 propter
1973 357 2165 408 Deum.
2213 358 2271 409 Si
2319 375 2448 426 ergo
2477 371 2532 411 et

1455 427 1622 494 gratis
1669 438 1790 494 post
1836 427 2110 478 modicum
2141 429 2387 480 morituri
2427 446 2528 481 su-

1458 514 1605 559 mus,
1663 498 1811 549 nulla
1850 498 1947 550 Dei
2000 514 2157 549 causa
2219 500 2528 566 proposita,

1454 584 1620 634 quare
1666 585 1778 620 non
1807 579 1927 619 ante
1954 569 2228 620 modicum
2266 569 2325 620 in
2367 585 2531 622 causa

1455 638 1550 689 Dei
1592 654 1716 689 cum
1766 638 1936 705 gloria
1989 639 2275 701 morimur,
2320 650 2382 690 ut
2433 640 2530 693 fiat

1454 709 1774 761 sacrificium
1821 710 2203 772 voluntarium,
2252 712 2531 778 proposita

1454 796 1611 832 causa
1648 780 1772 843 Dei;
1821 790 1882 831 ut
1925 779 2212 831 offeramus
2260 782 2370 832 Deo
2428 797 2529 848 pro

1456 869 1692 917 munere,
1735 855 1882 920 quod
1931 853 2219 920 aliquando
2268 853 2529 905 reddituri

1453 940 1643 975 sumus
1683 941 1779 991 pro
1814 924 2025 975 debito?
2071 925 2209 976 Ecce
2252 925 2297 975 si
2332 936 2528 977 mutuo

1453 996 1746 1063 acceperis,
1808 1007 1871 1048 ut
1936 1006 2064 1063 puta
2137 997 2357 1060 bovem,
2393 1005 2400 1013 ·
2433 1007 2530 1048 aut

1453 1084 1672 1135 equum,
1707 1079 1799 1119 aut
1835 1069 2072 1128 asinum,
2103 1083 2282 1118 nonne
2309 1067 2530 1120 assidue

1453 1157 1590 1206 opus
1622 1153 1778 1192 tuum
1822 1140 2060 1207 operaris
2089 1140 2146 1191 in
2189 1140 2343 1191 eum?
2377 1140 2530 1192 Dicis

1452 1212 1601 1263 enim
1619 1214 1759 1279 apud
1788 1222 1858 1274 te,
1881 1213 2043 1264 hodie
2069 1222 2162 1263 aut
2192 1227 2307 1263 cras
2327 1212 2529 1263 tollen-

1452 1287 1555 1336 dus
1583 1297 1664 1338 est
1695 1302 1727 1337 a
1754 1302 1859 1347 me,
1898 1286 2028 1353 quia
2065 1303 2173 1337 non
2226 1295 2307 1336 est
2350 1301 2527 1338 meus.

1453 1359 1525 1409 Et
1572 1358 1628 1409 in
1676 1374 1898 1425 corpore
1945 1358 2282 1425 corruptibili
2341 1369 2528 1418 natur»,

1453 1447 1619 1499 quare
1646 1449 1756 1483 non
1783 1434 1848 1483 ad
1886 1432 2172 1484 utilitatem
2204 1433 2395 1483 animae
2418 1442 2529 1483 tuae

1454 1507 1622 1558 uteris
1658 1506 1918 1573 corporali
1950 1523 2172 1573 corpore
2204 1517 2317 1566 tu0,
2351 1505 2531 1557 sciens

1454 1579 1582 1646 quia
1606 1589 1729 1645 post
1753 1579 2030 1630 modicum
2057 1579 2359 1629 tollendum
2388 1587 2471 1628 est
2497 1593 2530 1629 a

1454 1660 1525 1711 te,
1574 1651 1700 1718 quia
1745 1666 1854 1701 non
1903 1661 1985 1703 est
2033 1649 2223 1701 tuum?
2265 1650 2398 1709 Quae
2448 1659 2530 1699 est

1457 1720 1558 1771 ista
1599 1720 1908 1787 insipientia
1954 1731 2155 1781 nostra,
2199 1719 2350 1770 odire
2379 1720 2529 1786 quod

1455 1800 1698 1841 nostrum
1723 1800 1821 1851 est,
1841 1800 1894 1841 et
1914 1805 2094 1841 amare
2111 1791 2256 1856 quod
2280 1799 2531 1840 nostrum

1458 1877 1568 1912 non
1598 1861 1707 1912 est?
1738 1861 1974 1921 Studere,
2003 1862 2148 1927 quod
2179 1875 2386 1911 servare
2415 1875 2531 1911 non

1459 1947 1773 1998 possumus,
1822 1942 1875 1982 et
1938 1931 2208 1998 negligere
2264 1931 2411 1997 quod
2472 1931 2531 1982 in

1458 2011 1718 2053 aeternum
1747 2002 2103 2053 habebimus?
2134 2001 2321 2053 Nolite
2345 2001 2534 2053 timere

1459 2086 1550 2123 eos
1595 2072 1686 2138 qui
1725 2073 1972 2124 occidunt
2005 2087 2220 2137 corpus·
2273 2071 2416 2131 Quid
2448 2081 2533 2123 est

1459 2142 1624 2192 timor
1651 2142 1875 2194 mortis?
1925 2143 2045 2193 Non
2094 2143 2250 2193 dolor
2298 2142 2531 2193 exeundi

1459 2216 1526 2265 de
1553 2231 1789 2282 corpore,
1815 2216 1908 2266 sed
1929 2215 2227 2282 desperatio
2254 2214 2377 2265 vitae
2406 2224 2534 2280 post

1461 2297 1708 2348 mortem,
1740 2287 1795 2337 id
1834 2297 1914 2339 est
1951 2286 2108 2338 timet
2142 2296 2372 2337 mortem
2433 2286 2532 2353 qui

1460 2374 1569 2409 non
1619 2369 1768 2426 putat
1801 2375 1859 2410 se
1889 2359 2066 2409 vivere
2110 2369 2233 2424 post
2275 2367 2529 2408 mortem.

1461 2429 1559 2480 Vis
1585 2429 1750 2481 scire?
1787 2431 1918 2481 Ecce
1946 2429 2251 2496 frequenter
2279 2426 2535 2479 homines

1459 2517 1673 2568 gravem
1713 2502 1956 2552 dolorem
1986 2501 2260 2567 patiuntur
2289 2500 2344 2550 in
2370 2498 2536 2548 infir-

1461 2571 1663 2632 mitate,
1686 2581 1737 2621 et
1765 2587 1874 2621 non
1901 2571 2233 2634 moriuntur;
2265 2579 2318 2620 et
2350 2578 2536 2621 tamen

1460 2641 1631 2707 magis
1651 2640 1886 2692 contenti
1909 2650 2035 2691 sunt
2055 2657 2270 2707 gravem
2288 2640 2537 2691 dolorem

1460 2712 1588 2777 pati,
1619 2721 1672 2762 et
1699 2726 1806 2761 non
1835 2710 1995 2762 mori.
2030 2711 2194 2762 Vides
2232 2726 2357 2777 ergo
2401 2710 2537 2777 quia

1462 2799 1572 2833 non
1602 2784 1757 2834 dolor
1783 2783 1991 2848 mortis,
2019 2784 2112 2834 sed
2138 2799 2285 2834 mors
2315 2783 2431 2848 ipsa
2453 2783 2536 2833 ti-

1463 2867 1657 2907 metur.
1672 2876 1700 2905 »
1716 2856 1782 2907 Et
1805 2856 2001 2907 iterum
2020 2873 2033 2906 :
2051 2874 2078 2901 «
2099 2856 2203 2916 Qui
2227 2856 2380 2906 malae
2407 2870 2538 2906 con-

1462 2925 1701 2976 scientiae
1744 2937 1842 2987 est,
1903 2941 2115 2992 semper
2162 2925 2536 2993 pusillanimis

1463 3014 1523 3049 ac
1562 2997 1787 3048 timidus
1827 3008 1944 3049 est:
1969 3018 1997 3046 n
2040 2999 2152 3049 haec
2196 2998 2537 3065 Chrysosto-

1464 3082 1599 3118 mus.
1636 3068 1793 3120 Unde
1828 3068 1904 3119 ait
1926 3069 2129 3120 Seneca
2149 3086 2167 3119 .·
2190 3087 2218 3115 α
2247 3067 2535 3118 Timidum

1465 3155 1575 3189 non
1611 3138 1738 3191 facit
1764 3139 2026 3204 animum,
2056 3139 2161 3190 nisi
2187 3139 2538 3205 reprehensi-

1464 3209 1593 3260 bilis
1612 3208 1734 3260 vitae
1757 3209 2081 3261 conscientia
2108 3211 2248 3260 mala
2281 3226 2296 3259 ε
2335 3229 2363 3257 n
2411 3209 2534 3261 haec

1465 3282 1686 3333 Seneca.
1735 3281 1819 3332 Sit
1861 3298 1988 3350 ergo
2020 3282 2121 3333 tibi
2167 3281 2456 3348 singularis
2481 3292 2537 3333 et

1463 3353 1893 3419 superexcessiva
1947 3352 2141 3404 fiducia
2185 3352 2242 3403 in
2312 3351 2534 3403 Christo

1464 3433 1515 3475 et
1539 3424 1656 3488 eius
1682 3423 1965 3489 promissis
1992 3432 2044 3474 et
2070 3423 2267 3483 verbis,
2297 3423 2354 3474 in
2380 3422 2534 3474 omni

1461 3496 1699 3562 periculo
1724 3504 1778 3546 et
1802 3495 1990 3555 dubio,
2014 3504 2067 3545 et
2091 3495 2147 3545 in
2174 3494 2323 3545 omni
2346 3493 2537 3561 inopia

1463 3582 1556 3617 cor
1581 3564 1913 3617 ineffabiliter
1938 3581 2263 3628 assecurans,
2284 3565 2358 3615 ita
2383 3565 2534 3632 quod

1463 3641 1509 3691 si
1532 3641 1719 3691 omnia
1754 3649 1923 3691 castra
1960 3639 2287 3701 daemonum,
2330 3649 2383 3690 et
2422 3648 2535 3690 tota

1464 3726 1729 3778 synagoga
1773 3710 2125 3777 peccantium,
2173 3727 2233 3761 ac
2285 3719 2395 3761 tota
2452 3725 2536 3761 ca·

1465 3788 1611 3830 terva
1651 3780 2048 3833 mundanorum
2105 3779 2428 3845 sapientium
2478 3789 2534 3831 et

1465 3851 1771 3921 principum
1804 3864 1855 3906 te
1879 3853 2174 3915 obsideant,
2202 3851 2397 3905 habeas
2418 3866 2532 3902 om·
