2757 4413
802 293 896 344 DE
922 294 1114 346 FILIO
1149 293 1413 347 REGULI
1444 295 1746 348 SANATO.

155 407 433 458 ambulare
470 408 774 469 cessaveris,
812 407 1218 460 mortificabitm·

158 479 248 529 tibi
288 479 591 531 intellectus
626 480 765 531 circa
795 481 924 532 boni
963 481 1219 546 operatio-

159 565 275 599 nem
318 566 332 599 ε
368 569 397 598 ³>
438 551 553 601 haec
584 551 930 616 Theophilus,
967 551 1219 611 Quotidie

156 623 311 673 etiam
338 624 582 690 Regulus
608 641 705 691 pro
738 623 850 674 filio
877 624 1092 675 infirmo
1128 641 1218 676 sa-

158 696 332 745 nando
399 695 706 761 intercedit,
770 698 900 747 dum
971 697 1218 762 praelatus

154 766 384 832 quisque
407 781 505 830 pro
532 762 631 816 su'o
656 767 873 817 subdito
902 768 1067 818 variis
1096 778 1217 819 ten-

156 838 449 889 tationibus
485 839 786 905 depravato,
820 850 881 890 ut
908 856 947 891 a
982 840 1217 891 Domino

161 923 385 967 sanetur.
435 928 615 978 preces
665 913 910 964 effundit.
964 913 1218 965 Infirmus

158 999 275 1034 vero
319 994 554 1044 sanatur,
582 984 714 1034 dum
745 1000 839 1051 per
868 986 1084 1050 culpam
1119 986 1217 1036 de-

159 1064 418 1119 pravatus,
455 1069 551 1120 per
591 1055 819 1120 gratiam
854 1056 921 1106 ad
956 1056 1215 1121 justitiam

159 1134 445 1175 revocatur.
509 1124 779 1175 Debemus
843 1141 969 1192 ergo
1030 1142 1216 1193 rogare

158 1195 324 1247 Deum
361 1205 425 1246 ut
459 1210 493 1246 a
518 1198 746 1262 peccatis
786 1213 1057 1259 sanemur,
1088 1199 1217 1264 quia

158 1269 333 1318 nullus
373 1281 469 1333 per
501 1282 558 1317 se
587 1277 762 1332 potest
799 1269 865 1318 ad
898 1279 1097 1319 statum
1118 1285 1215 1320 ‘re-

161 1337 264 1387 dire
303 1336 550 1403 justitiae,
597 1338 704 1388 nisi
746 1354 777 1389 a
821 1340 932 1389 Deo
979 1350 1213 1390 sanetur.

161 1410 215 1459 In
256 1410 360 1460 hoc
409 1419 592 1459 autem
642 1411 788 1476 quod
841 1409 1216 1461 infirmabatur

161 1478 560 1543 Capharnaum,
618 1489 872 1530 notantur
929 1481 1030 1531 tria
1092 1496 1214 1546 quae

160 1562 272 1600 sunt
316 1565 477 1600 causa
527 1549 822 1616 spiritualis
865 1549 1213 1602 infirmitatis.

162 1621 528 1689 capharnaum
613 1623 759 1673 enim
842 1623 1218 1689 interpretatur

155 1708 286 1760 ager
316 1694 702 1761 pinguedinis,
740 1695 823 1745 vel
862 1695 997 1745 villa
1033 1710 1211 1747 conso-

164 1765 392 1829 lationis,
441 1775 556 1816 erat
596 1766 761 1817 etiam
803 1766 986 1818 civitas
1030 1768 1214 1834 magni

162 1835 388 1887 honoris.
429 1836 514 1886 Ex
554 1837 759 1902 quibus
803 1837 1029 1889 habetur
1069 1839 1214 1905 quod

163 1920 290 1971 saepe
339 1921 500 1957 causa
544 1906 841 1972 spiritualis
886 1908 1216 1961 infirmitatis

166 1986 237 2026 est
279 1976 610 2027 abundantia
653 1977 733 2027 rei
776 1979 1112 2044 temporalis,
1165 1990 1217 2030 et

165 2044 316 2097 nimia
362 2046 660 2097 consolatio
704 2048 992 2112 mundana,
1035 2058 1089 2099 et
1124 2048 1215 2100 ni-

165 2117 259 2166 mia
281 2117 530 2168 exaltatio
560 2126 793 2181 terrena;
826 2119 955 2184 quia
991 2135 1215 2186 prospe-

168 2200 215 2237 ra
246 2187 364 2253 plus
406 2196 599 2237 nocent
639 2187 871 2254 homini,
910 2204 1077 2255 quam
1116 2190 1216 2240 ad-

166 2273 326 2311 versa.
393 2260 551 2311 Unde
618 2260 842 2311 Boetius
894 2278 921 2313 z
991 2279 1019 2309 (ι
1090 2261 1215 2311 Plus

167 2327 463 2380 hominibus
523 2345 643 2379 reor
695 2331 1000 2392 adversam,
1052 2347 1214 2398 quam

169 2414 458 2467 prosperam
518 2401 762 2466 prodisse
828 2402 1120 2455 fortunam.
1187 2426 1211 2451 ι

167 2468 299 2520 Unde
334 2482 389 2521 et
429 2460 637 2522 Seneca
678 2489 697 2522 .·
738 2489 766 2517 α
802 2471 958 2523 Tunc
992 2473 1217 2524 consilia

167 2541 392 2591 salutaria
437 2541 666 2606 advoca,
713 2557 839 2592 cum
880 2543 981 2593 tibi
1025 2544 1216 2595 alludit

165 2612 266 2663 vitae
296 2614 643 2680 prosperitas·
686 2614 843 2665 Tunc
887 2626 938 2667 te
972 2615 1118 2667 Velut
1154 2617 1213 2667 in

167 2683 350 2736 lubrico
401 2686 696 2737 sustinebis
744 2702 803 2737 ac
854 2683 1067 2752 sistere3
1118 2704 1216 2739 nec

168 2754 296 2806 dabis
322 2757 423 2807 tibi
474 2755 710 2823 impetus
738 2758 959 2824 liberos,
990 2760 1084 2809 sed
1108 2760 1215 2810 cir-

170 2826 464 2893 cumspicies
520 2842 631 2894 quo
687 2829 924 2879 eundum
970 2830 1072 2891 sit,
1131 2831 1215 2881 vel

168 2911 430 2966 quousque
470 2916 486 2951 ε
529 2919 558 2948 »
597 2899 713 2950 haec
745 2899 967 2952 Seneca.
1009 2901 1069 2952 In
1112 2899 1216 2952 hoc

167 2970 301 3022 etiam
330 2973 481 3039 quod
514 2983 626 3023 erat
652 2972 800 3024 filius
820 2973 1033 3041 Reguli,
1059 2976 1217 3027 datur

166 3040 366 3113 intelligi
389 3046 539 3113 quod
565 3046 820 3097 nobilitas
846 3048 1059 3115 generis
1077 3063 1216 3114 saepe

163 3124 228 3164 est
272 3132 429 3167 causa
497 3115 828 3167 infirmitatis
878 3117 1176 3184 spiritualis
1197 3156 1212 3179 ,

161 3184 268 3249 quia
293 3187 509 3239 nobiles
537 3202 681 3254 saepe
704 3187 998 3239 efferuntur
1020 3189 1079 3240 in
1115 3205 1214 3239 su-

162 3257 382 3319 perbiam
399 3299 415 3322 ,
465 3275 612 3326 saepe
661 3270 906 3311 exercent
949 3260 1211 3328 rapinam,

160 3342 277 3396 saepe
303 3332 470 3383 etiam
500 3333 834 3400 immergunt
856 3350 922 3385 se
952 3334 1014 3385 in
1037 3335 1213 3386 lutum

158 3399 366 3456 luxuriae
434 3414 490 3456 et
548 3406 849 3458 lasciviam.
901 3405 1213 3458 Cavendum

159 3484 268 3538 ergo
305 3475 367 3526 in
408 3476 764 3544 prosperitate
801 3476 964 3542 hujus
1000 3477 1213 3538 mundi,

163 3556 217 3592 ne
257 3546 612 3611 spiritualiter
664 3546 1030 3613 infirmemur,
1084 3548 1215 3614 quia

162 3619 273 3667 tunc
295 3616 507 3668 facilius
536 3627 590 3668 et
618 3618 953 3685 frequentius
981 3634 1076 3683 per
1098 3634 1212 3685 pec·

163 3695 321 3739 catum
372 3690 689 3756 arripimur.
748 3691 899 3742 Unde
945 3691 1215 3758 Chry-⁹08-

164 3760 315 3811 tomus
389 3779 407 3813 .·
481 3780 509 3810 (ι
566 3763 796 3823 Quando
861 3762 1212 3830 prosperitate

166 3829 486 3895 munimur,
519 3850 645 3886 cum
674 3834 733 3884 in
753 3834 1094 3899 malignitate
1122 3833 1212 3884 vi-

168 3905 362 3965 vamut.
402 3917 535 3961 tunc
584 3907 761 3974 magis
807 3906 970 3961 nobis
1022 3916 1104 3961 est
1151 3921 1213 3959 ac

2281 298 2387 366 577

1322 409 1494 476 magis
1523 411 1834 462 dolendum.
1860 411 1998 461 Nam
2021 427 2234 477 semper
2255 412 2386 478 qui-—

1320 482 1445 531 dem
1471 497 1573 533 nos
1601 493 1809 549 oportet
1829 493 2065 535 metuere
2092 495 2383 549 peccam,

1324 553 1558 605 maxime
1582 566 1763 606 autem
1782 571 1909 605 cum
1928 556 2068 606 nihil
2092 557 2244 607 triste
2273 573 2387 622 per·

1322 624 1571 689 petimur.
1614 625 1841 685 Quando
1886 626 2032 676 enim
2074 643 2165 692 per
2211 639 2385 692 partes

1320 696 1389 745 ab
1424 712 1754 762 unoquoque
1783 707 2027 748 nostrum
2056 713 2240 762 poenas
2267 697 2388 748 exi·

1324 766 1421 831 git,
1449 767 1706 818 leviorem
1733 767 1893 818 nobis
1929 768 2102 834 ipsam
2138 768 2389 818 animad-

1322 838 1626 889 versionem
1663 838 1823 903 facit;
1869 841 2089 905 quando
2129 855 2254 890 vero
2291 856 2389 904 pa-

1324 908 1548 959 tientius
1584 920 1768 960 nostra
1796 910 2007 961 videtur
2046 909 2388 960 dissimulare

1322 981 1531 1047 delicta,
1565 982 1632 1032 ad
1660 983 1951 1034 maximam
1979 999 2078 1034 nos
2105 982 2159 1033 in
2189 983 2388 1034 talibus

1318 1064 1697 1119 permanentes
1719 1070 1930 1120 poenam
1949 1064 2195 1106 reservat.
2231 1074 2257 1101 n
2280 1055 2384 1104 Sa-

1323 1133 1482 1174 natur
1510 1134 1689 1174 autem
1721 1124 1869 1176 filius
1905 1125 2039 1176 bora
2073 1125 2298 1190 septima
2324 1124 2384 1175 in

1320 1195 1514 1245 virtute
1536 1195 1683 1245 verbi
1711 1196 1831 1260 Dei,
1863 1196 1994 1246 hora
2028 1197 2174 1246 enim
2215 1195 2385 1260 septi-

1320 1281 1411 1315 ma
1445 1265 1673 1315 declinat
1701 1266 1783 1315 sol
1817 1281 1850 1316 a
1887 1265 2111 1316 meridie
2137 1276 2190 1316 et
2215 1265 2387 1331 vergit

1318 1337 1384 1386 ad
1413 1352 1686 1399 occasum;
1722 1352 1845 1387 cum
1874 1351 1999 1403 ergo
2033 1337 2159 1387 vitae
2189 1348 2384 1387 nostroe

1317 1409 1564 1458 videmus
1589 1408 1844 1459 transisse
1870 1408 2172 1468 meridiem,
2201 1419 2255 1458 et
2287 1424 2385 1459 nos

1320 1480 1375 1531 in
1401 1481 1757 1532 declinatione
1784 1480 2007 1547 positos,
2038 1490 2250 1546 tempus
2284 1491 2381 1544 est,

1318 1562 1378 1602 ut
1419 1552 1478 1602 in
1519 1552 1715 1603 virtute
1757 1552 1952 1603 divinae
1992 1551 2385 1617 praedicationis

1318 1622 1586 1688 relinquat
1627 1638 1728 1673 nos
1769 1621 1953 1683 febris,
1989 1631 2045 1673 et
2081 1621 2150 1672 ad
2187 1621 2384 1672 Domi-

1320 1707 1454 1744 num
1479 1702 1872 1743 convertamur.

1385 1761 1417 1812 6
1450 1763 1491 1812 F
1493 1777 1694 1813 enatum
1715 1778 1785 1813 nr
1809 1777 2155 1813 Psoeuoauu
2179 1777 2385 1813 coum-

1319 1851 1500 1885 nxrio.
1526 1863 1586 1873 —
1623 1835 1694 1885 Et
1732 1835 2030 1887 notandum
2062 1835 2209 1901 quod
2248 1833 2386 1893 bene

1324 1921 1416 1972 per
1460 1904 1667 1956 febrem
1711 1905 2045 1972 significatur
2095 1915 2388 1972 peccatum,

1322 1988 1372 2027 et
1402 1976 1710 2029 febricitans
1738 1986 1913 2044 potest
1942 1976 2047 2029 dici
2073 1977 2251 2027 omnis
2279 1992 2393 2042 pec-

1320 2060 1483 2100 cator.
1525 2049 1678 2100 Sicut
1711 2049 1859 2100 enim
1896 2049 2207 2100 febricitans
2244 2064 2388 2099 nunc

1318 2122 1479 2173 habet
1519 2121 1768 2183 calorem,
1795 2138 1937 2173 nunc
1972 2121 2148 2187 frigus
2188 2131 2241 2171 et
2274 2131 2389 2171 tre-

1320 2210 1559 2259 morem3
1606 2194 1686 2245 sic
1738 2203 1978 2261 peccator
2022 2192 2183 2244 habet
2225 2193 2388 2245 modo

1319 2266 1664 2331 cupiditatem
1683 2276 1736 2316 et
1754 2264 2125 2315 inordinatum
2145 2278 2388 2314 amorem

1322 2337 1454 2388 boni
1478 2337 1792 2397 transitorii,
1822 2347 1876 2387 et
1901 2335 1991 2386 hic
2014 2345 2095 2386 est
2115 2337 2255 2386 calor
2280 2334 2390 2385 ani-

1322 2423 1445 2468 ωε,
1473 2407 1636 2458 modo
1678 2406 1840 2460 habet
1877 2406 2149 2464 timorem,
2180 2404 2273 2470 qui
2309 2413 2389 2454 est

1319 2479 1493 2545 frigus
1531 2478 1772 2543 ejusdem
1813 2476 2029 2528 animae.
2062 2477 2217 2527 Unde
2261 2474 2391 2526 dicit

1318 2548 1691 2615 Augustiana,
1743 2546 1889 2613 quod
1954 2545 2135 2596 omnia
2184 2553 2391 2610 peccata

1320 2621 1444 2672 duae
1468 2634 1553 2670 res
1576 2617 1783 2669 faciunt
1803 2616 1861 2667 in
1884 2615 2128 2676 homine,
2147 2614 2385 2666 scilicet:

1320 2690 1487 2742 timor
1525 2700 1577 2741 et
1611 2688 1894 2756 cupiditas.
1926 2687 2119 2738 Timor
2145 2686 2268 2737 facit
2296 2686 2388 2736 fu-

1320 2777 1445 2829 gere
1479 2761 1666 2813 omnia
1710 2776 1831 2827 quae
1876 2768 2007 2811 sunt
2040 2757 2185 2809 carni
2214 2758 2389 2809 mole-

1321 2846 1432 2898 sta;
1476 2832 1741 2900 cupiditas
1772 2831 1898 2883 facit
1932 2841 2178 2897 appetere
2203 2830 2391 2881 omnia

1322 2920 1446 2973 quae
1485 2914 1610 2956 sunt
1651 2902 1795 2954 carni
1838 2901 2039 2953 suavia.
2082 2901 2153 2953 Et
2191 2916 2390 2952 secun-

1320 2979 1454 3029 dum
1478 2977 1596 3028 haec
1619 2976 1728 3027 duo
1755 2974 2026 3041 duplicem
2055 2988 2270 3039 poenam
2301 2973 2393 3023 ha·

1322 3047 1470 3108 bebit
1487 3055 1728 3114 peccator
1748 3045 1808 3096 in
1836 3045 2066 3105 inferno,
2094 3044 2390 3102 secundum

1321 3117 1455 3185 illud
1511 3117 1617 3167 Job
1657 3132 1681 3167 3
1721 3117 1817 3168 Aa
1866 3115 2096 3166 nimium
2158 3113 2391 3165 calorem

1323 3191 1576 3242 transibit
1595 3190 1671 3240 ab
1696 3189 1856 3256 aquis
1881 3188 2099 3239 nivium.
2127 3188 2271 3237 Inter
2297 3200 2390 3236 ce-

1321 3272 1438 3314 tera·
1460 3262 1622 3313 etiam
1655 3261 2002 3312 incommoda
2037 3274 2159 3326 quoe
2189 3258 2390 3324 patitur

1318 3333 1656 3397 febricitans,
1695 3342 1781 3384 est
1818 3331 1983 3394 istud,
2031 3329 2180 3396 quod
2219 3327 2391 3380 habet

1321 3406 1557 3472 palamm
1585 3403 1970 3464 inordinatae,
2001 3410 2217 3468 propter
2243 3398 2390 3466 quod

1317 3477 1498 3529 dulcia
1523 3476 1777 3536 videntur·
1812 3477 1917 3530 sibi
1948 3490 2131 3528 amara
2167 3483 2220 3524 et
2245 3470 2389 3525 insi-

1321 3551 1471 3618 pida;
1521 3548 1573 3600 e't
1614 3565 1644 3600 e
1683 3565 1941 3601 converso
1993 3550 2181 3600 eodem
2226 3545 2387 3595 modo

1319 3630 1564 3689 peccator
1587 3621 1668 3672 sic
1696 3621 1857 3672 habet
1886 3620 2253 3671 inordinatum
2289 3630 2389 3681 pa-

1317 3694 1507 3757 latum,
1537 3693 1684 3760 quod
1722 3692 1904 3743 omnia
1944 3687 2246 3756 spiritualia
2277 3684 2383 3735 sibi

1316 3764 1570 3818 videntur
1598 3763 1847 3829 insipida.
1877 3761 2084 3811 Dicitur
2109 3767 2288 3808 autem
2317 3755 2389 3805 se-

1318 3836 1433 3887 bris
1455 3851 1491 3887 a
1518 3836 1741 3899 fervore,
1761 3844 1819 3885 et
1844 3832 1966 3883 ideo
1989 3829 2172 3881 omnis
2191 3827 2393 3879 inordi-

1317 3917 1441 3959 nata
1481 3904 1678 3974 passio,
1710 3904 1920 3958 fervens
1958 3903 2081 3969 igne
2124 3900 2388 3966 maligno,
