<?xml version="1.0" encoding="UTF-8"?>
<!DOCTYPE html PUBLIC "-//W3C//DTD XHTML 1.0 Transitional//EN"
    "http://www.w3.org/TR/xhtml1/DTD/xhtml1-transitional.dtd">
<html xmlns="http://www.w3.org/1999/xhtml" xml:lang="en" lang="en">
 <head>
  <title>
</title>
<meta http-equiv="Content-Type" content="text/html;charset=utf-8" />
  <meta name='ocr-system' content='tesseract 3.04.00' />
  <meta name='ocr-capabilities' content='ocr_page ocr_carea ocr_par ocr_line ocrx_word'/>
</head>
<body>
  <div class='ocr_page' id='page_1' title='image "./vitajesuchristi01sachgoog_0317.png"; bbox 0 0 2757 4413; ppageno 0'>
   <div class='ocr_carea' id='block_1_1' title="bbox 485 320 2143 373">
    <p class='ocr_par' dir='ltr' id='par_1_1' title="bbox 485 320 2143 373">
     <span class='ocr_line' id='line_1_1' title="bbox 485 320 2143 373; baseline 0.001 -2"><span class='ocrx_word' id='word_1_1' title='bbox 485 322 581 372; x_wconf 91' lang='lat' dir='ltr'>DE</span> <span class='ocrx_word' id='word_1_2' title='bbox 611 321 869 372; x_wconf 86' lang='lat' dir='ltr'>JUDAEIS</span> <span class='ocrx_word' id='word_1_3' title='bbox 901 321 1265 372; x_wconf 90' lang='lat' dir='ltr'>CHRISTUM</span> <span class='ocrx_word' id='word_1_4' title='bbox 1300 320 1652 372; x_wconf 87' lang='lat' dir='ltr'><strong>LAPIDARE</strong></span> <span class='ocrx_word' id='word_1_5' title='bbox 1675 321 2143 373; x_wconf 88' lang='lat' dir='ltr'><strong>VOLENTIBUS.</strong></span> 
     </span>
    </p>
   </div>
   <div class='ocr_carea' id='block_1_2' title="bbox 192 437 1284 4006">
    <p class='ocr_par' dir='ltr' id='par_1_2' title="bbox 192 437 1284 4006">
     <span class='ocr_line' id='line_1_2' title="bbox 203 437 1274 504; baseline 0 -15"><span class='ocrx_word' id='word_1_6' title='bbox 203 453 428 503; x_wconf 83' lang='lat' dir='ltr'>meum3</span> <span class='ocrx_word' id='word_1_7' title='bbox 472 437 568 504; x_wconf 87' lang='lat' dir='ltr'>qui</span> <span class='ocrx_word' id='word_1_8' title='bbox 610 438 758 488; x_wconf 89' lang='lat' dir='ltr'>enim</span> <span class='ocrx_word' id='word_1_9' title='bbox 802 455 911 489; x_wconf 92' lang='lat' dir='ltr'>non</span> <span class='ocrx_word' id='word_1_10' title='bbox 954 438 1274 489; x_wconf 83' lang='lat' dir='ltr'>honorificat</span> 
     </span>
     <span class='ocr_line' id='line_1_3' title="bbox 203 509 1270 568; baseline -0.002 -8"><span class='ocrx_word' id='word_1_11' title='bbox 203 509 431 568; x_wconf 90' lang='lat' dir='ltr'>Filium,</span> <span class='ocrx_word' id='word_1_12' title='bbox 494 524 604 558; x_wconf 90' lang='lat' dir='ltr'>non</span> <span class='ocrx_word' id='word_1_13' title='bbox 680 509 995 560; x_wconf 79' lang='lat' dir='ltr'>honorificat</span> <span class='ocrx_word' id='word_1_14' title='bbox 1061 510 1270 559; x_wconf 89' lang='lat' dir='ltr'>Patrem</span> 
     </span>
     <span class='ocr_line' id='line_1_4' title="bbox 202 578 1274 646; baseline -0.002 -16"><span class='ocrx_word' id='word_1_15' title='bbox 202 579 298 646; x_wconf 87' lang='lat' dir='ltr'>qui</span> <span class='ocrx_word' id='word_1_16' title='bbox 346 578 500 629; x_wconf 88' lang='lat' dir='ltr'><strong>misit</strong></span> <span class='ocrx_word' id='word_1_17' title='bbox 529 579 702 630; x_wconf 89' lang='lat' dir='ltr'>illum.</span> <span class='ocrx_word' id='word_1_18' title='bbox 746 579 875 629; x_wconf 89' lang='lat' dir='ltr'>Item</span> <span class='ocrx_word' id='word_1_19' title='bbox 915 579 1122 629; x_wconf 88' lang='lat' dir='ltr'>habens</span> <span class='ocrx_word' id='word_1_20' title='bbox 1158 579 1274 628; x_wconf 86' lang='lat' dir='ltr'>dae-</span> 
     </span>
     <span class='ocr_line' id='line_1_5' title="bbox 202 652 1271 718; baseline 0 -16"><span class='ocrx_word' id='word_1_21' title='bbox 202 652 475 715; x_wconf 84' lang='lat' dir='ltr'>monium,</span> <span class='ocrx_word' id='word_1_22' title='bbox 510 652 602 718; x_wconf 93' lang='lat' dir='ltr'>qui</span> <span class='ocrx_word' id='word_1_23' title='bbox 646 661 726 702; x_wconf 89' lang='lat' dir='ltr'>est</span> <span class='ocrx_word' id='word_1_24' title='bbox 765 668 857 702; x_wconf 81' lang='lat' dir='ltr'>rex</span> <span class='ocrx_word' id='word_1_25' title='bbox 890 667 1051 718; x_wconf 91' lang='lat' dir='ltr'>super</span> <span class='ocrx_word' id='word_1_26' title='bbox 1080 667 1271 702; x_wconf 90' lang='lat' dir='ltr'>omnes</span> 
     </span>
     <span class='ocr_line' id='line_1_6' title="bbox 200 725 1275 792; baseline -0.001 -16"><span class='ocrx_word' id='word_1_27' title='bbox 200 725 344 777; x_wconf 90' lang='lat' dir='ltr'>filios</span> <span class='ocrx_word' id='word_1_28' title='bbox 395 725 674 791; x_wconf 70' lang='lat' dir='ltr'>superbiae,</span> <span class='ocrx_word' id='word_1_29' title='bbox 711 727 975 792; x_wconf 89' lang='lat' dir='ltr'>superbus</span> <span class='ocrx_word' id='word_1_30' title='bbox 1015 734 1096 777; x_wconf 90' lang='lat' dir='ltr'>est</span> <span class='ocrx_word' id='word_1_31' title='bbox 1141 734 1193 775; x_wconf 90' lang='lat' dir='ltr'>et</span> <span class='ocrx_word' id='word_1_32' title='bbox 1218 741 1275 775; x_wconf 91' lang='lat' dir='ltr'>se</span> 
     </span>
     <span class='ocr_line' id='line_1_7' title="bbox 202 799 1270 866; baseline -0.001 -17"><span class='ocrx_word' id='word_1_33' title='bbox 202 799 413 849; x_wconf 83' lang='lat' dir='ltr'>extollit</span> <span class='ocrx_word' id='word_1_34' title='bbox 453 799 742 864; x_wconf 87' lang='lat' dir='ltr'>quaerendo</span> <span class='ocrx_word' id='word_1_35' title='bbox 789 799 1016 866; x_wconf 87' lang='lat' dir='ltr'>gloriam</span> <span class='ocrx_word' id='word_1_36' title='bbox 1067 813 1219 848; x_wconf 90' lang='lat' dir='ltr'>suam</span> <span class='ocrx_word' id='word_1_37' title='bbox 1257 816 1270 849; x_wconf 76' lang='lat' dir='ltr'><strong><em>z</em></strong></span> 
     </span>
     <span class='ocr_line' id='line_1_8' title="bbox 199 869 1267 935; baseline -0.003 -14"><span class='ocrx_word' id='word_1_38' title='bbox 199 871 331 935; x_wconf 90' lang='lat' dir='ltr'>Ego</span> <span class='ocrx_word' id='word_1_39' title='bbox 384 876 560 920; x_wconf 86' lang='lat' dir='ltr'>autem</span> <span class='ocrx_word' id='word_1_40' title='bbox 628 885 729 920; x_wconf 89' lang='lat' dir='ltr'>non</span> <span class='ocrx_word' id='word_1_41' title='bbox 792 869 888 932; x_wconf 91' lang='lat' dir='ltr'>sic,</span> <span class='ocrx_word' id='word_1_42' title='bbox 945 886 1060 919; x_wconf 90' lang='lat' dir='ltr'>non</span> <span class='ocrx_word' id='word_1_43' title='bbox 1119 869 1267 919; x_wconf 90' lang='lat' dir='ltr'>enim</span> 
     </span>
     <span class='ocr_line' id='line_1_9' title="bbox 202 940 1269 1007; baseline 0 -17"><span class='ocrx_word' id='word_1_44' title='bbox 202 956 391 1007; x_wconf 74' lang='lat' dir='ltr'>quoero</span> <span class='ocrx_word' id='word_1_45' title='bbox 418 940 657 1007; x_wconf 82' lang='lat' dir='ltr'><strong><em>gloriam</em></strong></span> <span class='ocrx_word' id='word_1_46' title='bbox 690 956 875 1004; x_wconf 86' lang='lat' dir='ltr'>meam,</span> <span class='ocrx_word' id='word_1_47' title='bbox 924 940 1062 991; x_wconf 90' lang='lat' dir='ltr'>sicut</span> <span class='ocrx_word' id='word_1_48' title='bbox 1090 940 1269 990; x_wconf 89' lang='lat' dir='ltr'>simu-</span> 
     </span>
     <span class='ocr_line' id='line_1_10' title="bbox 200 1010 1276 1077; baseline 0 -17"><span class='ocrx_word' id='word_1_49' title='bbox 200 1012 416 1072; x_wconf 80' lang='lat' dir='ltr'>latoreS,</span> <span class='ocrx_word' id='word_1_50' title='bbox 447 1010 540 1077; x_wconf 89' lang='lat' dir='ltr'>qui</span> <span class='ocrx_word' id='word_1_51' title='bbox 584 1026 642 1061; x_wconf 92' lang='lat' dir='ltr'>se</span> <span class='ocrx_word' id='word_1_52' title='bbox 684 1011 976 1061; x_wconf 91' lang='lat' dir='ltr'>ostendunt</span> <span class='ocrx_word' id='word_1_53' title='bbox 1031 1019 1083 1061; x_wconf 91' lang='lat' dir='ltr'>et</span> <span class='ocrx_word' id='word_1_54' title='bbox 1125 1026 1276 1076; x_wconf 88' lang='lat' dir='ltr'>quae-</span> 
     </span>
     <span class='ocr_line' id='line_1_11' title="bbox 202 1084 1276 1151; baseline 0.002 -18"><span class='ocrx_word' id='word_1_55' title='bbox 202 1094 332 1134; x_wconf 86' lang='lat' dir='ltr'>runt</span> <span class='ocrx_word' id='word_1_56' title='bbox 359 1084 532 1134; x_wconf 87' lang='lat' dir='ltr'>videri</span> <span class='ocrx_word' id='word_1_57' title='bbox 567 1085 712 1151; x_wconf 91' lang='lat' dir='ltr'>quod</span> <span class='ocrx_word' id='word_1_58' title='bbox 739 1100 848 1134; x_wconf 90' lang='lat' dir='ltr'>non</span> <span class='ocrx_word' id='word_1_59' title='bbox 876 1093 1020 1135; x_wconf 90' lang='lat' dir='ltr'>sunt.</span> <span class='ocrx_word' id='word_1_60' title='bbox 1067 1084 1132 1134; x_wconf 90' lang='lat' dir='ltr'>Et</span> <span class='ocrx_word' id='word_1_61' title='bbox 1154 1099 1276 1135; x_wconf 86' lang='lat' dir='ltr'>vere</span> 
     </span>
     <span class='ocr_line' id='line_1_12' title="bbox 204 1154 1284 1221; baseline -0.001 -17"><span class='ocrx_word' id='word_1_62' title='bbox 204 1170 315 1204; x_wconf 90' lang='lat' dir='ltr'>non</span> <span class='ocrx_word' id='word_1_63' title='bbox 342 1154 556 1220; x_wconf 86' lang='lat' dir='ltr'>quaerit,</span> <span class='ocrx_word' id='word_1_64' title='bbox 591 1155 684 1221; x_wconf 92' lang='lat' dir='ltr'>qui</span> <span class='ocrx_word' id='word_1_65' title='bbox 727 1155 1064 1220; x_wconf 83' lang='lat' dir='ltr'>semetipsum</span> <span class='ocrx_word' id='word_1_66' title='bbox 1091 1155 1284 1205; x_wconf 58' lang='lat' dir='ltr'>exinas</span> 
     </span>
     <span class='ocr_line' id='line_1_13' title="bbox 202 1226 1278 1293; baseline -0.001 -18"><span class='ocrx_word' id='word_1_67' title='bbox 202 1226 337 1275; x_wconf 87' lang='lat' dir='ltr'>nivit</span> <span class='ocrx_word' id='word_1_68' title='bbox 366 1226 610 1291; x_wconf 84' lang='lat' dir='ltr'>formam</span> <span class='ocrx_word' id='word_1_69' title='bbox 640 1227 788 1277; x_wconf 84' lang='lat' dir='ltr'>servi</span> <span class='ocrx_word' id='word_1_70' title='bbox 822 1227 1104 1293; x_wconf 79' lang='lat' dir='ltr'>accipiens.</span> <span class='ocrx_word' id='word_1_71' title='bbox 1155 1226 1278 1275; x_wconf 93' lang='lat' dir='ltr'>Non</span> 
     </span>
     <span class='ocr_line' id='line_1_14' title="bbox 202 1298 1276 1366; baseline 0 -19"><span class='ocrx_word' id='word_1_72' title='bbox 202 1298 453 1365; x_wconf 79' lang='lat' dir='ltr'>quaesivit</span> <span class='ocrx_word' id='word_1_73' title='bbox 515 1299 571 1349; x_wconf 90' lang='lat' dir='ltr'>in</span> <span class='ocrx_word' id='word_1_74' title='bbox 632 1299 735 1349; x_wconf 90' lang='lat' dir='ltr'>isto</span> <span class='ocrx_word' id='word_1_75' title='bbox 782 1300 986 1349; x_wconf 91' lang='lat' dir='ltr'>mundo</span> <span class='ocrx_word' id='word_1_76' title='bbox 1033 1299 1276 1366; x_wconf 87' lang='lat' dir='ltr'>gloriam,</span> 
     </span>
     <span class='ocr_line' id='line_1_15' title="bbox 199 1370 1280 1437; baseline 0.003 -18"><span class='ocrx_word' id='word_1_77' title='bbox 199 1386 296 1421; x_wconf 91' lang='lat' dir='ltr'>nec</span> <span class='ocrx_word' id='word_1_78' title='bbox 377 1371 542 1420; x_wconf 89' lang='lat' dir='ltr'>ullam</span> <span class='ocrx_word' id='word_1_79' title='bbox 605 1371 1084 1437; x_wconf 88' lang='lat' dir='ltr'>magnificentiam;</span> <span class='ocrx_word' id='word_1_80' title='bbox 1135 1370 1280 1422; x_wconf 88' lang='lat' dir='ltr'>venit</span> 
     </span>
     <span class='ocr_line' id='line_1_16' title="bbox 202 1442 1271 1493; baseline 0 -1"><span class='ocrx_word' id='word_1_81' title='bbox 202 1443 353 1492; x_wconf 89' lang='lat' dir='ltr'>enim</span> <span class='ocrx_word' id='word_1_82' title='bbox 401 1451 463 1492; x_wconf 92' lang='lat' dir='ltr'>ut</span> <span class='ocrx_word' id='word_1_83' title='bbox 522 1443 732 1493; x_wconf 90' lang='lat' dir='ltr'>doceret</span> <span class='ocrx_word' id='word_1_84' title='bbox 795 1458 1016 1493; x_wconf 90' lang='lat' dir='ltr'>omnem</span> <span class='ocrx_word' id='word_1_85' title='bbox 1080 1442 1271 1493; x_wconf 90' lang='lat' dir='ltr'>mundi</span> 
     </span>
     <span class='ocr_line' id='line_1_17' title="bbox 201 1512 1277 1578; baseline 0.002 -18"><span class='ocrx_word' id='word_1_86' title='bbox 201 1512 432 1577; x_wconf 87' lang='lat' dir='ltr'>gloriam</span> <span class='ocrx_word' id='word_1_87' title='bbox 479 1518 946 1562; x_wconf 83' lang='lat' dir='ltr'><strong>contemnendam.</strong></span> <span class='ocrx_word' id='word_1_88' title='bbox 993 1512 1051 1561; x_wconf 89' lang='lat' dir='ltr'>In</span> <span class='ocrx_word' id='word_1_89' title='bbox 1102 1527 1277 1578; x_wconf 91' lang='lat' dir='ltr'>quan-</span> 
     </span>
     <span class='ocr_line' id='line_1_18' title="bbox 200 1581 1275 1649; baseline 0.002 -18"><span class='ocrx_word' id='word_1_90' title='bbox 200 1593 318 1631; x_wconf 88' lang='lat' dir='ltr'>tum</span> <span class='ocrx_word' id='word_1_91' title='bbox 349 1581 518 1632; x_wconf 89' lang='lat' dir='ltr'>homo</span> <span class='ocrx_word' id='word_1_92' title='bbox 560 1593 639 1633; x_wconf 93' lang='lat' dir='ltr'>est</span> <span class='ocrx_word' id='word_1_93' title='bbox 673 1583 918 1649; x_wconf 80' lang='lat' dir='ltr'>loquenS,</span> <span class='ocrx_word' id='word_1_94' title='bbox 948 1582 1076 1632; x_wconf 92' lang='lat' dir='ltr'>dicit</span> <span class='ocrx_word' id='word_1_95' title='bbox 1101 1599 1113 1630; x_wconf 75' lang='grc' dir='ltr'><strong><em>ε</em></strong></span> <span class='ocrx_word' id='word_1_96' title='bbox 1146 1583 1275 1648; x_wconf 87' lang='lat' dir='ltr'>Ego</span> 
     </span>
     <span class='ocr_line' id='line_1_19' title="bbox 204 1654 1274 1719; baseline 0.001 -17"><span class='ocrx_word' id='word_1_97' title='bbox 204 1668 306 1703; x_wconf 82' lang='lat' dir='ltr'>non</span> <span class='ocrx_word' id='word_1_98' title='bbox 361 1669 547 1718; x_wconf 84' lang='lat' dir='ltr'>quoero</span> <span class='ocrx_word' id='word_1_99' title='bbox 591 1654 828 1719; x_wconf 81' lang='lat' dir='ltr'><strong><em>gloriam</em></strong></span> <span class='ocrx_word' id='word_1_100' title='bbox 887 1668 1073 1716; x_wconf 88' lang='lat' dir='ltr'>meam,</span> <span class='ocrx_word' id='word_1_101' title='bbox 1127 1654 1274 1703; x_wconf 92' lang='lat' dir='ltr'>solus</span> 
     </span>
     <span class='ocr_line' id='line_1_20' title="bbox 205 1723 1270 1790; baseline -0.001 -16"><span class='ocrx_word' id='word_1_102' title='bbox 205 1723 358 1774; x_wconf 89' lang='lat' dir='ltr'>enim</span> <span class='ocrx_word' id='word_1_103' title='bbox 387 1724 534 1773; x_wconf 90' lang='lat' dir='ltr'>Deus</span> <span class='ocrx_word' id='word_1_104' title='bbox 563 1733 661 1785; x_wconf 89' lang='lat' dir='ltr'>est,</span> <span class='ocrx_word' id='word_1_105' title='bbox 692 1723 787 1790; x_wconf 76' lang='lat' dir='ltr'>qui</span> <span class='ocrx_word' id='word_1_106' title='bbox 825 1733 1002 1790; x_wconf 92' lang='lat' dir='ltr'>potest</span> <span class='ocrx_word' id='word_1_107' title='bbox 1043 1723 1270 1789; x_wconf 89' lang='lat' dir='ltr'>gloriam</span> 
     </span>
     <span class='ocr_line' id='line_1_21' title="bbox 205 1795 1273 1861; baseline 0.001 -17"><span class='ocrx_word' id='word_1_108' title='bbox 205 1810 363 1845; x_wconf 90' lang='lat' dir='ltr'>suam</span> <span class='ocrx_word' id='word_1_109' title='bbox 393 1810 627 1860; x_wconf 89' lang='lat' dir='ltr'>quaerere</span> <span class='ocrx_word' id='word_1_110' title='bbox 654 1795 854 1861; x_wconf 84' lang='lat' dir='ltr'>absque</span> <span class='ocrx_word' id='word_1_111' title='bbox 878 1796 1034 1861; x_wconf 91' lang='lat' dir='ltr'>culpa</span> <span class='ocrx_word' id='word_1_112' title='bbox 1063 1804 1115 1845; x_wconf 92' lang='lat' dir='ltr'>et</span> <span class='ocrx_word' id='word_1_113' title='bbox 1148 1811 1273 1861; x_wconf 93' lang='lat' dir='ltr'>pec-</span> 
     </span>
     <span class='ocr_line' id='line_1_22' title="bbox 209 1864 1270 1929; baseline 0.001 -14"><span class='ocrx_word' id='word_1_114' title='bbox 209 1874 327 1915; x_wconf 91' lang='lat' dir='ltr'>cato</span> <span class='ocrx_word' id='word_1_115' title='bbox 352 1887 366 1929; x_wconf 90' lang='lat'>·,</span> <span class='ocrx_word' id='word_1_116' title='bbox 393 1864 487 1915; x_wconf 89' lang='lat' dir='ltr'>alii</span> <span class='ocrx_word' id='word_1_117' title='bbox 521 1876 697 1915; x_wconf 91' lang='lat' dir='ltr'>autem</span> <span class='ocrx_word' id='word_1_118' title='bbox 744 1881 850 1914; x_wconf 91' lang='lat' dir='ltr'>non</span> <span class='ocrx_word' id='word_1_119' title='bbox 897 1865 1002 1915; x_wconf 91' lang='lat' dir='ltr'>nisi</span> <span class='ocrx_word' id='word_1_120' title='bbox 1038 1865 1096 1915; x_wconf 91' lang='lat' dir='ltr'>in</span> <span class='ocrx_word' id='word_1_121' title='bbox 1139 1867 1270 1916; x_wconf 89' lang='lat' dir='ltr'>Deo.</span> 
     </span>
     <span class='ocr_line' id='line_1_23' title="bbox 205 1935 1271 2000; baseline 0.002 -16"><span class='ocrx_word' id='word_1_122' title='bbox 205 1935 311 1985; x_wconf 87' lang='lat' dir='ltr'>Sed</span> <span class='ocrx_word' id='word_1_123' title='bbox 343 1941 427 1984; x_wconf 82' lang='lat' dir='ltr'>est</span> <span class='ocrx_word' id='word_1_124' title='bbox 468 1935 559 2000; x_wconf 83' lang='lat' dir='ltr'>qui</span> <span class='ocrx_word' id='word_1_125' title='bbox 581 1942 792 2000; x_wconf 83' lang='lat' dir='ltr'>quoerat</span> <span class='ocrx_word' id='word_1_126' title='bbox 817 1951 994 1986; x_wconf 85' lang='lat' dir='ltr'>veram</span> <span class='ocrx_word' id='word_1_127' title='bbox 1024 1946 1075 1986; x_wconf 91' lang='lat' dir='ltr'>et</span> <span class='ocrx_word' id='word_1_128' title='bbox 1114 1935 1271 1986; x_wconf 92' lang='lat' dir='ltr'>debi-</span> 
     </span>
     <span class='ocr_line' id='line_1_24' title="bbox 204 2004 1274 2073; baseline -0.001 -17"><span class='ocrx_word' id='word_1_129' title='bbox 204 2015 319 2056; x_wconf 90' lang='lat' dir='ltr'>tam</span> <span class='ocrx_word' id='word_1_130' title='bbox 348 2004 575 2070; x_wconf 87' lang='lat' dir='ltr'>gloriam</span> <span class='ocrx_word' id='word_1_131' title='bbox 605 2020 779 2055; x_wconf 89' lang='lat' dir='ltr'>meam</span> <span class='ocrx_word' id='word_1_132' title='bbox 808 2012 860 2056; x_wconf 86' lang='lat' dir='ltr'>et</span> <span class='ocrx_word' id='word_1_133' title='bbox 872 2005 1099 2073; x_wconf 82' lang='lat' dir='ltr'>judicet,</span> <span class='ocrx_word' id='word_1_134' title='bbox 1134 2005 1274 2057; x_wconf 89' lang='lat' dir='ltr'>scili·</span> 
     </span>
     <span class='ocr_line' id='line_1_25' title="bbox 206 2075 1272 2140; baseline -0.001 -13"><span class='ocrx_word' id='word_1_135' title='bbox 206 2086 288 2127; x_wconf 88' lang='lat' dir='ltr'>cet</span> <span class='ocrx_word' id='word_1_136' title='bbox 351 2075 553 2140; x_wconf 85' lang='lat' dir='ltr'>judicio</span> <span class='ocrx_word' id='word_1_137' title='bbox 598 2076 954 2137; x_wconf 77' lang='lat' dir='ltr'>discretioniS,</span> <span class='ocrx_word' id='word_1_138' title='bbox 1006 2077 1060 2127; x_wconf 91' lang='lat' dir='ltr'>id</span> <span class='ocrx_word' id='word_1_139' title='bbox 1107 2087 1187 2128; x_wconf 92' lang='lat' dir='ltr'>est</span> <span class='ocrx_word' id='word_1_140' title='bbox 1242 2092 1272 2126; x_wconf 89' lang='lat' dir='ltr'>a</span> 
     </span>
     <span class='ocr_line' id='line_1_26' title="bbox 208 2144 1269 2213; baseline 0.001 -18"><span class='ocrx_word' id='word_1_141' title='bbox 208 2144 378 2213; x_wconf 89' lang='lat' dir='ltr'>gloria</span> <span class='ocrx_word' id='word_1_142' title='bbox 402 2155 576 2195; x_wconf 86' lang='lat' dir='ltr'>vestra</span> <span class='ocrx_word' id='word_1_143' title='bbox 605 2146 858 2209; x_wconf 88' lang='lat' dir='ltr'>humana,</span> <span class='ocrx_word' id='word_1_144' title='bbox 887 2157 939 2197; x_wconf 92' lang='lat' dir='ltr'>et</span> <span class='ocrx_word' id='word_1_145' title='bbox 971 2147 1269 2198; x_wconf 89' lang='lat' dir='ltr'>secundum</span> 
     </span>
     <span class='ocr_line' id='line_1_27' title="bbox 205 2219 1271 2287; baseline 0 -17"><span class='ocrx_word' id='word_1_146' title='bbox 205 2220 451 2270; x_wconf 91' lang='lat' dir='ltr'>seculum</span> <span class='ocrx_word' id='word_1_147' title='bbox 485 2219 751 2270; x_wconf 92' lang='lat' dir='ltr'>discernat</span> <span class='ocrx_word' id='word_1_148' title='bbox 786 2231 837 2270; x_wconf 93' lang='lat' dir='ltr'>et</span> <span class='ocrx_word' id='word_1_149' title='bbox 866 2231 1090 2287; x_wconf 90' lang='lat' dir='ltr'>separet,</span> <span class='ocrx_word' id='word_1_150' title='bbox 1120 2220 1271 2271; x_wconf 89' lang='lat' dir='ltr'>scili-</span> 
     </span>
     <span class='ocr_line' id='line_1_28' title="bbox 205 2289 1269 2357; baseline 0.001 -17"><span class='ocrx_word' id='word_1_151' title='bbox 205 2301 310 2351; x_wconf 72' lang='lat' dir='ltr'>cet,</span> <span class='ocrx_word' id='word_1_152' title='bbox 336 2289 486 2340; x_wconf 87' lang='lat' dir='ltr'>Pater</span> <span class='ocrx_word' id='word_1_153' title='bbox 519 2305 690 2350; x_wconf 79' lang='lat' dir='ltr'>meuS,</span> <span class='ocrx_word' id='word_1_154' title='bbox 730 2290 824 2357; x_wconf 92' lang='lat' dir='ltr'>qui</span> <span class='ocrx_word' id='word_1_155' title='bbox 855 2307 942 2341; x_wconf 92' lang='lat' dir='ltr'>me</span> <span class='ocrx_word' id='word_1_156' title='bbox 986 2302 1038 2341; x_wconf 91' lang='lat' dir='ltr'>et</span> <span class='ocrx_word' id='word_1_157' title='bbox 1062 2291 1269 2357; x_wconf 87' lang='lat' dir='ltr'>glorifi-</span> 
     </span>
     <span class='ocr_line' id='line_1_29' title="bbox 206 2372 1271 2414; baseline 0.002 -2"><span class='ocrx_word' id='word_1_158' title='bbox 206 2372 386 2413; x_wconf 86' lang='lat' dir='ltr'>cantes</span> <span class='ocrx_word' id='word_1_159' title='bbox 423 2377 509 2413; x_wconf 92' lang='lat' dir='ltr'>me</span> <span class='ocrx_word' id='word_1_160' title='bbox 538 2372 844 2413; x_wconf 88' lang='lat' dir='ltr'>remunerat</span> <span class='ocrx_word' id='word_1_161' title='bbox 870 2374 923 2414; x_wconf 92' lang='lat' dir='ltr'>et</span> <span class='ocrx_word' id='word_1_162' title='bbox 952 2380 1048 2414; x_wconf 86' lang='lat' dir='ltr'>vos</span> <span class='ocrx_word' id='word_1_163' title='bbox 1071 2374 1123 2414; x_wconf 92' lang='lat' dir='ltr'>et</span> <span class='ocrx_word' id='word_1_164' title='bbox 1146 2379 1271 2413; x_wconf 92' lang='lat' dir='ltr'>om-</span> 
     </span>
     <span class='ocr_line' id='line_1_30' title="bbox 209 2435 1269 2501; baseline 0.004 -18"><span class='ocrx_word' id='word_1_165' title='bbox 209 2450 302 2485; x_wconf 90' lang='lat' dir='ltr'>nes</span> <span class='ocrx_word' id='word_1_166' title='bbox 327 2435 424 2501; x_wconf 90' lang='lat' dir='ltr'>qui</span> <span class='ocrx_word' id='word_1_167' title='bbox 450 2450 538 2484; x_wconf 90' lang='lat' dir='ltr'>me</span> <span class='ocrx_word' id='word_1_168' title='bbox 569 2450 680 2484; x_wconf 91' lang='lat' dir='ltr'>non</span> <span class='ocrx_word' id='word_1_169' title='bbox 708 2435 1012 2500; x_wconf 85' lang='lat' dir='ltr'>glorificant</span> <span class='ocrx_word' id='word_1_170' title='bbox 1033 2437 1269 2487; x_wconf 87' lang='lat' dir='ltr'>damnat.</span> 
     </span>
     <span class='ocr_line' id='line_1_31' title="bbox 208 2506 1273 2574; baseline 0.001 -16"><span class='ocrx_word' id='word_1_171' title='bbox 208 2508 344 2558; x_wconf 90' lang='lat' dir='ltr'>Cum</span> <span class='ocrx_word' id='word_1_172' title='bbox 390 2507 574 2573; x_wconf 89' lang='lat' dir='ltr'>itaque</span> <span class='ocrx_word' id='word_1_173' title='bbox 599 2506 769 2558; x_wconf 88' lang='lat' dir='ltr'>Filius</span> <span class='ocrx_word' id='word_1_174' title='bbox 802 2509 898 2558; x_wconf 91' lang='lat' dir='ltr'>Dei</span> <span class='ocrx_word' id='word_1_175' title='bbox 930 2509 1098 2559; x_wconf 88' lang='lat' dir='ltr'>multa</span> <span class='ocrx_word' id='word_1_176' title='bbox 1121 2508 1273 2574; x_wconf 88' lang='lat' dir='ltr'>signa</span> 
     </span>
     <span class='ocr_line' id='line_1_32' title="bbox 208 2579 1271 2641; baseline 0.001 -10"><span class='ocrx_word' id='word_1_177' title='bbox 208 2580 420 2641; x_wconf 89' lang='lat' dir='ltr'>faceret,</span> <span class='ocrx_word' id='word_1_178' title='bbox 457 2590 510 2630; x_wconf 93' lang='lat' dir='ltr'>et</span> <span class='ocrx_word' id='word_1_179' title='bbox 537 2579 763 2631; x_wconf 90' lang='lat' dir='ltr'>virtutes</span> <span class='ocrx_word' id='word_1_180' title='bbox 792 2582 988 2632; x_wconf 88' lang='lat' dir='ltr'>multas</span> <span class='ocrx_word' id='word_1_181' title='bbox 1018 2582 1271 2632; x_wconf 90' lang='lat' dir='ltr'>ostende-</span> 
     </span>
     <span class='ocr_line' id='line_1_33' title="bbox 192 2654 1269 2722; baseline -0.001 -15"><span class='ocrx_word' id='word_1_182' title='bbox 192 2662 301 2716; x_wconf 61' lang='lat' dir='ltr'>ret,</span> <span class='ocrx_word' id='word_1_183' title='bbox 345 2654 578 2722; x_wconf 86' lang='lat' dir='ltr'>gloriam</span> <span class='ocrx_word' id='word_1_184' title='bbox 627 2670 778 2705; x_wconf 89' lang='lat' dir='ltr'>suam</span> <span class='ocrx_word' id='word_1_185' title='bbox 834 2672 943 2706; x_wconf 90' lang='lat' dir='ltr'>non</span> <span class='ocrx_word' id='word_1_186' title='bbox 998 2655 1269 2722; x_wconf 68' lang='lat' dir='ltr'>quaesivit,</span> 
     </span>
     <span class='ocr_line' id='line_1_34' title="bbox 203 2726 1272 2792; baseline -0.003 -15"><span class='ocrx_word' id='word_1_187' title='bbox 203 2737 263 2778; x_wconf 90' lang='lat' dir='ltr'>ut</span> <span class='ocrx_word' id='word_1_188' title='bbox 310 2743 411 2777; x_wconf 85' lang='lat' dir='ltr'>nos</span> <span class='ocrx_word' id='word_1_189' title='bbox 454 2727 570 2791; x_wconf 90' lang='lat' dir='ltr'>ejus</span> <span class='ocrx_word' id='word_1_190' title='bbox 616 2728 858 2792; x_wconf 87' lang='lat' dir='ltr'>exemplo</span> <span class='ocrx_word' id='word_1_191' title='bbox 898 2726 1139 2777; x_wconf 88' lang='lat' dir='ltr'>instructi</span> <span class='ocrx_word' id='word_1_192' title='bbox 1184 2726 1272 2774; x_wconf 93' lang='lat' dir='ltr'>di-</span> 
     </span>
     <span class='ocr_line' id='line_1_35' title="bbox 197 2797 1272 2862; baseline -0.002 -13"><span class='ocrx_word' id='word_1_193' title='bbox 197 2814 416 2849; x_wconf 83' lang='lat' dir='ltr'>scamus</span> <span class='ocrx_word' id='word_1_194' title='bbox 443 2799 511 2848; x_wconf 91' lang='lat' dir='ltr'>de</span> <span class='ocrx_word' id='word_1_195' title='bbox 548 2798 692 2848; x_wconf 91' lang='lat' dir='ltr'>bono</span> <span class='ocrx_word' id='word_1_196' title='bbox 734 2797 880 2862; x_wconf 92' lang='lat' dir='ltr'>quod</span> <span class='ocrx_word' id='word_1_197' title='bbox 906 2797 1120 2862; x_wconf 89' lang='lat' dir='ltr'>agimus</span> <span class='ocrx_word' id='word_1_198' title='bbox 1161 2813 1272 2847; x_wconf 91' lang='lat' dir='ltr'>non</span> 
     </span>
     <span class='ocr_line' id='line_1_36' title="bbox 203 2869 1275 2936; baseline -0.001 -16"><span class='ocrx_word' id='word_1_199' title='bbox 203 2869 418 2936; x_wconf 87' lang='lat' dir='ltr'>gloriari</span> <span class='ocrx_word' id='word_1_200' title='bbox 440 2886 455 2933; x_wconf 90' lang='lat'>;</span> <span class='ocrx_word' id='word_1_201' title='bbox 519 2879 572 2919; x_wconf 91' lang='lat' dir='ltr'>et</span> <span class='ocrx_word' id='word_1_202' title='bbox 629 2884 753 2918; x_wconf 91' lang='lat' dir='ltr'>cum</span> <span class='ocrx_word' id='word_1_203' title='bbox 811 2883 842 2917; x_wconf 96' lang='lat' dir='ltr'>a</span> <span class='ocrx_word' id='word_1_204' title='bbox 912 2869 1062 2918; x_wconf 88' lang='lat' dir='ltr'>Patre</span> <span class='ocrx_word' id='word_1_205' title='bbox 1112 2883 1275 2919; x_wconf 89' lang='lat' dir='ltr'>omne</span> 
     </span>
     <span class='ocr_line' id='line_1_37' title="bbox 202 2937 1273 3004; baseline -0.003 -14"><span class='ocrx_word' id='word_1_206' title='bbox 202 2939 462 3004; x_wconf 89' lang='lat' dir='ltr'>judicium</span> <span class='ocrx_word' id='word_1_207' title='bbox 539 2937 643 2987; x_wconf 87' lang='lat' dir='ltr'>sibi</span> <span class='ocrx_word' id='word_1_208' title='bbox 712 2938 896 2987; x_wconf 90' lang='lat' dir='ltr'>datum</span> <span class='ocrx_word' id='word_1_209' title='bbox 950 2948 1107 2999; x_wconf 91' lang='lat' dir='ltr'>esset,</span> <span class='ocrx_word' id='word_1_210' title='bbox 1151 2938 1273 2987; x_wconf 88' lang='lat' dir='ltr'>illa-</span> 
     </span>
     <span class='ocr_line' id='line_1_38' title="bbox 203 3006 1271 3075; baseline 0 -17"><span class='ocrx_word' id='word_1_211' title='bbox 203 3020 283 3061; x_wconf 88' lang='lat' dir='ltr'>tas</span> <span class='ocrx_word' id='word_1_212' title='bbox 310 3008 541 3075; x_wconf 83' lang='lat' dir='ltr'>injurias</span> <span class='ocrx_word' id='word_1_213' title='bbox 569 3006 737 3057; x_wconf 88' lang='lat' dir='ltr'>Patris</span> <span class='ocrx_word' id='word_1_214' title='bbox 778 3006 978 3072; x_wconf 87' lang='lat' dir='ltr'>judicio</span> <span class='ocrx_word' id='word_1_215' title='bbox 1027 3008 1271 3068; x_wconf 90' lang='lat' dir='ltr'>servavit,</span> 
     </span>
     <span class='ocr_line' id='line_1_39' title="bbox 202 3076 1274 3143; baseline -0.002 -14"><span class='ocrx_word' id='word_1_216' title='bbox 202 3088 262 3130; x_wconf 89' lang='lat' dir='ltr'>ut</span> <span class='ocrx_word' id='word_1_217' title='bbox 318 3079 481 3129; x_wconf 90' lang='lat' dir='ltr'>nobis</span> <span class='ocrx_word' id='word_1_218' title='bbox 525 3076 820 3128; x_wconf 85' lang='lat' dir='ltr'>insinuaret</span> <span class='ocrx_word' id='word_1_219' title='bbox 862 3087 1127 3143; x_wconf 90' lang='lat' dir='ltr'>quantum</span> <span class='ocrx_word' id='word_1_220' title='bbox 1174 3093 1274 3127; x_wconf 91' lang='lat' dir='ltr'>nos</span> 
     </span>
     <span class='ocr_line' id='line_1_40' title="bbox 204 3151 1275 3219; baseline 0 -17"><span class='ocrx_word' id='word_1_221' title='bbox 204 3167 319 3204; x_wconf 84' lang='lat' dir='ltr'>esse</span> <span class='ocrx_word' id='word_1_222' title='bbox 385 3152 647 3219; x_wconf 90' lang='lat' dir='ltr'>patientes</span> <span class='ocrx_word' id='word_1_223' title='bbox 699 3151 975 3212; x_wconf 90' lang='lat' dir='ltr'>debemus,</span> <span class='ocrx_word' id='word_1_224' title='bbox 1031 3153 1161 3202; x_wconf 91' lang='lat' dir='ltr'>dum</span> <span class='ocrx_word' id='word_1_225' title='bbox 1217 3167 1275 3202; x_wconf 89' lang='lat' dir='ltr'>se</span> 
     </span>
     <span class='ocr_line' id='line_1_41' title="bbox 205 3223 1270 3289; baseline 0.002 -16"><span class='ocrx_word' id='word_1_226' title='bbox 205 3225 387 3276; x_wconf 87' lang='lat' dir='ltr'>ulcisci</span> <span class='ocrx_word' id='word_1_227' title='bbox 431 3240 540 3274; x_wconf 91' lang='lat' dir='ltr'>non</span> <span class='ocrx_word' id='word_1_228' title='bbox 570 3225 684 3273; x_wconf 92' lang='lat' dir='ltr'>vult</span> <span class='ocrx_word' id='word_1_229' title='bbox 712 3233 763 3273; x_wconf 92' lang='lat' dir='ltr'>et</span> <span class='ocrx_word' id='word_1_230' title='bbox 795 3223 910 3288; x_wconf 92' lang='lat' dir='ltr'>ipse</span> <span class='ocrx_word' id='word_1_231' title='bbox 934 3223 1027 3289; x_wconf 90' lang='lat' dir='ltr'>qui</span> <span class='ocrx_word' id='word_1_232' title='bbox 1056 3224 1270 3289; x_wconf 89' lang='lat' dir='ltr'>judicat.</span> 
     </span>
     <span class='ocr_line' id='line_1_42' title="bbox 204 3295 1274 3362; baseline -0.001 -15"><span class='ocrx_word' id='word_1_233' title='bbox 204 3298 430 3362; x_wconf 80' lang='lat' dir='ltr'>Accepta</span> <span class='ocrx_word' id='word_1_234' title='bbox 492 3311 619 3360; x_wconf 90' lang='lat' dir='ltr'>ergo</span> <span class='ocrx_word' id='word_1_235' title='bbox 685 3295 1029 3357; x_wconf 90' lang='lat' dir='ltr'>contumelia,</span> <span class='ocrx_word' id='word_1_236' title='bbox 1101 3296 1274 3346; x_wconf 89' lang='lat' dir='ltr'>medi-</span> 
     </span>
     <span class='ocr_line' id='line_1_43' title="bbox 208 3367 1272 3434; baseline -0.002 -15"><span class='ocrx_word' id='word_1_237' title='bbox 208 3378 386 3419; x_wconf 85' lang='lat' dir='ltr'>temur</span> <span class='ocrx_word' id='word_1_238' title='bbox 457 3367 514 3417; x_wconf 90' lang='lat' dir='ltr'>in</span> <span class='ocrx_word' id='word_1_239' title='bbox 574 3382 732 3434; x_wconf 88' lang='lat' dir='ltr'>opere</span> <span class='ocrx_word' id='word_1_240' title='bbox 799 3384 984 3418; x_wconf 86' lang='lat' dir='ltr'>vocem</span> <span class='ocrx_word' id='word_1_241' title='bbox 1050 3367 1272 3418; x_wconf 90' lang='lat' dir='ltr'>Domini</span> 
     </span>
     <span class='ocr_line' id='line_1_44' title="bbox 209 3438 1273 3505; baseline -0.001 -16"><span class='ocrx_word' id='word_1_242' title='bbox 209 3439 356 3489; x_wconf 88' lang='lat' dir='ltr'>illam</span> <span class='ocrx_word' id='word_1_243' title='bbox 395 3457 408 3489; x_wconf 74' lang='lat' dir='ltr'>t</span> <span class='ocrx_word' id='word_1_244' title='bbox 446 3438 576 3504; x_wconf 87' lang='lat' dir='ltr'>Ego</span> <span class='ocrx_word' id='word_1_245' title='bbox 627 3453 728 3489; x_wconf 84' lang='lat' dir='ltr'>non</span> <span class='ocrx_word' id='word_1_246' title='bbox 784 3453 970 3503; x_wconf 79' lang='lat' dir='ltr'>quaero</span> <span class='ocrx_word' id='word_1_247' title='bbox 1034 3439 1273 3505; x_wconf 82' lang='lat' dir='ltr'>gloriam</span> 
     </span>
     <span class='ocr_line' id='line_1_45' title="bbox 208 3512 1273 3580; baseline 0 -16"><span class='ocrx_word' id='word_1_248' title='bbox 208 3528 416 3577; x_wconf 84' lang='lat' dir='ltr'>meam,·</span> <span class='ocrx_word' id='word_1_249' title='bbox 464 3519 544 3563; x_wconf 82' lang='lat' dir='ltr'>est</span> <span class='ocrx_word' id='word_1_250' title='bbox 587 3513 679 3578; x_wconf 85' lang='lat' dir='ltr'>qui</span> <span class='ocrx_word' id='word_1_251' title='bbox 722 3520 935 3578; x_wconf 84' lang='lat' dir='ltr'>quaerat</span> <span class='ocrx_word' id='word_1_252' title='bbox 970 3519 1023 3563; x_wconf 84' lang='lat' dir='ltr'>et</span> <span class='ocrx_word' id='word_1_253' title='bbox 1040 3512 1273 3580; x_wconf 85' lang='lat' dir='ltr'>judicet.</span> 
     </span>
     <span class='ocr_line' id='line_1_46' title="bbox 207 3586 1271 3653; baseline -0.001 -16"><span class='ocrx_word' id='word_1_254' title='bbox 207 3587 270 3637; x_wconf 85' lang='lat' dir='ltr'>Et</span> <span class='ocrx_word' id='word_1_255' title='bbox 326 3586 493 3653; x_wconf 91' lang='lat' dir='ltr'>quia,</span> <span class='ocrx_word' id='word_1_256' title='bbox 553 3587 848 3636; x_wconf 89' lang='lat' dir='ltr'>secundum</span> <span class='ocrx_word' id='word_1_257' title='bbox 909 3587 1271 3653; x_wconf 83' lang='lat' dir='ltr'>Gregorium‚</span> 
     </span>
     <span class='ocr_line' id='line_1_47' title="bbox 206 3657 1273 3723; baseline 0 -15"><span class='ocrx_word' id='word_1_258' title='bbox 206 3673 328 3708; x_wconf 90' lang='lat' dir='ltr'>cum</span> <span class='ocrx_word' id='word_1_259' title='bbox 384 3657 651 3707; x_wconf 90' lang='lat' dir='ltr'>malorum</span> <span class='ocrx_word' id='word_1_260' title='bbox 694 3657 1010 3723; x_wconf 89' lang='lat' dir='ltr'>perversitas</span> <span class='ocrx_word' id='word_1_261' title='bbox 1055 3658 1273 3720; x_wconf 90' lang='lat' dir='ltr'>crescit,</span> 
     </span>
     <span class='ocr_line' id='line_1_48' title="bbox 207 3728 1273 3796; baseline 0 -16"><span class='ocrx_word' id='word_1_262' title='bbox 207 3745 317 3780; x_wconf 90' lang='lat' dir='ltr'>non</span> <span class='ocrx_word' id='word_1_263' title='bbox 360 3730 541 3780; x_wconf 87' lang='lat' dir='ltr'>solum</span> <span class='ocrx_word' id='word_1_264' title='bbox 588 3728 899 3794; x_wconf 85' lang='lat' dir='ltr'>praedicatio</span> <span class='ocrx_word' id='word_1_265' title='bbox 942 3730 1113 3796; x_wconf 90' lang='lat' dir='ltr'>frangi</span> <span class='ocrx_word' id='word_1_266' title='bbox 1164 3746 1273 3780; x_wconf 90' lang='lat' dir='ltr'>non</span> 
     </span>
     <span class='ocr_line' id='line_1_49' title="bbox 204 3799 1273 3865; baseline 0.003 -16"><span class='ocrx_word' id='word_1_267' title='bbox 204 3800 380 3860; x_wconf 88' lang='lat' dir='ltr'>debet,</span> <span class='ocrx_word' id='word_1_268' title='bbox 411 3801 504 3850; x_wconf 90' lang='lat' dir='ltr'>sed</span> <span class='ocrx_word' id='word_1_269' title='bbox 538 3799 700 3849; x_wconf 88' lang='lat' dir='ltr'>etiam</span> <span class='ocrx_word' id='word_1_270' title='bbox 740 3800 953 3865; x_wconf 89' lang='lat' dir='ltr'>augeri;</span> <span class='ocrx_word' id='word_1_271' title='bbox 996 3800 1113 3851; x_wconf 92' lang='lat' dir='ltr'>ideo</span> <span class='ocrx_word' id='word_1_272' title='bbox 1158 3802 1273 3852; x_wconf 92' lang='lat' dir='ltr'>Do-</span> 
     </span>
     <span class='ocr_line' id='line_1_50' title="bbox 205 3870 1272 3938; baseline 0.001 -18"><span class='ocrx_word' id='word_1_273' title='bbox 205 3871 409 3933; x_wconf 90' lang='lat' dir='ltr'>minus,</span> <span class='ocrx_word' id='word_1_274' title='bbox 426 3879 712 3938; x_wconf 89' lang='lat' dir='ltr'>postquam</span> <span class='ocrx_word' id='word_1_275' title='bbox 732 3870 927 3920; x_wconf 88' lang='lat' dir='ltr'>habere</span> <span class='ocrx_word' id='word_1_276' title='bbox 946 3871 1272 3922; x_wconf 84' lang='lat' dir='ltr'>daemonium</span> 
     </span>
     <span class='ocr_line' id='line_1_51' title="bbox 206 3940 1272 4006; baseline 0.002 -16"><span class='ocrx_word' id='word_1_277' title='bbox 206 3941 383 3994; x_wconf 91' lang='lat' dir='ltr'>dictus</span> <span class='ocrx_word' id='word_1_278' title='bbox 412 3952 511 4003; x_wconf 89' lang='lat' dir='ltr'>est,</span> <span class='ocrx_word' id='word_1_279' title='bbox 545 3940 938 4006; x_wconf 70' lang='lat' dir='ltr'>praedicationis</span> <span class='ocrx_word' id='word_1_280' title='bbox 971 3957 1065 3992; x_wconf 91' lang='lat' dir='ltr'>sua</span> <span class='ocrx_word' id='word_1_281' title='bbox 1103 3941 1272 3992; x_wconf 88' lang='lat' dir='ltr'>bene-</span> 
     </span>
    </p>
   </div>
   <div class='ocr_carea' id='block_1_3' title="bbox 2346 321 2453 390">
    <p class='ocr_par' dir='ltr' id='par_1_3' title="bbox 2346 321 2453 390">
     <span class='ocr_line' id='line_1_52' title="bbox 2346 321 2453 390; baseline 0.019 -2"><span class='ocrx_word' id='word_1_282' title='bbox 2346 321 2453 390; x_wconf 85' lang='lat'>759</span> 
     </span>
    </p>
   </div>
   <div class='ocr_carea' id='block_1_4' title="bbox 1375 437 2456 4005">
    <p class='ocr_par' dir='ltr' id='par_1_4' title="bbox 1375 437 2456 4005">
     <span class='ocr_line' id='line_1_53' title="bbox 1381 437 2451 507; baseline 0.003 -19"><span class='ocrx_word' id='word_1_283' title='bbox 1381 437 1499 489; x_wconf 88' lang='lat' dir='ltr'>ficia</span> <span class='ocrx_word' id='word_1_284' title='bbox 1571 438 1771 504; x_wconf 90' lang='lat' dir='ltr'>largius</span> <span class='ocrx_word' id='word_1_285' title='bbox 1838 439 2121 505; x_wconf 89' lang='lat' dir='ltr'>impendit.</span> <span class='ocrx_word' id='word_1_286' title='bbox 2205 439 2264 489; x_wconf 90' lang='lat' dir='ltr'>In</span> <span class='ocrx_word' id='word_1_287' title='bbox 2335 456 2451 507; x_wconf 66' lang='lat' dir='ltr'>,quo</span> 
     </span>
     <span class='ocr_line' id='line_1_54' title="bbox 1383 510 2450 577; baseline 0 -17"><span class='ocrx_word' id='word_1_288' title='bbox 1383 510 1684 560; x_wconf 86' lang='lat' dir='ltr'>ostenditur</span> <span class='ocrx_word' id='word_1_289' title='bbox 1722 525 1915 577; x_wconf 90' lang='lat' dir='ltr'>magna</span> <span class='ocrx_word' id='word_1_290' title='bbox 1944 510 2150 560; x_wconf 86' lang='lat' dir='ltr'>Christi</span> <span class='ocrx_word' id='word_1_291' title='bbox 2188 510 2450 577; x_wconf 89' lang='lat' dir='ltr'>benigni—</span> 
     </span>
     <span class='ocr_line' id='line_1_55' title="bbox 1380 581 2451 648; baseline 0.001 -16"><span class='ocrx_word' id='word_1_292' title='bbox 1380 591 1480 642; x_wconf 80' lang='lat' dir='ltr'>taS,</span> <span class='ocrx_word' id='word_1_293' title='bbox 1514 582 1642 648; x_wconf 90' lang='lat' dir='ltr'>quia</span> <span class='ocrx_word' id='word_1_294' title='bbox 1669 581 1779 632; x_wconf 90' lang='lat' dir='ltr'>illis</span> <span class='ocrx_word' id='word_1_295' title='bbox 1810 598 1840 633; x_wconf 92' lang='lat' dir='ltr'>a</span> <span class='ocrx_word' id='word_1_296' title='bbox 1877 583 2079 648; x_wconf 91' lang='lat' dir='ltr'>quibus</span> <span class='ocrx_word' id='word_1_297' title='bbox 2122 592 2334 633; x_wconf 89' lang='lat' dir='ltr'>tantum</span> <span class='ocrx_word' id='word_1_298' title='bbox 2360 598 2451 633; x_wconf 90' lang='lat' dir='ltr'>re-</span> 
     </span>
     <span class='ocr_line' id='line_1_56' title="bbox 1381 652 2448 719; baseline 0.002 -17"><span class='ocrx_word' id='word_1_299' title='bbox 1381 662 1590 718; x_wconf 87' lang='lat' dir='ltr'>ceperat</span> <span class='ocrx_word' id='word_1_300' title='bbox 1617 652 1932 716; x_wconf 85' lang='lat' dir='ltr'>convitium,</span> <span class='ocrx_word' id='word_1_301' title='bbox 1961 668 2070 703; x_wconf 90' lang='lat' dir='ltr'>non</span> <span class='ocrx_word' id='word_1_302' title='bbox 2102 653 2314 719; x_wconf 88' lang='lat' dir='ltr'>negavit</span> <span class='ocrx_word' id='word_1_303' title='bbox 2336 668 2448 704; x_wconf 86' lang='lat' dir='ltr'>suae</span> 
     </span>
     <span class='ocr_line' id='line_1_57' title="bbox 1380 723 2451 786; baseline 0.003 -14"><span class='ocrx_word' id='word_1_304' title='bbox 1380 723 1640 774; x_wconf 85' lang='lat' dir='ltr'>doctrinae</span> <span class='ocrx_word' id='word_1_305' title='bbox 1684 723 2039 786; x_wconf 83' lang='lat' dir='ltr'>beneficium3</span> <span class='ocrx_word' id='word_1_306' title='bbox 2082 725 2227 774; x_wconf 88' lang='lat' dir='ltr'>unde</span> <span class='ocrx_word' id='word_1_307' title='bbox 2258 724 2391 775; x_wconf 92' lang='lat' dir='ltr'>dicit</span> <span class='ocrx_word' id='word_1_308' title='bbox 2436 741 2451 775; x_wconf 76' lang='lat' dir='ltr'><strong><em>z</em></strong></span> 
     </span>
     <span class='ocr_line' id='line_1_58' title="bbox 1380 794 2449 858; baseline 0.003 -14"><span class='ocrx_word' id='word_1_309' title='bbox 1380 796 1563 857; x_wconf 86' lang='lat' dir='ltr'>Amen,</span> <span class='ocrx_word' id='word_1_310' title='bbox 1611 811 1780 858; x_wconf 86' lang='lat' dir='ltr'>amen,</span> <span class='ocrx_word' id='word_1_311' title='bbox 1833 796 1887 845; x_wconf 90' lang='lat' dir='ltr'>id</span> <span class='ocrx_word' id='word_1_312' title='bbox 1932 806 2013 846; x_wconf 90' lang='lat' dir='ltr'>est</span> <span class='ocrx_word' id='word_1_313' title='bbox 2051 794 2280 846; x_wconf 91' lang='lat' dir='ltr'>fideliter</span> <span class='ocrx_word' id='word_1_314' title='bbox 2328 796 2449 847; x_wconf 82' lang='lat' dir='ltr'>dico</span> 
     </span>
     <span class='ocr_line' id='line_1_59' title="bbox 1381 867 2452 933; baseline 0.003 -17"><span class='ocrx_word' id='word_1_315' title='bbox 1381 867 1556 929; x_wconf 75' lang='lat' dir='ltr'>vobiS,</span> <span class='ocrx_word' id='word_1_316' title='bbox 1588 868 1639 917; x_wconf 83' lang='lat' dir='ltr'>si</span> <span class='ocrx_word' id='word_1_317' title='bbox 1666 869 1786 933; x_wconf 83' lang='lat' dir='ltr'>quis</span> <span class='ocrx_word' id='word_1_318' title='bbox 1814 882 2106 919; x_wconf 86' lang='lat' dir='ltr'>sermonem</span> <span class='ocrx_word' id='word_1_319' title='bbox 2136 883 2302 918; x_wconf 85' lang='lat' dir='ltr'>meum</span> <span class='ocrx_word' id='word_1_320' title='bbox 2341 883 2452 919; x_wconf 86' lang='lat' dir='ltr'>ser-</span> 
     </span>
     <span class='ocr_line' id='line_1_60' title="bbox 1381 940 2449 1002; baseline 0.003 -13"><span class='ocrx_word' id='word_1_321' title='bbox 1381 940 1610 1002; x_wconf 82' lang='lat' dir='ltr'>vaverit,</span> <span class='ocrx_word' id='word_1_322' title='bbox 1644 956 1752 990; x_wconf 91' lang='lat' dir='ltr'>non</span> <span class='ocrx_word' id='word_1_323' title='bbox 1794 940 1971 991; x_wconf 90' lang='lat' dir='ltr'>solum</span> <span class='ocrx_word' id='word_1_324' title='bbox 2001 940 2122 1001; x_wconf 90' lang='lat' dir='ltr'>fide,</span> <span class='ocrx_word' id='word_1_325' title='bbox 2155 941 2246 991; x_wconf 91' lang='lat' dir='ltr'>sed</span> <span class='ocrx_word' id='word_1_326' title='bbox 2285 941 2449 992; x_wconf 91' lang='lat' dir='ltr'>etiam</span> 
     </span>
     <span class='ocr_line' id='line_1_61' title="bbox 1380 1010 2448 1076; baseline 0.001 -15"><span class='ocrx_word' id='word_1_327' title='bbox 1380 1010 1488 1061; x_wconf 86' lang='lat' dir='ltr'>vita</span> <span class='ocrx_word' id='word_1_328' title='bbox 1525 1020 1577 1061; x_wconf 92' lang='lat' dir='ltr'>et</span> <span class='ocrx_word' id='word_1_329' title='bbox 1616 1026 1793 1076; x_wconf 89' lang='lat' dir='ltr'>opere,</span> <span class='ocrx_word' id='word_1_330' title='bbox 1837 1018 2055 1063; x_wconf 83' lang='lat' dir='ltr'>mortem</span> <span class='ocrx_word' id='word_1_331' title='bbox 2091 1027 2192 1063; x_wconf 85' lang='lat' dir='ltr'>non</span> <span class='ocrx_word' id='word_1_332' title='bbox 2231 1012 2448 1075; x_wconf 84' lang='lat' dir='ltr'>videbit,</span> 
     </span>
     <span class='ocr_line' id='line_1_62' title="bbox 1383 1083 2448 1151; baseline 0.003 -19"><span class='ocrx_word' id='word_1_333' title='bbox 1383 1083 1437 1132; x_wconf 89' lang='lat' dir='ltr'>id</span> <span class='ocrx_word' id='word_1_334' title='bbox 1467 1093 1547 1132; x_wconf 91' lang='lat' dir='ltr'>est</span> <span class='ocrx_word' id='word_1_335' title='bbox 1588 1099 1697 1133; x_wconf 90' lang='lat' dir='ltr'>non</span> <span class='ocrx_word' id='word_1_336' title='bbox 1728 1084 2047 1151; x_wconf 83' lang='lat' dir='ltr'>experietur,</span> <span class='ocrx_word' id='word_1_337' title='bbox 2078 1086 2132 1135; x_wconf 88' lang='lat' dir='ltr'>in</span> <span class='ocrx_word' id='word_1_338' title='bbox 2174 1091 2448 1148; x_wconf 85' lang='lat' dir='ltr'>oeternum,</span> 
     </span>
     <span class='ocr_line' id='line_1_63' title="bbox 1384 1154 2451 1206; baseline 0.001 -2"><span class='ocrx_word' id='word_1_339' title='bbox 1384 1154 1486 1204; x_wconf 89' lang='lat' dir='ltr'>hoc</span> <span class='ocrx_word' id='word_1_340' title='bbox 1522 1163 1602 1204; x_wconf 90' lang='lat' dir='ltr'>est</span> <span class='ocrx_word' id='word_1_341' title='bbox 1641 1164 1853 1205; x_wconf 90' lang='lat' dir='ltr'>aeternae</span> <span class='ocrx_word' id='word_1_342' title='bbox 1894 1155 2087 1204; x_wconf 93' lang='lat' dir='ltr'>mortis</span> <span class='ocrx_word' id='word_1_343' title='bbox 2127 1155 2451 1206; x_wconf 90' lang='lat' dir='ltr'>amaritudi-</span> 
     </span>
     <span class='ocr_line' id='line_1_64' title="bbox 1383 1224 2378 1286; baseline 0.002 -12"><span class='ocrx_word' id='word_1_344' title='bbox 1383 1240 1526 1286; x_wconf 91' lang='lat' dir='ltr'>nem,</span> <span class='ocrx_word' id='word_1_345' title='bbox 1551 1225 1647 1276; x_wconf 82' lang='lat' dir='ltr'>sed</span> <span class='ocrx_word' id='word_1_346' title='bbox 1672 1225 1834 1275; x_wconf 84' lang='lat' dir='ltr'>vitam</span> <span class='ocrx_word' id='word_1_347' title='bbox 1864 1224 2075 1276; x_wconf 83' lang='lat' dir='ltr'>habebit</span> <span class='ocrx_word' id='word_1_348' title='bbox 2102 1232 2378 1276; x_wconf 73' lang='lat' dir='ltr'>ceter-nam.</span> 
     </span>
     <span class='ocr_line' id='line_1_65' title="bbox 1455 1297 2455 1348; baseline 0.002 -2"><span class='ocrx_word' id='word_1_349' title='bbox 1455 1313 1516 1346; x_wconf 92' lang='lat'>10</span> <span class='ocrx_word' id='word_1_350' title='bbox 1551 1297 1774 1347; x_wconf 66' lang='lat' dir='ltr'>Catus-rr</span> <span class='ocrx_word' id='word_1_351' title='bbox 1824 1314 1949 1348; x_wconf 69' lang='lat' dir='ltr'>mnu</span> <span class='ocrx_word' id='word_1_352' title='bbox 2005 1313 2151 1347; x_wconf 82' lang='lat' dir='ltr'>v1n1r</span> <span class='ocrx_word' id='word_1_353' title='bbox 2189 1299 2455 1348; x_wconf 59' lang='lat' dir='ltr'>Annium</span> 
     </span>
     <span class='ocr_line' id='line_1_66' title="bbox 1385 1368 2456 1419; baseline 0.002 -2"><span class='ocrx_word' id='word_1_354' title='bbox 1385 1383 1453 1417; x_wconf 77' lang='lat'>131·</span> <span class='ocrx_word' id='word_1_355' title='bbox 1480 1383 1696 1418; x_wconf 57' lang='lat' dir='ltr'>onvrsus</span> <span class='ocrx_word' id='word_1_356' title='bbox 1724 1384 1835 1418; x_wconf 76' lang='lat' dir='ltr'>Esr.</span> <span class='ocrx_word' id='word_1_357' title='bbox 1865 1396 1925 1406; x_wconf 93' lang='lat'>—</span> <span class='ocrx_word' id='word_1_358' title='bbox 1955 1368 2037 1418; x_wconf 87' lang='lat' dir='ltr'>Illi</span> <span class='ocrx_word' id='word_1_359' title='bbox 2069 1377 2249 1418; x_wconf 90' lang='lat' dir='ltr'>autem</span> <span class='ocrx_word' id='word_1_360' title='bbox 2276 1384 2342 1418; x_wconf 85' lang='lat' dir='ltr'>ex</span> <span class='ocrx_word' id='word_1_361' title='bbox 2366 1368 2456 1419; x_wconf 90' lang='lat' dir='ltr'>his</span> 
     </span>
     <span class='ocr_line' id='line_1_67' title="bbox 1382 1440 2453 1492; baseline 0.002 -2"><span class='ocrx_word' id='word_1_362' title='bbox 1382 1440 1562 1490; x_wconf 88' lang='lat' dir='ltr'>verbis</span> <span class='ocrx_word' id='word_1_363' title='bbox 1614 1440 1834 1490; x_wconf 90' lang='lat' dir='ltr'>Domini</span> <span class='ocrx_word' id='word_1_364' title='bbox 1879 1442 2117 1491; x_wconf 86' lang='lat' dir='ltr'>volentes</span> <span class='ocrx_word' id='word_1_365' title='bbox 2169 1440 2453 1492; x_wconf 87' lang='lat' dir='ltr'>ostendere</span> 
     </span>
     <span class='ocr_line' id='line_1_68' title="bbox 1383 1513 2451 1573; baseline 0.001 -10"><span class='ocrx_word' id='word_1_366' title='bbox 1383 1529 1508 1563; x_wconf 91' lang='lat' dir='ltr'>eum</span> <span class='ocrx_word' id='word_1_367' title='bbox 1546 1513 1741 1564; x_wconf 89' lang='lat' dir='ltr'>habere</span> <span class='ocrx_word' id='word_1_368' title='bbox 1769 1514 2121 1573; x_wconf 87' lang='lat' dir='ltr'>daemonium,</span> <span class='ocrx_word' id='word_1_369' title='bbox 2153 1513 2406 1563; x_wconf 85' lang='lat' dir='ltr'>dixerunt</span> <span class='ocrx_word' id='word_1_370' title='bbox 2436 1530 2451 1564; x_wconf 71' lang='grc' dir='ltr'><strong>ε</strong></span> 
     </span>
     <span class='ocr_line' id='line_1_69' title="bbox 1381 1586 2448 1652; baseline 0.001 -15"><span class='ocrx_word' id='word_1_371' title='bbox 1381 1587 1655 1637; x_wconf 85' lang='lat' dir='ltr'>Abraham</span> <span class='ocrx_word' id='word_1_372' title='bbox 1686 1593 1925 1638; x_wconf 80' lang='lat' dir='ltr'>mortuus</span> <span class='ocrx_word' id='word_1_373' title='bbox 1953 1593 2035 1638; x_wconf 82' lang='lat' dir='ltr'>est</span> <span class='ocrx_word' id='word_1_374' title='bbox 2062 1594 2113 1638; x_wconf 88' lang='lat' dir='ltr'>et</span> <span class='ocrx_word' id='word_1_375' title='bbox 2139 1586 2448 1652; x_wconf 83' lang='lat' dir='ltr'>Prophetae,</span> 
     </span>
     <span class='ocr_line' id='line_1_70' title="bbox 1382 1657 2452 1724; baseline 0 -17"><span class='ocrx_word' id='word_1_376' title='bbox 1382 1657 1474 1707; x_wconf 89' lang='lat' dir='ltr'>sed</span> <span class='ocrx_word' id='word_1_377' title='bbox 1500 1657 1793 1707; x_wconf 86' lang='lat' dir='ltr'>fundabant</span> <span class='ocrx_word' id='word_1_378' title='bbox 1818 1659 2078 1709; x_wconf 90' lang='lat' dir='ltr'>rationem</span> <span class='ocrx_word' id='word_1_379' title='bbox 2108 1674 2261 1708; x_wconf 89' lang='lat' dir='ltr'>suam</span> <span class='ocrx_word' id='word_1_380' title='bbox 2289 1673 2452 1724; x_wconf 90' lang='lat' dir='ltr'>super</span> 
     </span>
     <span class='ocr_line' id='line_1_71' title="bbox 1381 1727 2453 1795; baseline 0.002 -18"><span class='ocrx_word' id='word_1_381' title='bbox 1381 1727 1605 1788; x_wconf 66' lang='lat' dir='ltr'>falsum,</span> <span class='ocrx_word' id='word_1_382' title='bbox 1625 1728 1825 1779; x_wconf 90' lang='lat' dir='ltr'>scilicet</span> <span class='ocrx_word' id='word_1_383' title='bbox 1843 1731 1988 1795; x_wconf 90' lang='lat' dir='ltr'>quod</span> <span class='ocrx_word' id='word_1_384' title='bbox 2016 1729 2268 1780; x_wconf 89' lang='lat' dir='ltr'>Christus</span> <span class='ocrx_word' id='word_1_385' title='bbox 2291 1728 2453 1779; x_wconf 87' lang='lat' dir='ltr'>dixis-</span> 
     </span>
     <span class='ocr_line' id='line_1_72' title="bbox 1381 1800 2449 1866; baseline 0.001 -18"><span class='ocrx_word' id='word_1_386' title='bbox 1381 1809 1462 1850; x_wconf 89' lang='lat' dir='ltr'>set</span> <span class='ocrx_word' id='word_1_387' title='bbox 1489 1800 1554 1849; x_wconf 87' lang='lat' dir='ltr'>de</span> <span class='ocrx_word' id='word_1_388' title='bbox 1588 1809 1759 1849; x_wconf 91' lang='lat' dir='ltr'>morte</span> <span class='ocrx_word' id='word_1_389' title='bbox 1789 1800 2090 1866; x_wconf 86' lang='lat' dir='ltr'>temporali,</span> <span class='ocrx_word' id='word_1_390' title='bbox 2120 1800 2213 1866; x_wconf 91' lang='lat' dir='ltr'>qui</span> <span class='ocrx_word' id='word_1_391' title='bbox 2239 1808 2449 1849; x_wconf 90' lang='lat' dir='ltr'>tantum</span> 
     </span>
     <span class='ocr_line' id='line_1_73' title="bbox 1380 1869 2450 1921; baseline 0.002 -2"><span class='ocrx_word' id='word_1_392' title='bbox 1380 1869 1712 1921; x_wconf 87' lang='lat' dir='ltr'>intellexerat</span> <span class='ocrx_word' id='word_1_393' title='bbox 1766 1871 1832 1921; x_wconf 92' lang='lat' dir='ltr'>de</span> <span class='ocrx_word' id='word_1_394' title='bbox 1890 1880 2061 1921; x_wconf 89' lang='lat' dir='ltr'>morte</span> <span class='ocrx_word' id='word_1_395' title='bbox 2111 1881 2322 1921; x_wconf 87' lang='lat' dir='ltr'>aeterna.</span> <span class='ocrx_word' id='word_1_396' title='bbox 2382 1870 2450 1921; x_wconf 92' lang='lat' dir='ltr'>Et</span> 
     </span>
     <span class='ocr_line' id='line_1_74' title="bbox 1381 1942 2449 2010; baseline 0 -17"><span class='ocrx_word' id='word_1_397' title='bbox 1381 1953 1502 2010; x_wconf 90' lang='lat' dir='ltr'>post</span> <span class='ocrx_word' id='word_1_398' title='bbox 1530 1959 1695 2010; x_wconf 89' lang='lat' dir='ltr'>pauca</span> <span class='ocrx_word' id='word_1_399' title='bbox 1733 1944 2012 2010; x_wconf 89' lang='lat' dir='ltr'>subjungit</span> <span class='ocrx_word' id='word_1_400' title='bbox 2042 1960 2055 1992; x_wconf 90' lang='lat'><strong>:</strong></span> <span class='ocrx_word' id='word_1_401' title='bbox 2091 1944 2158 1995; x_wconf 89' lang='lat' dir='ltr'>Si</span> <span class='ocrx_word' id='word_1_402' title='bbox 2183 1958 2305 2009; x_wconf 78' lang='lat' dir='ltr'>ege,</span> <span class='ocrx_word' id='word_1_403' title='bbox 2337 1942 2449 1994; x_wconf 86' lang='lat' dir='ltr'>sci-</span> 
     </span>
     <span class='ocr_line' id='line_1_75' title="bbox 1377 2014 2449 2081; baseline 0.002 -18"><span class='ocrx_word' id='word_1_404' title='bbox 1377 2015 1499 2069; x_wconf 82' lang='lat' dir='ltr'>licet</span> <span class='ocrx_word' id='word_1_405' title='bbox 1519 2016 1685 2075; x_wconf 90' lang='lat' dir='ltr'>solus,</span> <span class='ocrx_word' id='word_1_406' title='bbox 1709 2015 1827 2064; x_wconf 91' lang='lat' dir='ltr'>sine</span> <span class='ocrx_word' id='word_1_407' title='bbox 1854 2016 2006 2065; x_wconf 89' lang='lat' dir='ltr'>Patre</span> <span class='ocrx_word' id='word_1_408' title='bbox 2029 2030 2168 2078; x_wconf 91' lang='lat' dir='ltr'>meo,</span> <span class='ocrx_word' id='word_1_409' title='bbox 2193 2014 2449 2081; x_wconf 77' lang='lat' dir='ltr'>glorifico</span> 
     </span>
     <span class='ocr_line' id='line_1_76' title="bbox 1377 2085 2449 2153; baseline -0.001 -17"><span class='ocrx_word' id='word_1_410' title='bbox 1377 2086 1650 2153; x_wconf 79' lang='lat' dir='ltr'>meipsum,</span> <span class='ocrx_word' id='word_1_411' title='bbox 1677 2085 1876 2135; x_wconf 90' lang='lat' dir='ltr'>scilicet</span> <span class='ocrx_word' id='word_1_412' title='bbox 1903 2086 2155 2145; x_wconf 90' lang='lat' dir='ltr'>inaniter,</span> <span class='ocrx_word' id='word_1_413' title='bbox 2185 2096 2237 2135; x_wconf 89' lang='lat' dir='ltr'>et</span> <span class='ocrx_word' id='word_1_414' title='bbox 2260 2100 2449 2151; x_wconf 85' lang='lat' dir='ltr'>quaero</span> 
     </span>
     <span class='ocr_line' id='line_1_77' title="bbox 1378 2155 2449 2221; baseline 0 -16"><span class='ocrx_word' id='word_1_415' title='bbox 1378 2155 1603 2221; x_wconf 88' lang='lat' dir='ltr'>gloriam</span> <span class='ocrx_word' id='word_1_416' title='bbox 1647 2169 1821 2204; x_wconf 85' lang='lat' dir='ltr'>meam</span> <span class='ocrx_word' id='word_1_417' title='bbox 1858 2164 2049 2220; x_wconf 86' lang='lat' dir='ltr'>praeter</span> <span class='ocrx_word' id='word_1_418' title='bbox 2078 2155 2315 2221; x_wconf 88' lang='lat' dir='ltr'>regulam</span> <span class='ocrx_word' id='word_1_419' title='bbox 2356 2155 2449 2205; x_wconf 88' lang='lat' dir='ltr'>di-</span> 
     </span>
     <span class='ocr_line' id='line_1_78' title="bbox 1375 2224 2451 2290; baseline 0 -16"><span class='ocrx_word' id='word_1_420' title='bbox 1375 2226 1516 2275; x_wconf 85' lang='lat' dir='ltr'>vinae</span> <span class='ocrx_word' id='word_1_421' title='bbox 1557 2224 1812 2284; x_wconf 82' lang='lat' dir='ltr'>veritatiS,</span> <span class='ocrx_word' id='word_1_422' title='bbox 1852 2237 1914 2275; x_wconf 92' lang='lat' dir='ltr'>ut</span> <span class='ocrx_word' id='word_1_423' title='bbox 1953 2241 2050 2275; x_wconf 87' lang='lat' dir='ltr'>vos</span> <span class='ocrx_word' id='word_1_424' title='bbox 2088 2225 2225 2274; x_wconf 91' lang='lat' dir='ltr'>mihi</span> <span class='ocrx_word' id='word_1_425' title='bbox 2264 2225 2451 2290; x_wconf 91' lang='lat' dir='ltr'>impo-</span> 
     </span>
     <span class='ocr_line' id='line_1_79' title="bbox 1380 2297 2446 2363; baseline 0.001 -16"><span class='ocrx_word' id='word_1_426' title='bbox 1380 2297 1540 2358; x_wconf 88' lang='lat' dir='ltr'>nitis;</span> <span class='ocrx_word' id='word_1_427' title='bbox 1595 2297 1780 2363; x_wconf 84' lang='lat' dir='ltr'>gloria</span> <span class='ocrx_word' id='word_1_428' title='bbox 1838 2301 1979 2360; x_wconf 72' lang='lat' dir='ltr'>mea,</span> <span class='ocrx_word' id='word_1_429' title='bbox 2043 2313 2207 2363; x_wconf 88' lang='lat' dir='ltr'>quam</span> <span class='ocrx_word' id='word_1_430' title='bbox 2263 2297 2446 2348; x_wconf 88' lang='lat' dir='ltr'>dicitis</span> 
     </span>
     <span class='ocr_line' id='line_1_80' title="bbox 1381 2366 2452 2433; baseline -0.001 -16"><span class='ocrx_word' id='word_1_431' title='bbox 1381 2383 1574 2428; x_wconf 88' lang='lat' dir='ltr'>meam,</span> <span class='ocrx_word' id='word_1_432' title='bbox 1604 2366 1737 2417; x_wconf 84' lang='lat' dir='ltr'>nihil</span> <span class='ocrx_word' id='word_1_433' title='bbox 1771 2372 1852 2416; x_wconf 83' lang='lat' dir='ltr'>est</span> <span class='ocrx_word' id='word_1_434' title='bbox 1890 2378 1942 2417; x_wconf 92' lang='lat' dir='ltr'>et</span> <span class='ocrx_word' id='word_1_435' title='bbox 1983 2367 2131 2425; x_wconf 84' lang='lat' dir='ltr'>falsa,</span> <span class='ocrx_word' id='word_1_436' title='bbox 2174 2366 2304 2433; x_wconf 91' lang='lat' dir='ltr'>quia</span> <span class='ocrx_word' id='word_1_437' title='bbox 2346 2366 2452 2417; x_wconf 86' lang='lat' dir='ltr'>fal-</span> 
     </span>
     <span class='ocr_line' id='line_1_81' title="bbox 1378 2438 2452 2500; baseline 0 -9"><span class='ocrx_word' id='word_1_438' title='bbox 1378 2457 1499 2492; x_wconf 90' lang='lat' dir='ltr'>sum</span> <span class='ocrx_word' id='word_1_439' title='bbox 1540 2448 1620 2490; x_wconf 90' lang='lat' dir='ltr'>est</span> <span class='ocrx_word' id='word_1_440' title='bbox 1657 2455 1766 2489; x_wconf 89' lang='lat' dir='ltr'>non</span> <span class='ocrx_word' id='word_1_441' title='bbox 1807 2454 1923 2500; x_wconf 80' lang='lat' dir='ltr'>enS,</span> <span class='ocrx_word' id='word_1_442' title='bbox 1965 2449 2018 2490; x_wconf 91' lang='lat' dir='ltr'>et</span> <span class='ocrx_word' id='word_1_443' title='bbox 2059 2439 2215 2489; x_wconf 88' lang='lat' dir='ltr'>nihil.</span> <span class='ocrx_word' id='word_1_444' title='bbox 2265 2438 2452 2491; x_wconf 88' lang='lat' dir='ltr'>Gloria</span> 
     </span>
     <span class='ocr_line' id='line_1_82' title="bbox 1377 2510 2450 2578; baseline -0.001 -15"><span class='ocrx_word' id='word_1_445' title='bbox 1377 2512 1569 2563; x_wconf 89' lang='lat' dir='ltr'>mundi</span> <span class='ocrx_word' id='word_1_446' title='bbox 1621 2510 1761 2561; x_wconf 88' lang='lat' dir='ltr'>nihil</span> <span class='ocrx_word' id='word_1_447' title='bbox 1807 2522 1918 2572; x_wconf 89' lang='lat' dir='ltr'>est,</span> <span class='ocrx_word' id='word_1_448' title='bbox 1962 2510 2089 2578; x_wconf 88' lang='lat' dir='ltr'>quia</span> <span class='ocrx_word' id='word_1_449' title='bbox 2136 2520 2216 2561; x_wconf 90' lang='lat' dir='ltr'>est</span> <span class='ocrx_word' id='word_1_450' title='bbox 2262 2510 2450 2562; x_wconf 84' lang='lat' dir='ltr'>fumus</span> 
     </span>
     <span class='ocr_line' id='line_1_83' title="bbox 1376 2581 2445 2643; baseline -0.004 -9"><span class='ocrx_word' id='word_1_451' title='bbox 1376 2583 1665 2643; x_wconf 91' lang='lat' dir='ltr'>transiens,</span> <span class='ocrx_word' id='word_1_452' title='bbox 1704 2591 1754 2631; x_wconf 91' lang='lat' dir='ltr'>et</span> <span class='ocrx_word' id='word_1_453' title='bbox 1794 2590 1987 2632; x_wconf 89' lang='lat' dir='ltr'>ventus</span> <span class='ocrx_word' id='word_1_454' title='bbox 2032 2591 2267 2642; x_wconf 91' lang='lat' dir='ltr'>tumens,</span> <span class='ocrx_word' id='word_1_455' title='bbox 2297 2590 2350 2631; x_wconf 91' lang='lat' dir='ltr'>et</span> <span class='ocrx_word' id='word_1_456' title='bbox 2377 2581 2445 2631; x_wconf 89' lang='lat' dir='ltr'>ad</span> 
     </span>
     <span class='ocr_line' id='line_1_84' title="bbox 1377 2653 2445 2721; baseline -0.004 -15"><span class='ocrx_word' id='word_1_457' title='bbox 1377 2656 1515 2706; x_wconf 89' lang='lat' dir='ltr'>nihil</span> <span class='ocrx_word' id='word_1_458' title='bbox 1553 2656 1720 2721; x_wconf 88' lang='lat' dir='ltr'>culpae</span> <span class='ocrx_word' id='word_1_459' title='bbox 1761 2664 1812 2704; x_wconf 92' lang='lat' dir='ltr'>et</span> <span class='ocrx_word' id='word_1_460' title='bbox 1853 2656 1917 2704; x_wconf 89' lang='lat' dir='ltr'>ad</span> <span class='ocrx_word' id='word_1_461' title='bbox 1960 2653 2231 2704; x_wconf 87' lang='lat' dir='ltr'>infernum</span> <span class='ocrx_word' id='word_1_462' title='bbox 2269 2653 2445 2703; x_wconf 91' lang='lat' dir='ltr'>dedu-</span> 
     </span>
     <span class='ocr_line' id='line_1_85' title="bbox 1378 2723 2447 2791; baseline -0.002 -14"><span class='ocrx_word' id='word_1_463' title='bbox 1378 2742 1523 2777; x_wconf 79' lang='lat' dir='ltr'>cens,</span> <span class='ocrx_word' id='word_1_464' title='bbox 1554 2726 1654 2776; x_wconf 88' lang='lat' dir='ltr'>Sed</span> <span class='ocrx_word' id='word_1_465' title='bbox 1688 2725 1857 2791; x_wconf 89' lang='lat' dir='ltr'>gloria</span> <span class='ocrx_word' id='word_1_466' title='bbox 1885 2739 2003 2774; x_wconf 88' lang='lat' dir='ltr'>mea</span> <span class='ocrx_word' id='word_1_467' title='bbox 2032 2735 2112 2774; x_wconf 89' lang='lat' dir='ltr'>est</span> <span class='ocrx_word' id='word_1_468' title='bbox 2140 2739 2170 2774; x_wconf 88' lang='lat' dir='ltr'>a</span> <span class='ocrx_word' id='word_1_469' title='bbox 2198 2725 2310 2774; x_wconf 93' lang='lat' dir='ltr'>Deo</span> <span class='ocrx_word' id='word_1_470' title='bbox 2347 2723 2447 2775; x_wconf 81' lang='lat' dir='ltr'>Pa-</span> 
     </span>
     <span class='ocr_line' id='line_1_86' title="bbox 1376 2798 2447 2865; baseline -0.002 -15"><span class='ocrx_word' id='word_1_471' title='bbox 1376 2812 1460 2850; x_wconf 83' lang='lat' dir='ltr'>tre</span> <span class='ocrx_word' id='word_1_472' title='bbox 1514 2815 1543 2849; x_wconf 88' lang='lat' dir='ltr'>a</span> <span class='ocrx_word' id='word_1_473' title='bbox 1597 2815 1706 2865; x_wconf 92' lang='lat' dir='ltr'>quo</span> <span class='ocrx_word' id='word_1_474' title='bbox 1763 2798 1975 2848; x_wconf 91' lang='lat' dir='ltr'>nullum</span> <span class='ocrx_word' id='word_1_475' title='bbox 2024 2798 2220 2848; x_wconf 89' lang='lat' dir='ltr'>falsum</span> <span class='ocrx_word' id='word_1_476' title='bbox 2272 2805 2447 2862; x_wconf 88' lang='lat' dir='ltr'>potest</span> 
     </span>
     <span class='ocr_line' id='line_1_87' title="bbox 1380 2867 2445 2921; baseline -0.003 -1"><span class='ocrx_word' id='word_1_477' title='bbox 1380 2886 1497 2921; x_wconf 91' lang='lat' dir='ltr'>esse</span> <span class='ocrx_word' id='word_1_478' title='bbox 1537 2886 1549 2919; x_wconf 74' lang='grc' dir='ltr'>ε</span> <span class='ocrx_word' id='word_1_479' title='bbox 1592 2870 1699 2919; x_wconf 82' lang='lat' dir='ltr'>Est</span> <span class='ocrx_word' id='word_1_480' title='bbox 1731 2869 1868 2918; x_wconf 85' lang='lat' dir='ltr'>enim</span> <span class='ocrx_word' id='word_1_481' title='bbox 1908 2869 2084 2918; x_wconf 82' lang='lat' dir='ltr'>Pater</span> <span class='ocrx_word' id='word_1_482' title='bbox 2122 2882 2270 2918; x_wconf 86' lang='lat' dir='ltr'>meus</span> <span class='ocrx_word' id='word_1_483' title='bbox 2311 2867 2445 2917; x_wconf 90' lang='lat' dir='ltr'>sub-</span> 
     </span>
     <span class='ocr_line' id='line_1_88' title="bbox 1380 2940 2448 3007; baseline -0.003 -14"><span class='ocrx_word' id='word_1_484' title='bbox 1380 2940 1658 3001; x_wconf 89' lang='lat' dir='ltr'>stantialis,</span> <span class='ocrx_word' id='word_1_485' title='bbox 1686 2941 1777 3006; x_wconf 83' lang='lat' dir='ltr'>qui</span> <span class='ocrx_word' id='word_1_486' title='bbox 1808 2940 2086 3007; x_wconf 73' lang='lat' dir='ltr'>glorificat</span> <span class='ocrx_word' id='word_1_487' title='bbox 2112 2955 2192 2991; x_wconf 87' lang='lat' dir='ltr'>me</span> <span class='ocrx_word' id='word_1_488' title='bbox 2232 2955 2360 2990; x_wconf 91' lang='lat' dir='ltr'>voce</span> <span class='ocrx_word' id='word_1_489' title='bbox 2393 2949 2448 2990; x_wconf 88' lang='lat' dir='ltr'>et</span> 
     </span>
     <span class='ocr_line' id='line_1_89' title="bbox 1382 3011 2446 3080; baseline -0.003 -17"><span class='ocrx_word' id='word_1_490' title='bbox 1382 3030 1476 3080; x_wconf 89' lang='lat' dir='ltr'>per</span> <span class='ocrx_word' id='word_1_491' title='bbox 1521 3012 1902 3062; x_wconf 87' lang='lat' dir='ltr'>miraculorum</span> <span class='ocrx_word' id='word_1_492' title='bbox 1944 3011 2342 3076; x_wconf 90' lang='lat' dir='ltr'>operationem,</span> <span class='ocrx_word' id='word_1_493' title='bbox 2391 3020 2446 3061; x_wconf 90' lang='lat' dir='ltr'>et</span> 
     </span>
     <span class='ocr_line' id='line_1_90' title="bbox 1383 3082 2446 3153; baseline -0.004 -17"><span class='ocrx_word' id='word_1_494' title='bbox 1383 3097 1566 3153; x_wconf 91' lang='lat' dir='ltr'>postea</span> <span class='ocrx_word' id='word_1_495' title='bbox 1604 3082 1921 3149; x_wconf 85' lang='lat' dir='ltr'>glorificabit</span> <span class='ocrx_word' id='word_1_496' title='bbox 1962 3098 2056 3148; x_wconf 90' lang='lat' dir='ltr'>per</span> <span class='ocrx_word' id='word_1_497' title='bbox 2092 3082 2446 3133; x_wconf 89' lang='lat' dir='ltr'>resurrectio·-</span> 
     </span>
     <span class='ocr_line' id='line_1_91' title="bbox 1382 3153 2446 3218; baseline -0.006 -11"><span class='ocrx_word' id='word_1_498' title='bbox 1382 3157 1467 3207; x_wconf 88' lang='lat' dir='ltr'>nis</span> <span class='ocrx_word' id='word_1_499' title='bbox 1516 3165 1566 3205; x_wconf 89' lang='lat' dir='ltr'>et</span> <span class='ocrx_word' id='word_1_500' title='bbox 1623 3153 1952 3204; x_wconf 89' lang='lat' dir='ltr'>ascensionis</span> <span class='ocrx_word' id='word_1_501' title='bbox 1999 3153 2246 3218; x_wconf 86' lang='lat' dir='ltr'>gloriam,</span> <span class='ocrx_word' id='word_1_502' title='bbox 2295 3166 2446 3218; x_wconf 87' lang='lat' dir='ltr'>quem</span> 
     </span>
     <span class='ocr_line' id='line_1_92' title="bbox 1381 3226 2444 3287; baseline -0.008 -6"><span class='ocrx_word' id='word_1_503' title='bbox 1381 3244 1476 3281; x_wconf 80' lang='lat' dir='ltr'>vos</span> <span class='ocrx_word' id='word_1_504' title='bbox 1516 3227 1697 3279; x_wconf 80' lang='lat' dir='ltr'>dicitis</span> <span class='ocrx_word' id='word_1_505' title='bbox 1725 3243 1741 3277; x_wconf 93' lang='grc'>.·</span> <span class='ocrx_word' id='word_1_506' title='bbox 1773 3226 1916 3286; x_wconf 85' lang='lat' dir='ltr'>Quia</span> <span class='ocrx_word' id='word_1_507' title='bbox 1956 3228 2106 3276; x_wconf 85' lang='lat' dir='ltr'>Deus</span> <span class='ocrx_word' id='word_1_508' title='bbox 2138 3233 2319 3278; x_wconf 80' lang='lat' dir='ltr'>noster</span> <span class='ocrx_word' id='word_1_509' title='bbox 2345 3230 2444 3287; x_wconf 84' lang='lat' dir='ltr'>est,</span> 
     </span>
     <span class='ocr_line' id='line_1_93' title="bbox 1383 3293 2446 3366; baseline -0.008 -16"><span class='ocrx_word' id='word_1_510' title='bbox 1383 3315 1475 3366; x_wconf 93' lang='lat' dir='ltr'>per</span> <span class='ocrx_word' id='word_1_511' title='bbox 1515 3312 1740 3363; x_wconf 88' lang='lat' dir='ltr'>operum</span> <span class='ocrx_word' id='word_1_512' title='bbox 1783 3296 2166 3359; x_wconf 88' lang='lat' dir='ltr'>imitationem;</span> <span class='ocrx_word' id='word_1_513' title='bbox 2209 3294 2300 3345; x_wconf 92' lang='lat' dir='ltr'>sed</span> <span class='ocrx_word' id='word_1_514' title='bbox 2341 3293 2446 3343; x_wconf 89' lang='lat' dir='ltr'>hoc</span> 
     </span>
     <span class='ocr_line' id='line_1_94' title="bbox 1381 3366 2447 3434; baseline -0.007 -13"><span class='ocrx_word' id='word_1_515' title='bbox 1381 3381 1462 3421; x_wconf 90' lang='lat' dir='ltr'>est</span> <span class='ocrx_word' id='word_1_516' title='bbox 1506 3369 1721 3428; x_wconf 86' lang='lat' dir='ltr'>falsum,</span> <span class='ocrx_word' id='word_1_517' title='bbox 1754 3368 1900 3434; x_wconf 92' lang='lat' dir='ltr'>quod</span> <span class='ocrx_word' id='word_1_518' title='bbox 1944 3369 2153 3433; x_wconf 88' lang='lat' dir='ltr'>probat,</span> <span class='ocrx_word' id='word_1_519' title='bbox 2204 3366 2388 3415; x_wconf 89' lang='lat' dir='ltr'>dicens</span> <span class='ocrx_word' id='word_1_520' title='bbox 2432 3380 2447 3415; x_wconf 76' lang='lat' dir='ltr'><strong><em>z</em></strong></span> 
     </span>
     <span class='ocr_line' id='line_1_95' title="bbox 1381 3437 2451 3505; baseline -0.006 -14"><span class='ocrx_word' id='word_1_521' title='bbox 1381 3443 1459 3492; x_wconf 87' lang='lat' dir='ltr'>Et</span> <span class='ocrx_word' id='word_1_522' title='bbox 1480 3455 1581 3491; x_wconf 84' lang='lat' dir='ltr'>non</span> <span class='ocrx_word' id='word_1_523' title='bbox 1607 3440 1938 3505; x_wconf 82' lang='lat' dir='ltr'>cognovistis</span> <span class='ocrx_word' id='word_1_524' title='bbox 1966 3454 2102 3500; x_wconf 87' lang='lat' dir='ltr'>eum,</span> <span class='ocrx_word' id='word_1_525' title='bbox 2126 3437 2326 3487; x_wconf 90' lang='lat' dir='ltr'>scilicet</span> <span class='ocrx_word' id='word_1_526' title='bbox 2355 3450 2451 3502; x_wconf 90' lang='lat' dir='ltr'>per</span> 
     </span>
     <span class='ocr_line' id='line_1_96' title="bbox 1381 3508 2453 3576; baseline -0.005 -12"><span class='ocrx_word' id='word_1_527' title='bbox 1381 3513 1543 3564; x_wconf 90' lang='lat' dir='ltr'>fidem</span> <span class='ocrx_word' id='word_1_528' title='bbox 1595 3512 1897 3570; x_wconf 87' lang='lat' dir='ltr'>formatam,</span> <span class='ocrx_word' id='word_1_529' title='bbox 1942 3512 1999 3560; x_wconf 91' lang='lat' dir='ltr'>in</span> <span class='ocrx_word' id='word_1_530' title='bbox 2047 3525 2152 3576; x_wconf 91' lang='lat' dir='ltr'>qua</span> <span class='ocrx_word' id='word_1_531' title='bbox 2203 3508 2453 3559; x_wconf 88' lang='lat' dir='ltr'>consistit</span> 
     </span>
     <span class='ocr_line' id='line_1_97' title="bbox 1381 3578 2451 3649; baseline -0.007 -14"><span class='ocrx_word' id='word_1_532' title='bbox 1381 3584 1477 3635; x_wconf 91' lang='lat' dir='ltr'>Dei</span> <span class='ocrx_word' id='word_1_533' title='bbox 1534 3582 1722 3633; x_wconf 88' lang='lat' dir='ltr'>filiatio</span> <span class='ocrx_word' id='word_1_534' title='bbox 1788 3597 1881 3649; x_wconf 92' lang='lat' dir='ltr'>per</span> <span class='ocrx_word' id='word_1_535' title='bbox 1936 3580 2304 3645; x_wconf 87' lang='lat' dir='ltr'>adoptionem.</span> <span class='ocrx_word' id='word_1_536' title='bbox 2377 3578 2451 3629; x_wconf 88' lang='lat' dir='ltr'>Et</span> 
     </span>
     <span class='ocr_line' id='line_1_98' title="bbox 1382 3648 2449 3722; baseline -0.005 -18"><span class='ocrx_word' id='word_1_537' title='bbox 1382 3654 1508 3722; x_wconf 85' lang='lat' dir='ltr'>quia</span> <span class='ocrx_word' id='word_1_538' title='bbox 1549 3653 1782 3704; x_wconf 90' lang='lat' dir='ltr'>dicentes</span> <span class='ocrx_word' id='word_1_539' title='bbox 1815 3669 1827 3702; x_wconf 71' lang='grc' dir='ltr'>ς</span> <span class='ocrx_word' id='word_1_540' title='bbox 1861 3650 2137 3715; x_wconf 82' lang='lat' dir='ltr'>Numquid</span> <span class='ocrx_word' id='word_1_541' title='bbox 2178 3656 2236 3699; x_wconf 85' lang='lat' dir='ltr'>tu</span> <span class='ocrx_word' id='word_1_542' title='bbox 2272 3648 2449 3710; x_wconf 80' lang='lat' dir='ltr'>maior</span> 
     </span>
     <span class='ocr_line' id='line_1_99' title="bbox 1380 3721 2443 3792; baseline -0.006 -15"><span class='ocrx_word' id='word_1_543' title='bbox 1380 3741 1439 3777; x_wconf 82' lang='lat' dir='ltr'>es</span> <span class='ocrx_word' id='word_1_544' title='bbox 1457 3732 1621 3792; x_wconf 79' lang='lat' dir='ltr'>patre</span> <span class='ocrx_word' id='word_1_545' title='bbox 1660 3731 1843 3775; x_wconf 81' lang='lat' dir='ltr'>nostro</span> <span class='ocrx_word' id='word_1_546' title='bbox 1873 3721 2192 3773; x_wconf 76' lang='lat' dir='ltr'>Abraham?</span> <span class='ocrx_word' id='word_1_547' title='bbox 2220 3729 2443 3786; x_wconf 89' lang='lat' dir='ltr'>reputa-</span> 
     </span>
     <span class='ocr_line' id='line_1_100' title="bbox 1380 3791 2447 3854; baseline -0.007 -6"><span class='ocrx_word' id='word_1_548' title='bbox 1380 3798 1510 3848; x_wconf 95' lang='lat' dir='ltr'>bant</span> <span class='ocrx_word' id='word_1_549' title='bbox 1554 3795 1850 3846; x_wconf 87' lang='lat' dir='ltr'>Dominum</span> <span class='ocrx_word' id='word_1_550' title='bbox 1892 3808 1954 3843; x_wconf 90' lang='lat' dir='ltr'>eo</span> <span class='ocrx_word' id='word_1_551' title='bbox 1995 3793 2284 3854; x_wconf 88' lang='lat' dir='ltr'>minorem,</span> <span class='ocrx_word' id='word_1_552' title='bbox 2324 3791 2447 3842; x_wconf 89' lang='lat' dir='ltr'>ideo</span> 
     </span>
     <span class='ocr_line' id='line_1_101' title="bbox 1381 3864 2446 3929; baseline -0.006 -9"><span class='ocrx_word' id='word_1_553' title='bbox 1381 3869 1615 3920; x_wconf 90' lang='lat' dir='ltr'>ostendit</span> <span class='ocrx_word' id='word_1_554' title='bbox 1675 3883 1732 3917; x_wconf 90' lang='lat' dir='ltr'>se</span> <span class='ocrx_word' id='word_1_555' title='bbox 1784 3879 1900 3915; x_wconf 89' lang='lat' dir='ltr'>esse</span> <span class='ocrx_word' id='word_1_556' title='bbox 1962 3864 2220 3928; x_wconf 90' lang='lat' dir='ltr'>majorem</span> <span class='ocrx_word' id='word_1_557' title='bbox 2279 3879 2446 3929; x_wconf 91' lang='lat' dir='ltr'>quam</span> 
     </span>
     <span class='ocr_line' id='line_1_102' title="bbox 1381 3937 2443 4005; baseline -0.006 -12"><span class='ocrx_word' id='word_1_558' title='bbox 1381 3942 1681 4001; x_wconf 89' lang='lat' dir='ltr'>Abraham,</span> <span class='ocrx_word' id='word_1_559' title='bbox 1742 3937 1870 4005; x_wconf 91' lang='lat' dir='ltr'>quia</span> <span class='ocrx_word' id='word_1_560' title='bbox 1921 3937 2195 3987; x_wconf 84' lang='lat' dir='ltr'>Abraham</span> <span class='ocrx_word' id='word_1_561' title='bbox 2241 3938 2308 3988; x_wconf 88' lang='lat' dir='ltr'>ab</span> <span class='ocrx_word' id='word_1_562' title='bbox 2359 3953 2443 4000; x_wconf 80' lang='lat' dir='ltr'>ec,</span> 
     </span>
    </p>
   </div>
  </div>
 </body>
</html>
