2757 4413
511 314 608 388 DE
648 311 1045 364 PROBATICA
1077 307 1349 359 PISCINA
1378 307 1472 359 ET
1507 310 1975 362 PARALYTICO.

155 435 360 487 titudine
387 442 716 483 vocatorum.
759 430 868 490 Qui
915 430 1191 493 languerat

158 509 331 574 surgit,
359 521 425 556 ac
450 506 733 572 grabatum
776 503 918 554 domi
951 505 1192 566 reportat

154 583 454 643 etambulat‚
488 595 609 629 cum
633 578 811 628 anima
841 593 871 627 a
898 575 1047 626 vitiis
1077 589 1193 624 sur-

155 668 281 718 gens,
308 661 357 701 et
384 666 414 699 a
453 661 666 715 torpore
694 664 751 698 ac
778 661 936 714 prava
963 659 1192 694 consue-

159 721 318 772 tudine
354 736 410 770 se
462 720 690 784 erigens,
733 725 1069 783 peccatorum
1100 729 1189 763 re·-

160 792 386 843 missione
415 802 594 840 curata
622 805 679 839 se
706 789 772 838 ad
814 788 1079 837 internam
1108 785 1192 835 sui

155 863 424 913 custodiam
454 875 575 911 cum
607 860 723 925 ipso
752 871 974 923 corpore
1014 855 1191 913 refert,

160 949 213 983 ne
237 933 356 998 quid
396 933 594 982 iterum
637 930 782 979 unde
828 928 1048 978 feriatur
1092 926 1191 975 ad·-

162 1003 324 1065 mittat,
374 1017 433 1051 ac
488 1001 554 1049 de
596 999 791 1049 virtute
841 999 899 1048 in
941 997 1194 1047 virtutem

162 1074 425 1128 ambulans,
458 1082 510 1122 et
547 1072 604 1121 in
647 1071 791 1120 bono
828 1084 986 1135 opere
1029 1067 1195 1133 profi-

155 1143 295 1203 ciens,
325 1158 501 1208 usque
529 1143 594 1191 ad
619 1140 889 1192 visionem
909 1139 1006 1189 Dei
1039 1137 1194 1188 festi-

161 1223 246 1264 nat.

210 1301 236 1350 7
259 1287 568 1335 laenam-rto
599 1284 898 1333 JunAEonuu
938 1298 1005 1332 AD
1047 1297 1199 1330 mna-

159 1373 369 1420 ιπιουκ,
422 1373 552 1416 Quia
600 1371 885 1405 cunam-uu
926 1368 1200 1404 ‘rotman-

161 1442 202 1475 m
255 1443 333 1476 nri-3
412 1441 651 1476 sanun.
701 1452 763 1462 —
819 1424 964 1474 Erat
1024 1429 1199 1473 autem

158 1497 400 1548 sabbatum
447 1497 506 1547 in
562 1496 648 1546 die
694 1495 806 1558 illo,
856 1495 1071 1561 quando
1115 1494 1203 1544 fie-

160 1567 261 1617 bant
296 1569 408 1628 ista,
458 1567 521 1617 in
563 1582 672 1632 quo
721 1581 832 1615 non
865 1575 946 1615 est
988 1564 1200 1614 licitum

160 1654 289 1704 opera
329 1638 504 1688 facere
543 1637 773 1688 servilia.
815 1637 1077 1686 Dicebant
1111 1651 1201 1685 er—

160 1724 218 1774 go
268 1710 448 1760 Judaei
517 1708 600 1758 illi
652 1709 744 1773 qui
797 1712 1023 1758 sanatus
1066 1706 1203 1771 sue-

160 1785 230 1829 rat
251 1799 267 1831 .-
291 1781 583 1831 Sabbatum
632 1785 729 1843 est,
774 1779 829 1828 id
867 1786 948 1828 est
977 1777 1092 1827 dies
1125 1778 1205 1828 fe-

161 1849 309 1912 riatus,
352 1867 452 1903 non
506 1852 626 1901 licet
667 1850 778 1913 tibi,
808 1858 1023 1916 propter
1046 1848 1205 1914 Legis

166 1922 581 1984 prohibitionem,
656 1922 842 1973 tollere
912 1921 1200 1987 grabatum

168 1999 300 2047 tuum.
342 1996 512 2056 Quasi
560 1996 794 2046 dicerent
838 2011 851 2044 :
897 1995 957 2044 Si
1006 1993 1205 2044 sanitas

162 2079 246 2114 non
288 2078 392 2117 erat
462 2067 773 2126 differenda,
833 2065 1100 2132 numquid
1152 2075 1204 2114 et

162 2138 448 2202 opusfffuerat
472 2137 885 2205 imperandum?
909 2137 997 2188 Sic
1021 2137 1205 2187 dicunt

163 2211 262 2261 mali
305 2211 645 2264 consiliarii:
677 2211 895 2261 Festum
948 2219 1047 2267 est,
1093 2226 1202 2260 non

162 2279 256 2330 licet
279 2282 370 2331 tibi
414 2283 672 2348 jejunare,
704 2291 796 2331 aut
825 2279 1202 2346 poenitentiam

164 2348 318 2403 facere.
368 2354 462 2403 Isti
521 2352 716 2402 falsum
766 2352 1030 2411 dicebant,
1077 2350 1204 2416 quia

163 2436 290 2485 opera
315 2423 615 2489 corporalia
657 2438 777 2488 quae
811 2422 876 2472 ad
919 2423 1122 2472 cultum
1154 2430 1204 2471 et

164 2489 386 2543 honorem
416 2493 517 2543 Dei
552 2503 694 2552 sunt,
725 2492 781 2542 in
809 2492 1030 2542 sabbato
1061 2491 1204 2542 licite

163 2561 250 2614 fieri
281 2575 542 2631 possunt;
577 2565 714 2614 sicut
751 2566 1048 2614 sacerdotes
1083 2579 1202 2613 cor-

165 2638 379 2698 poraliter
424 2638 789 2704 operabantur
855 2637 909 2687 in
979 2638 1201 2702 temp10‚

164 2704 310 2770 ipsum
360 2709 628 2774 templum
679 2709 940 2770 ornand0‚
998 2707 1202 2757 hostias

165 2778 351 2831 lavando
383 2793 436 2833 et
475 2781 829 2844 immoland0‚
853 2790 912 2831 et
937 2780 1202 2830 consimi-

164 2846 219 2897 lia
239 2849 489 2903 faciendo.
521 2851 781 2901 Similiter
804 2850 1034 2916 portatio
1054 2850 1203 2900 illius

159 2923 334 2985 grabati
372 2934 488 2975 erat
528 2924 593 2974 ad
624 2923 1077 2989 magnificentiam
1112 2923 1203 2972 di-

165 2990 251 3040 vini
297 2994 571 3055 miraculi;
628 2994 769 3044 sicut
813 3003 866 3043 et
907 2994 1069 3042 modo
1122 2992 1201 3042 illi

163 3062 239 3124 qui
269 3064 330 3114 de
370 3064 673 3115 carceribus
702 3074 753 3114 et
781 3062 1093 3128 hujusmodi
1131 3062 1203 3112 li—

166 3129 403 3196 berantur,
472 3145 686 3199 portant
742 3134 1025 3199 compedes
1078 3149 1205 3184 suos

166 3203 346 3265 publice
372 3207 437 3255 ad
471 3204 960 3255 manifestationem
993 3220 1103 3255 suae
1134 3205 1204 3255 li·

169 3272 429 3327 berationis
481 3277 833 3327 miraculosae.
876 3277 978 3327 Sed
1025 3286 1204 3327 tamen

165 3344 291 3397 aliter
328 3365 384 3399 se
430 3359 643 3399 excusat
687 3349 786 3399 iste
821 3359 1055 3413 sanatus,
1083 3348 1209 3415 quia

166 3415 417 3473 Auctorem
449 3422 688 3473 sanitatis
711 3437 821 3473 suae
844 3421 1106 3487 objiciens
1128 3438 1212 3473 ca-

167 3484 531 3543 lumniantibus
549 3504 600 3543 et
611 3493 895 3543 Auctorem
913 3493 1209 3543 Dominicae

168 3553 301 3623 Legis
325 3563 674 3627 praetendens,
704 3563 981 3629 respondit
1000 3563 1099 3624 eir,
1130 3563 1213 3613 ai-

167 3640 309 3681 oens:
339 3634 445 3694 Qui
482 3650 563 3685 me
602 3649 787 3686 sanum
814 3634 972 3699 fecit,
1018 3645 1070 3684 et
1117 3650 1212 3699 per

167 3694 254 3749 hoc
295 3716 349 3752 se
405 3704 645 3755 divinam
707 3706 962 3756 virtutem
1014 3704 1211 3757 habere

171 3772 393 3849 Qoendit,
438 3775 546 3839 ille,
595 3786 755 3827 tantae
778 3774 1113 3825 auctoritatis
1161 3786 1212 3827 et

169 3845 375 3905 virtutis,
396 3849 525 3899 mihi
541 3850 686 3900 dixit
709 3866 727 3900 .·
754 3848 909 3899 Tolle
925 3847 1213 3915 grabatum

172 3914 295 3966 tuum
327 3923 380 3969 et
422 3920 653 3994 ambula,
696 3929 751 3972 et
782 3918 910 3988 huic
950 3918 1211 3973 obedien-

1296 426 1428 476 dum
1449 426 1569 477 fuit.
1593 427 1756 488 Quasi
1782 427 1978 478 diceret
2004 445 2017 477 ε
2044 429 2136 478 llle
2163 429 2258 495 qui
2281 447 2369 482 me

1294 499 1477 549 divina
1500 499 1696 549 virtute
1721 499 1941 559 sanavit,
1961 500 2147 550 eadem
2172 501 2372 554 virtute

1296 581 1347 620 et
1374 570 1683 620 auctoritate
1717 570 1854 619 mihi
1885 571 2156 636 praecepit,
2190 582 2241 623 et
2279 589 2374 639 per

1295 657 1630 706 consequens
1677 641 1800 701 sibi,
1835 641 1928 706 qui
1976 652 2157 691 tantus
2203 654 2285 693 est
2320 655 2375 696 et

1296 711 1615 762 beneficium
1641 711 1778 761 mihi
1823 712 1925 762 tale
1959 712 2203 773 contulit,
2235 715 2369 765 obe-

1298 784 1413 833 dire
1447 794 1649 844 teneor,
1683 799 1777 833 nec
1819 799 1940 833 sum
1991 795 2368 850 transgressor,

1300 855 1476 914 Quare
1504 853 1650 904 enim
1695 870 1805 904 non
1837 854 2129 919 acciperem
2173 856 2371 920 jussio-

1301 942 1427 975 nem
1472 941 1504 975 a
1539 940 1647 990 quo
1692 940 1997 990 acceperam
2048 926 2371 979 sanitatem?

1302 1001 1421 1049 Non
1485 998 1624 1047 cedit
1688 997 2019 1058 adversariiS,
2076 1015 2172 1049 nec
2222 1000 2374 1052 timet

1301 1070 1587 1138 praedicare
1629 1085 1754 1120 eum
1806 1070 1899 1134 qui
1950 1070 2132 1136 ipsum
2176 1087 2371 1123 sanum

1300 1140 1440 1192 fecit.
1465 1140 1568 1189 Sed
1593 1139 1734 1204 quiS,
1765 1140 1850 1189 vel
1870 1139 1964 1189 ubi
1996 1150 2075 1190 est
2103 1141 2197 1207 qui
2228 1159 2374 1193 nunc

1302 1222 1484 1264 contra
1545 1211 1801 1261 saevitiam
1877 1211 2204 1277 principum,
2286 1216 2370 1266 vel

1303 1285 1561 1334 damnum
1613 1280 1890 1347 proprium
1934 1297 2059 1331 eum
2090 1284 2376 1347 praedicet?

1306 1357 1369 1406 Et
1399 1354 1527 1420 quia
1552 1362 1795 1403 curatum
1821 1352 2118 1414 hominem,
2148 1355 2242 1419 qui
2283 1373 2378 1422 per

1303 1435 1578 1475 curantem
1604 1439 1661 1473 se
1679 1422 2056 1473 convenienter
2077 1427 2377 1485 excusabat,

1303 1496 1616 1548 calumniari
1635 1512 1744 1546 non
1769 1505 2027 1561 poterant,
2059 1495 2197 1557 ide0,
2229 1498 2382 1548 Chri-

1306 1578 1451 1618 stum
1481 1578 1755 1617 curantem
1783 1566 2095 1616 calumniari
2129 1568 2381 1633 nitentes,

1304 1638 1613 1705 quaerebant
1641 1637 1706 1686 de
1736 1651 1817 1696 e0,
1855 1653 1964 1685 non
1985 1636 2206 1702 quidem
2241 1638 2382 1688 bona

1306 1708 1603 1759 intentione
1642 1718 1702 1757 ut
1750 1706 2080 1773 proficerent,
2120 1709 2213 1758 sed
2259 1725 2383 1761 ma-

1305 1782 1452 1848 ligno
1480 1780 1683 1841 anim0,
1714 1791 1775 1829 ut
1803 1779 2099 1845 perderent.

1370 1851 1404 1901 8
1452 1852 1681 1901 Irsonuu
1735 1865 2132 1900 INTERROGATIO
2179 1868 2247 1901 AB
2296 1867 2381 1903 m·-

1307 1937 1450 1972 vmm
1481 1936 1797 1988 puocanans.
1834 1948 1894 1957 —
1926 1920 1997 1970 Et
2027 1920 2162 1970 hanc
2194 1937 2380 1972 eorum

1309 1991 1571 2042 malitiam
1636 1992 1883 2057 ipsorum
1933 1992 2093 2042 verba
2144 1993 2381 2044 *manife-

1309 2075 1483 2130 stant;
1510 2081 1636 2114 cum
1669 2064 1817 2114 enim
1847 2065 2114 2115 Dominus
2143 2077 2194 2116 et
2221 2082 2382 2118 sana-

1308 2137 1443 2189 verit
1494 2137 1832 2202 languidum,
1893 2146 1944 2186 et
1993 2137 2108 2186 tolli
2169 2138 2383 2203 jusserit

1309 2210 1624 2275 grabatum;
1655 2208 1895 2273 primum
1922 2206 2138 2258 virtutis
2183 2210 2380 2260 divinae

1307 2280 1645 2331 ostensivum
1675 2291 1725 2330 et
1754 2279 2123 2346 irrefragabile
2161 2282 2382 2348 signum

1273 2364 1289 2369 ‘
1307 2354 1594 2413 subticent,
1627 2363 1678 2402 et
1705 2352 1869 2411 aliud,
1907 2354 2052 2418 quod
2081 2365 2381 2420 transgres-

1308 2425 1391 2475 sio
1433 2423 1590 2489 Legis
1634 2422 1930 2484 videbatur,
1980 2423 2257 2487 replicant,
2286 2425 2380 2475 in-

1308 2497 1629 2562 terrogando
1656 2511 1801 2556 eum,
1835 2496 2070 2546 dicentes
2096 2515 2108 2546 ι
2141 2497 2275 2557 Quis
2301 2504 2383 2549 est

1306 2569 1398 2619 ille
1429 2568 1582 2618 homo
1610 2568 1700 2633 qui
1725 2567 1820 2616 tibi
1848 2566 1995 2616 dixit
2020 2583 2036 2618 .·
2074 2567 2231 2618 Tolle
2253 2584 2383 2635 gra-

1309 2639 1487 2689 batum
1513 2643 1676 2697 tuum,
1707 2643 1757 2687 et
1797 2636 2061 2687 ambula?
2095 2639 2260 2698 Quasi
2291 2638 2383 2689 di—

1305 2718 1487 2758 cerent
1516 2724 1530 2757 2
1567 2708 1740 2757 Malus
1771 2706 1937 2756 homo
1980 2718 2077 2770 est,
2109 2708 2202 2773 qui
2254 2708 2382 2761 talia

1307 2778 1577 2846 praecepit.
1601 2780 1723 2828 Non
1761 2778 2159 2829 calumniantur
2188 2782 2253 2831 de
2280 2781 2383 2831 col·

1307 2853 1508 2903 latione
1560 2852 1767 2911 salutiS,
1828 2852 1919 2901 sed
1967 2852 2031 2902 de
2080 2854 2381 2919 portatione

1308 2922 1464 2986 lecti;
1497 2932 1549 2972 et
1594 2921 1671 2972 sic
1699 2921 2030 2986 accipiebant
2072 2925 2216 2988 quod
2249 2940 2382 2989 pos·-

1308 3006 1431 3047 sent
1453 2996 1642 3046 saltem
1672 3005 2002 3061 apparenter¹
2015 2997 2379 3061 reprehende-

1308 3085 1384 3127 re,
1434 3082 1543 3117 non
1572 3067 1716 3132 quod
1745 3076 1986 3132 poterant
2012 3067 2243 3117 laudare.
2289 3068 2379 3118 Sic

1308 3138 1440 3188 mali
1497 3136 1748 3187 homines
1788 3146 1839 3186 et
1882 3136 2149 3188 malitiose
2194 3147 2378 3189 contra

1309 3210 1546 3277 aliquem
1595 3218 1811 3275 agentes
1861 3208 2166 3275 frequenter
2194 3219 2380 3260 notant

1312 3292 1364 3332 et
1405 3281 1742 3331 considerant
1779 3280 1837 3330 in
1882 3281 2021 3345 aliis,
2064 3282 2208 3348 quod
2245 3296 2378 3348 pos-

1310 3356 1419 3406 sint
1460 3354 1847 3419 reprehendere
1874 3365 1927 3405 et
1952 3370 2229 3419 accusare3
2267 3369 2378 3403 non

1312 3424 1460 3491 quod
1496 3424 1705 3490 possint
1735 3424 1966 3485 laudare,
2013 3436 2065 3475 et
2094 3426 2157 3474 ad
2204 3421 2378 3474 aedifi-

1313 3494 1581 3545 cationem
1617 3494 1844 3546 trahere.
1880 3495 1937 3545 Si
1981 3495 2112 3561 quid
2161 3494 2290 3543 boni
2319 3492 2380 3542 in

1310 3566 1391 3617 eis
1433 3565 1638 3625 vident,
1667 3575 1871 3629 tacent;
1914 3575 1967 3616 et
2007 3565 2146 3615 mala
2183 3565 2229 3613 si
2273 3577 2382 3628 qua

1312 3638 1515 3698 vident,
1554 3637 1923 3702 manifestant;
1966 3648 2018 3688 et
2056 3636 2382 3703 quandoque

1314 3708 1478 3758 etiam
1502 3709 1708 3758 bonum
1737 3708 1794 3758 in
1824 3709 2024 3758 malum
2050 3714 2378 3757 convertunt.

1316 3780 1422 3831 Ubi
1496 3781 1916 3848 Chrysostomus
1949 3798 1967 3830 .-
2007 3800 2032 3827 α
2083 3778 2378 3839 Videamus

1315 3860 1581 3917 quantum
1630 3850 1764 3906 livor
1809 3851 2031 3910 malum,
2063 3858 2115 3899 et
2154 3848 2383 3914 qualiter

1315 3922 1511 3975 animae
1571 3920 1755 3972 oculos
1833 3929 2075 3984 excaecat,
2125 3920 2381 3974 adversus

2262 329 2366 382 709
2445 312 2450 317 ’
