2757 4413
395 340 494 392 DE
523 340 853 392 MISSIONE
893 339 1430 392 APOSTOLORUM
1474 341 1569 392 AD
1600 341 2159 393 PRAEDICANDUM.

157 473 395 510 cursores
412 458 699 509 videantur
725 468 778 510 et
799 457 997 525 gulosi,
1021 457 1226 524 quibus

159 545 266 579 non
312 527 516 579 sufficit
558 529 723 579 unius
770 528 1002 595 hospitis
1055 529 1229 579 victus

159 601 509 662 necessarius,
544 611 595 652 et
619 617 686 652 ne
712 612 1050 652 contemnere
1077 611 1130 653 et
1154 601 1232 651 in·

157 672 338 738 juriari
360 710 375 732 ,
420 687 518 722 seu
574 671 878 723 contristari
919 672 1229 723 viderentur

156 744 540 810 suscipientem
560 783 574 805 ,
603 756 665 796 ut
697 744 913 811 ingrati.
943 745 1063 796 Duo
1100 761 1227 811 ergo

156 815 245 865 hic
276 817 623 876 mandantur,
657 832 831 866 unum
865 817 932 868 de
971 816 1229 867 electione

156 888 416 954 hospitii3
471 889 619 939 aliud
659 889 726 939 de
755 887 1229 954 impermutatione

116 958 321 1011 ,electi.
353 959 465 1009 Nec
511 958 706 1009 dicitur
752 958 842 1009 hic
889 958 1024 1026 quin
1074 957 1230 1008 liceat

155 1027 495 1094 praedicatori
545 1029 837 1096 aliquando
875 1039 1084 1079 mutare
1121 1028 1227 1078 ho·-

157 1101 401 1166 spitium,
459 1102 543 1151 vel
594 1117 718 1152 cum
754 1101 876 1153 aliis
925 1101 1226 1161 comedere,

156 1170 393 1221 maxime
439 1181 500 1221 ut
561 1187 671 1221 non
722 1182 901 1238 gravet
955 1171 1227 1237 hospitem

156 1255 336 1301 suum,
362 1241 498 1291 dum
527 1251 708 1292 tamen
736 1242 804 1292 ad
837 1241 1029 1308 dignos
1046 1241 1230 1292 diver-

155 1322 228 1362 tat
255 1322 311 1363 et
358 1313 651 1376 honestos;
684 1314 776 1363 sed
808 1313 1089 1379 prohibuit
1114 1313 1229 1363 Do-

155 1388 342 1438 minus
369 1388 728 1439 mutationem
755 1389 998 1455 hospitii,
1026 1388 1233 1439 ratione

156 1458 407 1524 triplici:
439 1474 548 1510 una
595 1470 675 1510 est
729 1460 916 1511 vitatio
970 1459 1228 1519 levitatis,

156 1545 276 1596 quae
328 1531 481 1580 nullo
514 1531 675 1582 modo
717 1532 875 1582 debet
898 1547 1147 1598 apparere
1174 1530 1233 1581 in

156 1600 537 1665 praedicatore3
567 1600 688 1661 alia,
723 1601 959 1667 suspicio
988 1601 1237 1668 gulosita-

153 1669 240 1729 tis,
267 1669 404 1736 quia
425 1682 821 1722 consueverunt
846 1688 1013 1723 novos
1041 1671 1235 1738 hospi-

153 1750 233 1790 tes
261 1740 472 1790 lautius
507 1757 818 1806 procurare3
866 1742 1038 1802 tertia,
1067 1741 1234 1793 decli-

155 1812 307 1862 natio
373 1812 609 1864 infamiae
675 1814 912 1882 hospitis
933 1852 947 1875 ‚
1003 1814 1132 1880 quia
1189 1814 1234 1865 si

152 1884 542 1946 dimitteretur,
561 1885 835 1937 videretur
862 1885 1140 1951 indignus.

219 1970 239 2005 1
256 1954 288 2004 3
353 1955 505 2006 Pacis
574 1972 802 2007 own-rto
875 1970 1239 2014 PuvamsQuss

152 2040 409 2075 neuss1o
433 2041 562 2084 Qun>
588 2027 956 2077 sicmmcswr?
988 2055 1049 2065 —
1084 2027 1237 2091 Item,

155 2098 310 2162 jubet
355 2107 413 2147 ut
448 2114 570 2149 cum
617 2099 990 2150 benedictione
1041 2099 1242 2149 intrent

156 2169 411 2233 domum,
438 2168 626 2220 dicens
649 2186 664 2221 ε
686 2170 959 2221 Intrantes
980 2176 1157 2221 autem
1186 2169 1240 2220 in

156 2240 406 2302 domum,
452 2241 685 2292 salutate
724 2256 873 2305 eam,
921 2240 1123 2292 scilicet
1160 2240 1242 2291 fa-

158 2312 402 2371 miliam,
455 2312 662 2363 scilicet
705 2313 958 2364 homines
1000 2313 1244 2364 habitan·

157 2394 235 2433 tes
285 2383 348 2433 in
394 2399 472 2445 ea,
506 2395 568 2434 ut
603 2384 676 2435 sit
707 2386 810 2435 lata
848 2385 1064 2446 relatio,
1090 2384 1243 2436 scili-

156 2464 240 2504 cet
295 2455 617 2505 antecedens
665 2471 764 2520 pro
805 2456 1138 2516 continente,
1192 2466 1244 2507 et

157 2524 449 2575 relativum
481 2540 578 2591 pro
629 2526 928 2587 contentiS‚
973 2528 1243 2581 dicentes:

154 2598 295 2647 Pax
324 2597 448 2647 huic
477 2597 692 2660 domui,
730 2598 787 2648 id
806 2609 884 2649 est
913 2599 1149 2661 familioe,
1182 2611 1244 2651 ut

153 2669 249 2735 qui
287 2667 478 2717 cibum
524 2678 578 2719 et
630 2670 928 2721 necessaria
958 2672 1242 2737 recipiunt,

154 2740 390 2791 salutem
418 2749 471 2789 et
493 2740 645 2805 pacis
669 2739 991 2792 beneficium
1019 2742 1247 2810 largian-

154 2822 261 2861 tur.
295 2810 442 2871 Quia
469 2810 787 2876 praedicator
808 2812 965 2863 debet
994 2813 1246 2865 habitan-

156 2883 310 2934 tibus
350 2882 409 2932 in
451 2883 622 2932 domo
649 2897 816 2949 quam
861 2883 1025 2935 intrat
1060 2900 1242 2951 pacem

156 2953 354 3004 offerre
383 2962 439 3003 et
462 2963 664 3019 optare,
692 2963 745 3004 et
766 2970 875 3004 non
898 2957 1076 3006 solum
1097 2967 1246 3023 opta·

158 3040 247 3085 re,
293 3023 390 3073 sed
436 3023 603 3074 etiam
635 3025 984 3091 Evangelium
1018 3029 1243 3092 Christi,

158 3094 313 3161 quod
354 3101 436 3143 est
479 3094 840 3160 Evangelium
879 3112 1017 3148 verae
1073 3099 1243 3165 pacis,

157 3166 453 3234 praedicare
476 3176 530 3217 et
558 3183 653 3218 eos
680 3168 746 3217 ad
776 3184 957 3234 pacem
982 3170 1244 3222 internam

159 3252 212 3291 et
240 3240 534 3289 fraternam
573 3239 863 3305 inducere;
913 3258 974 3294 ac
1016 3246 1244 3296 salutem

158 3309 529 3361 habitantium
581 3312 740 3362 bonis
766 3314 943 3364 verbis
975 3323 1028 3365 et
1057 3330 1244 3366 exem-

160 3379 267 3445 plis
299 3393 603 3445 procurare,
630 3390 690 3430 ut
713 3393 963 3446 appareat
983 3398 1075 3434 eos
1100 3385 1247 3450 lega-

161 3452 309 3502 tione
329 3450 508 3516 fungi
532 3467 640 3517 pro
673 3453 891 3505 Clu-isto
941 3456 1067 3506 Jesu
1088 3494 1104 3521 ,
1148 3457 1243 3523 qui

160 3534 241 3574 est
268 3538 399 3573 vera
442 3538 548 3589 pax
585 3535 637 3575 et
675 3526 821 3577 salus
864 3528 1132 3580 omnium.
1158 3531 1245 3581 Ob

160 3597 266 3647 hoc
290 3596 427 3646 solis
456 3595 672 3648 vicariis
693 3600 1100 3664 Apostolorum,
1135 3602 1245 3654 sci-

162 3667 289 3717 licet
332 3665 623 3733 Episcopis
657 3669 945 3736 praecipuis
996 3673 1245 3724 Ecclesiae

163 3737 422 3803 sponsis,
469 3737 596 3788 licet
636 3738 695 3788 in
743 3740 1011 3807 principio
1060 3744 1242 3794 missae

164 3809 398 3858 salutare
441 3809 734 3873 populum,
766 3819 819 3860 et
864 3811 1040 3864 dicere
1069 3831 1082 3865 ε
1112 3815 1245 3866 Pax

168 3878 336 3943 vobi-³,
365 3893 471 3943 pax
499 3888 836 3943 peccatorum
855 3918 870 3941 ,
904 3897 1007 3947 pax
1035 3894 1248 3951 tempo·

171 3947 264 4008 ris,
285 3947 509 3999 tandem
528 3963 632 4025 pax
651 3949 982 4006 aeternitatis.
1007 3955 1094 4006 Fit
1121 3971 1248 4021 ergo

2295 357 2398 408 471

1335 457 1624 520 introituS,
1679 474 1805 510 cum
1850 459 2125 525 optatione
2179 459 2401 523 salutis;

1334 531 1505 592 salus,
1538 546 1663 580 cum
1692 530 1968 596 optatione
2000 530 2163 596 pacis·
2199 530 2268 581 Et
2293 529 2410 582 haec

1334 602 1443 653 duo
1459 601 1838 667 suntoptanda
1862 601 2173 668 hospitibus
2200 617 2214 651 ε
2242 601 2412 664 salus,

1334 672 1389 722 in
1419 671 1691 723 amotione
1719 673 2018 735 malorum;
2052 687 2171 737 pax,
2199 670 2257 721 in
2285 671 2412 722 ado-

1334 744 1518 809 ptione
1547 743 1844 806 bonorum;
1876 744 2040 802 salus,
2068 753 2251 793 contra
2272 741 2413 809 peri-

1332 815 1515 865 culum
1548 814 1944 877 damnationis;
1980 829 2110 880 pax,
2139 823 2413 880 quantum

1333 886 1400 934 ad
1457 885 1663 935 bonum
1721 884 2193 936 reconciliationis.
2249 884 2410 935 Hunc

1334 967 1513 1007 autem
1538 957 1762 1008 modum
1784 955 2020 1007 intrandi
2056 966 2107 1006 et
2143 954 2413 1006 salutandi

1333 1026 1603 1077 Dominus
1626 1026 1773 1078 dedit
1790 1064 1805 1090 ,
1839 1036 1902 1077 ut
1928 1041 1994 1077 ex
2022 1026 2126 1077 hoc
2153 1026 2414 1076 ostende-

1334 1107 1415 1148 ret
1437 1098 1502 1148 ad
1530 1098 1664 1165 quid
1693 1098 1917 1158 veniret,
1948 1097 2151 1148 scilicet
2181 1114 2196 1147 ε
2224 1112 2414 1164 pacem

1333 1170 1536 1232 facere,
1589 1172 1730 1223 bella
1779 1173 1996 1232 sedare,
2044 1172 2416 1237 praedicatores

1336 1257 1446 1293 non
1480 1242 1547 1293 de
1575 1241 1753 1307 nugiS,
1783 1242 1876 1292 sed
1905 1242 1971 1292 de
2000 1242 2170 1291 salute
2201 1240 2419 1292 anima-

1335 1329 1458 1363 rum
1481 1314 1632 1380 loqui
1662 1314 1889 1377 debere;
1924 1320 1977 1364 et
2000 1314 2051 1363 si
2070 1313 2281 1379 quidem
2292 1312 2417 1378 fue-

1335 1386 1412 1435 rit
1455 1384 1647 1435 domus
1736 1384 1834 1435 illa
1891 1384 2062 1449 digna
2123 1382 2417 1448 recipiendi

1334 1470 1521 1528 pacem
1551 1457 1805 1515 oblatam,
1837 1455 1891 1505 id
1916 1465 2001 1506 est
2029 1454 2074 1504 si
2115 1453 2278 1504 fuerit
2304 1454 2418 1518 ejus

1337 1526 1543 1578 familia
1595 1527 1662 1577 ad
1709 1526 1877 1577 vitam
1915 1535 2174 1576 aeternam
2205 1525 2416 1591 praede-

1336 1598 1548 1657 stiuam,
1573 1603 1624 1647 et
1657 1597 1732 1648 ibi
1754 1597 1939 1662 suerit
1963 1595 2124 1662 filius
2150 1595 2327 1660 pacis,
2356 1594 2412 1644 id

1336 1679 1418 1720 est
1448 1678 1656 1720 amator
1686 1670 1769 1720 vel
1803 1668 2114 1718 observator
2140 1668 2223 1717 vel
2252 1666 2413 1716 heres

1340 1741 1503 1808 paciS,
1535 1741 1600 1790 ad
1630 1755 1814 1806 pacem
1834 1749 2088 1790 aeternam
2108 1738 2391 1789 ordinatus
2410 1780 2425 1804 ,

1340 1812 1513 1863 veniet
1579 1822 1633 1862 et
1697 1811 1993 1877 requiescet
2040 1825 2203 1877 super
2259 1809 2413 1861 illam

1332 1895 1459 1948 pax
1487 1888 1687 1943 vestra,
1717 1896 1749 1932 a
1778 1880 1935 1931 vobis
1974 1881 2223 1931 nuntiata
2260 1889 2314 1931 et
2343 1877 2423 1930 eis

1342 1960 1538 2017 optata,
1568 1952 1699 2018 quia
1727 1951 1899 2002 oratio
1925 1962 2101 2002 vestra
2138 1961 2191 2002 et
2219 1948 2421 2016 praedi-

1342 2020 1479 2072 catio
1530 2021 1748 2072 habebit
1802 2020 1879 2071 ibi
1935 2021 2219 2084 effectum3
2277 2018 2421 2071 reci-

1345 2092 1604 2159 pientque
1623 2090 1836 2158 pacifice
1853 2102 2082 2143 vestram
2098 2091 2420 2151 doctrinam,

1343 2176 1397 2216 et
1438 2175 1727 2233 sequentur
1768 2180 1887 2217 eam
1923 2180 2045 2234 quae
2079 2172 2329 2232 provocat
2354 2164 2422 2215 ad

1347 2253 1530 2303 pacem
1550 2248 1825 2288 aeternam.
1847 2237 1914 2287 Si
1927 2243 2105 2288 autem
2124 2251 2228 2287 non
2238 2234 2425 2301 suerit

1346 2310 1537 2375 digna,
1559 2308 1614 2359 id
1642 2318 1724 2359 est
1745 2308 1811 2358 ad
1836 2308 2000 2359 vitam
2034 2317 2285 2359 aeternam
2309 2321 2423 2357 non

1347 2380 1622 2437 ordinata,
1670 2389 1721 2428 et
1762 2379 1945 2428 nullus
1984 2377 2285 2427 doctrinam
2322 2390 2423 2426 ve-

1348 2461 1515 2499 stram
1560 2448 1820 2514 receperit
1869 2457 1922 2499 et
1964 2456 2177 2498 secutus
2228 2445 2423 2509 fuerit,

1346 2536 1445 2570 vos
1486 2529 1658 2569 tamen
1711 2535 1820 2568 non
1879 2517 2030 2568 eritis
2077 2517 2196 2570 sine
2248 2516 2425 2568 fructu

1347 2609 1443 2644 nec
1471 2592 1661 2660 privati
1691 2592 1884 2643 merito
1914 2602 2110 2657 vestro,
2145 2591 2275 2659 quia
2300 2605 2428 2657 pax

1348 2674 1543 2729 vestra,
1589 2666 1645 2717 id
1697 2676 1775 2717 est
1829 2665 2085 2717 meritum
2132 2676 2185 2717 et
2225 2679 2429 2716 merces

1346 2751 1541 2806 optatae
1588 2739 1762 2805 pacis,
1814 2740 1889 2790 ad
1937 2754 2034 2791 vos
2080 2745 2380 2791 revertetur
2409 2755 2428 2789 .-

1349 2826 1475 2860 nam
1505 2810 1662 2860 vobis
1694 2826 1723 2861 a
1757 2811 1870 2860 Deo
1911 2809 2427 2877 recompensabitur.

1350 2883 1420 2932 Et
1463 2882 1714 2947 quamvis
1764 2898 1874 2932 non
1926 2882 2120 2933 habeat
2159 2891 2425 2948 quantum

1347 2955 1413 3004 ad
1442 2954 1589 3020 ipsos
1618 2954 1892 3015 effectum,
1921 2970 2017 3005 vos
2042 2964 2223 3005 tamen
2255 2952 2427 3003 habe-

1351 3027 1479 3077 bitis
1507 3028 1809 3078 mercedem
1836 3027 1961 3077 inde
1995 3028 2136 3092 apud
2162 3028 2366 3085 Deum,
2396 3041 2427 3076 a

1349 3113 1460 3164 quo
1489 3113 1586 3162 pro
1611 3099 1790 3148 labore
1819 3097 1981 3147 vestri
2022 3097 2200 3162 operis
2238 3097 2431 3147 redde-

1349 3181 1438 3220 tur
1487 3171 1642 3220 vobis
1681 3170 1987 3237 praemium.
2023 3170 2103 3221 Et
2139 3171 2433 3236 quicunque

1349 3256 1453 3293 non
1500 3242 1760 3307 receperit
1799 3256 1896 3291 vos
1934 3240 2191 3307 hospiti0,
2241 3254 2448 3291 neces-¹

1351 3311 1493 3362 saria
1533 3311 1689 3361 vobis
1719 3310 2100 3372 ministrand0,
2135 3325 2301 3377 neque
2326 3325 2433 3360 au-

1349 3381 1512 3432 dierit
1539 3394 1809 3432 sermones
1837 3387 2066 3443 vestrm,
2098 3380 2294 3431 vestris
2316 3395 2432 3429 mo-

1350 3451 1482 3502 nitis
1508 3452 1947 3517 obtemperando,
1991 3458 2249 3502 exeuntes
2263 3451 2435 3517 foras

1351 3522 1418 3572 de
1462 3521 1619 3572 domo
1689 3521 1770 3573 vel
1830 3522 2049 3573 civitate
2116 3521 2206 3572 illa
2261 3533 2436 3571 excu-

1353 3595 1447 3645 tite
1490 3594 1765 3660 pulverem
1806 3595 2002 3660 pedum
2040 3601 2338 3645 vestrorum
2381 3593 2437 3644 in

1352 3667 1707 3718 testimonium
1736 3667 1849 3718 illis
1884 3666 1999 3718 sive
2033 3667 2252 3734 signum
2279 3665 2431 3716 scili-

1353 3748 1434 3790 cet
1453 3740 1644 3805 triplex
1670 3756 1684 3789 z
1706 3739 1976 3800 Quoniam
1997 3745 2049 3790 et
2069 3739 2252 3790 Judaei
2275 3738 2440 3804 signa

1347 3818 1538 3877 petunt
1561 3821 1612 3862 et
1635 3828 1755 3861 mos
1780 3812 1885 3862 fuit
1901 3813 1925 3862 J
1934 3813 2213 3864 udaeorum
2240 3810 2440 3878 typicis

1355 3896 1408 3935 et
1432 3883 1729 3949 figurativis
1760 3885 1838 3934 uti
1869 3885 2145 3950 operibus.
2171 3884 2440 3944 Primum,

1359 3965 1422 4007 ut
1461 3955 1593 4006 dicit
1641 3955 2048 4021 HieronymuS,
2098 3955 2157 4005 in
2188 3954 2441 4006 testimo-
