2757 4413
376 259 472 310 DE
504 258 833 313 MISSIONE
861 258 1404 311 APOSTOLORUM
1446 260 1542 311 AD
1582 261 2136 313 PRAEDICANDUM.

147 375 201 426 in
239 375 351 435 via,
392 375 461 425 ad
495 374 940 425 sustentationem
959 412 973 433 ‚
1004 373 1210 425 scilicet

148 445 472 496 convenienti
502 445 668 504 victu,
694 460 755 496 ac
786 443 1005 504 vestitu,
1028 455 1081 494 et
1106 445 1207 495 do-

148 518 351 569 micilio.
386 517 495 569 Hic
518 529 601 568 est
631 518 830 583 duplex
857 517 1052 580 honor,
1095 533 1204 582 quo

142 588 275 655 digni
302 599 434 640 sunt
461 588 559 655 qui
592 589 728 639 bene
748 596 1004 654 praesunt.
1039 588 1201 650 Nam,

145 663 422 713 secundum
443 662 794 727 Gregorium,
828 676 1031 712 merces
1058 675 1202 725 prae-

140 734 408 785 dicationis
440 734 533 785 hic
565 733 867 794 inchoatus,
898 743 951 783 et
975 732 1036 784 in
1066 733 1200 784 coelo

140 805 394 870 perficitur
424 822 440 870 3
482 805 612 871 quia
667 805 767 855 uni
819 814 1004 855 nostro
1053 804 1199 869 operi

140 878 245 927 duae
268 879 544 929 mercedes
571 878 981 937 debentur‚.una
1008 876 1067 926 in
1091 876 1195 937 via,

139 964 241 1014 quae
259 966 362 1000 nos
383 949 444 999 in
467 949 657 1003 ‚labore
686 956 977 1012 sustentat3
1006 947 1111 999 alia
1136 946 1195 997 in

136 1021 310 1084 pan-ia,
366 1035 495 1086 quae
546 1035 648 1070 nos
698 1019 759 1071 in
812 1018 1196 1070 resurrectione

135 1101 445 1141 remunerat.
477 1091 622 1156 Ergo
664 1090 760 1156 qui
797 1106 909 1141 non
945 1098 1196 1155 operatur

135 1177 215 1211 nec
263 1162 506 1221 laborat,
567 1177 678 1211 non
724 1161 1012 1211 manducet
1030 1197 1053 1219 ‚
1095 1175 1196 1210 nec

135 1232 415 1283 mercedem
461 1231 654 1296 exigat.
688 1232 820 1282 Ecce
850 1246 1015 1297 quare
1054 1245 1194 1295 prae-

132 1301 243 1365 cipit
264 1302 344 1353 eis
368 1301 521 1353 nihil
555 1300 708 1361 ferre,
731 1301 859 1367 quia
884 1301 1070 1352 omnia
1093 1301 1192 1351 de·-

134 1373 305 1424 beatur
320 1374 406 1425 eis
437 1389 540 1439 pro
565 1374 761 1424 labore.
794 1374 871 1423 De
893 1373 1009 1438 jure
1042 1373 1189 1425 enim

132 1446 340 1496 naturali
361 1455 471 1505 est,
501 1455 557 1496 et
576 1445 781 1506 divin0,
802 1461 862 1497 ac
885 1446 1046 1496 etiam
1066 1446 1190 1507 hu-

126 1535 286 1579 mano,
313 1530 379 1570 ut
403 1519 522 1570 illis
547 1520 645 1585 qui
671 1519 909 1572 serviunt
936 1536 1187 1573 commu-

126 1589 261 1640 nitati
311 1590 375 1641 in
423 1590 833 1655 spiritualibus,
880 1590 1083 1642 scilicet
1128 1591 1187 1643 in

118 1659 286 1710 divino
316 1661 474 1711 cultu
494 1670 549 1709 et
575 1659 839 1719 doctrina,
858 1661 1185 1726 providean-

126 1740 194 1781 tur
217 1747 249 1781 a
279 1731 683 1783 communitate
712 1731 769 1783 in
798 1733 1185 1798 temporalibus

124 1803 420 1853 necessaria.
460 1802 585 1852 Non
630 1817 757 1868 ergo
790 1802 1072 1869 prohibuit
1105 1804 1182 1856 ei's

124 1869 241 1923 ferre
276 1871 592 1925 necessaria
631 1873 700 1922 ad
734 1873 1183 1929 sustentationem

126 1943 264 2008 hujus
305 1944 439 1996 vitae
460 1983 474 2005 ,
533 1945 629 1995 sed
682 1954 743 1994 ut
795 1945 1183 1997 demonstraret

123 2012 222 2064 haec
255 2015 334 2066 eis
357 2013 561 2066 deberi>
578 2014 646 2064 ab
674 2014 784 2065 illis
812 2015 1013 2080 quibus
1041 2032 1183 2082 prae-

126 2083 355 2137 dicarent.
382 2085 501 2136 Nec
529 2084 757 2136 omnino
784 2094 839 2136 et
869 2085 1184 2153 simpliciter

124 2157 348 2224 praecepit
389 2156 481 2209 eis
513 2156 632 2222 illa3
663 2158 756 2212 sed
798 2157 971 2225 magis
998 2158 1064 2209 ad
1092 2174 1183 2210 re—

124 2229 402 2282 vocandum
435 2244 629 2280 eorum
657 2229 906 2282 affectum
931 2231 999 2281 ab
1028 2231 1181 2281 inor-

120 2296 275 2350 dinato
308 2314 502 2350 amore
538 2300 935 2365 temporalium,
972 2310 1031 2352 ut
1068 2317 1178 2353 non

120 2383 396 2435 quaererent
441 2371 732 2437 superflua,
761 2373 855 2423 sed
910 2372 990 2426 eis
1024 2373 1182 2426 suffi-

116 2454 273 2495 cerent
313 2445 652 2509 necess->arim
694 2461 814 2511 quae
847 2445 907 2498 in
946 2445 1026 2498 eis
1069 2463 1180 2498 non

119 2513 366 2567 defectura
388 2516 668 2567 Dominus
686 2516 972 2581 ordinavit,
1002 2518 1181 2570 dando

118 2583 181 2636 eis
216 2596 542 2651 potestatem
584 2587 834 2639 sumendi
877 2604 939 2639 ea
977 2589 1047 2642 ab
1093 2588 1182 2640 his

116 2658 295 2720 quibus
322 2659 800 2725 evangelizabant,
844 2670 897 2710 et
940 2660 1019 2711 sic
1061 2677 1183 2713 car-

114 2726 233 2776 nalia
257 2738 550 2792 meterent,
575 2728 673 2795 qui
698 2729 999 2795 spiritualia
1026 2730 1183 2782 semia-

114 2799 304 2853 nabant.
374 2801 491 2852 Nec
559 2811 742 2852 tamen
809 2801 1180 2854 inobedientes

113 2880 234 2930 sunt,
258 2870 359 2936 qui
389 2871 466 2921 de
497 2886 596 2922 suo
624 2871 739 2935 jure
770 2872 990 2923 cedunt.
1024 2873 1180 2925 Unde

114 2942 442 3009 Augustinus
479 2962 503 2995 ε.
535 2964 563 2994 α
590 2947 825 3013 Apparet
849 2957 1035 2997 autem
1067 2947 1180 2999 hoec

117 3026 207 3062 non
242 3014 318 3066 ita
367 3016 692 3080 praecepisse
731 3017 1017 3078 Dominus,
1051 3027 1177 3070 tan-

117 3088 427 3147 quamEvan
433 3088 640 3152 gelistae
650 3090 828 3141 vivere
840 3090 1057 3142 aliunde
1067 3108 1177 3143 non

114 3155 344 3218 debeant,
369 3173 541 3224 qnam
557 3160 637 3209 eis
656 3161 1045 3225 praebentibus,
1063 3162 1181 3227 qui·

117 3223 199 3276 bus
233 3228 573 3280 annuntiant
608 3230 976 3296 Evangelium.
1018 3234 1178 3285 Alio*

115 3295 229 3358 quin
258 3308 463 3349 contra
485 3298 593 3350 hoc.
612 3312 941 3366 praeceptum
969 3302 1179 3356 fecisset

114 3366 417 3430 Apostolum
454 3369 548 3435 qui
579 3370 782 3423 victum
809 3372 876 3423 de
913 3389 1176 3426 manuum
1220 3407 1221 3412 =

112 3448 310 3490 §mmm
355 3439 647 3492 laboribus
699 3442 1066 3509 transigebam.
1104 3460 1178 3497 ne

111 3508 346 3577 cuiquam
381 3511 564 3578 gravis
601 3523 771 3575 esset,
812 3516 906 3566 sed
939 3524 1178 3581 potesta·-
1218 3563 1221 3568 ,

111 3590 200 3634 tem
230 3586 454 3636 dedisse
478 3586 758 3651 Apostolis
774 3625 789 3652 ‚
820 3587 879 3640 in
921 3604 1035 3655 qua
1065 3589 1175 3642 sci—
1218 3645 1219 3654 χ

112 3663 208 3704 rent
234 3655 353 3706 sibi
394 3656 500 3707 ista
536 3657 737 3709 deberi.
776 3658 923 3712 Cum
950 3660 1100 3714 enim
1145 3676 1177 3714 a

112 3723 328 3780 Domino
355 3729 571 3796 aliquid
596 3730 910 3797 imperatur,
930 3733 1040 3786 nisi
1063 3734 1172 3798 fiat,

113 3798 480 3852 mobedientiae
516 3803 678 3867 culpa
706 3813 813 3866 est;
843 3820 968 3856 cum
995 3815 1175 3857 autem

114 3876 328 3927 potestas
356 3870 519 3924 datur
534 3910 549 3933 ,
576 3871 705 3925 licet
729 3874 923 3941 cuique
936 3891 1054 3929 non
1073 3875 1174 3939 uti,

2268 264 2376 334 469

1315 385 1368 427 et
1414 385 1673 441 tanquam
1705 377 1771 427 de
1799 393 1899 428 suo
1934 377 2051 442 jure
2094 380 2278 432 cedere
2307 399 2322 434 z
2349 400 2379 431 n

1315 447 1431 496 haec
1457 448 1819 513 Augustinus,

1381 533 1443 567 10
1478 517 1619 577 Qum
1648 534 1860 569 rumen:
1889 535 2011 569 nuit-2
2046 536 2116 570 ετ
2142 537 2300 573 vrnoA
2321 540 2383 575 ut

1309 604 1472 639 seusu
1501 589 1907 641 usrnruomco?
1935 619 1996 629 —
2028 592 2095 642 Et
2122 603 2276 653 nota,
2296 610 2386 646 se-

1308 661 1554 712 cundum
1582 662 2045 727 chrysostomum,
2068 667 2215 729 quod
2243 667 2386 716 Mat-

1309 731 1487 782 thaeus
1548 741 1601 782 et
1646 733 1817 783 Lucas
1878 749 1989 784 non
2033 736 2387 787 calceamenta

1308 818 1487 868 neque
1517 804 1766 853 baculum
1799 815 2010 870 portare
2047 807 2383 870 permittunt,

1302 874 1456 939 quod
1489 875 1726 926 ostendit
1751 874 2203 940 perfectissimum
2231 893 2346 929 esse
2361 892 2378 940 3

1300 945 1513 996 Marcus
1563 961 1689 996 vero
1737 946 1887 1010 jubet
1932 947 2180 997 baculum
2218 964 2381 1002 assu·-

1302 1033 1470 1078 mere,
1501 1019 1834 1070 et‘sandaliis
1857 1019 2096 1079 calceari,
2129 1022 2276 1085 quod
2301 1023 2382 1074 di-

1299 1098 1448 1139 ctum
1482 1100 1565 1140 est
1599 1088 1932 1155 permissive.
1976 1091 2131 1141 Unde
2155 1101 2207 1141 et
2238 1093 2374 1144 illud

1300 1160 1370 1210 de
1409 1160 1621 1211 duabus
1656 1159 1860 1211 tunicis
1900 1177 2011 1210 non
2058 1164 2369 1226 portandis,

1294 1234 1521 1299 exponit
1547 1235 1947 1302 Hieronymus,
1990 1250 2102 1284 non
2130 1236 2196 1285 ad
2222 1236 2371 1287 litte-

1297 1320 1445 1368 ram,
1486 1306 1580 1356 sed
1626 1307 1771 1371 quod
1808 1320 1916 1356 una
1950 1305 2133 1356 tunica
2162 1306 2372 1359 dicatur

1296 1374 1679 1425 vestimentum
1710 1375 2070 1426 necessarium
2088 1414 2101 1435 ,
2134 1378 2370 1429 secunda

1295 1444 1655 1509 superfluum,
1677 1460 1743 1495 ne
1770 1445 1880 1495 alio
1903 1445 2079 1495 vestiti
2107 1446 2255 1496 aliud
2279 1463 2370 1498 no-

1295 1516 1377 1566 bis
1396 1516 1702 1567 futurorum
1729 1515 1922 1566 timore
1940 1532 2232 1567 servemus,
2261 1520 2367 1569 Sed

1293 1589 1338 1640 si
1369 1604 1480 1639 non
1510 1600 1726 1656 propter
1746 1589 2017 1649 timorem,
2059 1591 2233 1640 multo
2259 1591 2368 1653 mi·

1291 1678 1400 1712 nus
1429 1671 1648 1728 propter
1678 1661 2113 1713 ostentationem.
2153 1663 2213 1713 In
2256 1679 2366 1728 quo

1290 1735 1843 1801 comprehenduntur,
1864 1735 1959 1800 qui
1990 1734 2257 1799 parthicas
2285 1752 2368 1787 ve·

1289 1807 1487 1868 stiunt,
1543 1816 1598 1858 et
1656 1821 1810 1857 arcas
1854 1805 2108 1871 implent,
2161 1815 2214 1855 et
2268 1807 2365 1872 qui

1286 1895 1456 1946 equos
1537 1878 1844 1933 mutatoriis
1919 1879 2365 1931 vestimentorum

1287 1959 1529 2001 onerant.
1590 1949 1746 2000 Unde
1814 1958 1868 1999 et
1934 1949 2280 2015 Augustinus
2342 1969 2361 2003 ε

1289 2038 1318 2068 ι(
1351 2021 1469 2071 Hoc
1492 2020 1558 2069 de
1580 2019 1795 2070 duabus·
1821 2018 2018 2070 tunicis
2048 2018 2362 2085 intelligen-

1285 2091 1420 2143 dum
1447 2099 1546 2150 est,
1574 2105 1642 2140 ne
1672 2089 1966 2156 quisquam
1995 2104 2183 2140 eorum
2218 2105 2361 2155 prae-

1287 2172 1368 2214 ter
1396 2178 1517 2214 eam
1538 2177 1703 2230 quam
1734 2171 1873 2213 esset
1901 2162 2153 2222 indutuS,
2197 2162 2359 2216 aliam

1286 2236 1608 2302 portandam
1675 2244 1885 2301 putaret
1943 2234 2208 2285 sollicitus
2226 2273 2241 2293 ‚
2289 2250 2359 2286 ne

1287 2321 1426 2371 opus
1468 2315 1637 2365 esset,
1681 2321 1805 2356 cum
1857 2320 1921 2354 ex
1965 2304 2058 2354 illa
2097 2314 2359 2369 potestate

1287 2386 1469 2441 posset
1490 2375 1752 2440 accipere.
1778 2393 1807 2421 n
1837 2375 1898 2426 In
1928 2374 2179 2423 Matthaeo
2199 2373 2362 2425 etiam

1286 2455 1340 2496 et
1376 2447 1436 2497 in
1464 2447 1661 2504 Marc0‚
1710 2444 1861 2509 virga
1898 2443 2154 2507 accipitur
2183 2441 2363 2507 aequi-

1286 2533 1445 2580 voce3
1494 2516 1553 2567 in
1611 2516 1864 2567 Matthaeo
1907 2515 2057 2565 enim
2104 2514 2364 2579 accipitur

1287 2588 1682 2654 metaphorice,
1712 2597 1773 2637 ut
1803 2588 1876 2637 sit
1899 2601 2092 2637 sensus
2125 2603 2138 2636 ε
2176 2587 2365 2651 Neque

1285 2662 1522 2728 virgam,
1549 2661 1605 2712 id
1636 2671 1719 2712 est
1743 2675 1842 2711 nec
1870 2659 2129 2710 minimas
2152 2674 2254 2718 neS,
2279 2659 2364 2712 vel

1285 2749 1396 2783 non
1427 2732 1740 2784 innitamini
1783 2731 2029 2782 subsidio
2061 2730 2363 2795 temporali,

1285 2803 1427 2853 sicut
1450 2819 1645 2869 corpus
1668 2802 1922 2852 innititur
1945 2802 2134 2852 baculo
2157 2810 2365 2851 susten·

1286 2875 1456 2935 tanti,
1477 2884 1540 2924 -et
1586 2873 1895 2934 similibus3
1943 2873 1999 2923 in
2046 2874 2222 2922 Marco
2259 2886 2363 2921 au-

1286 2957 1418 3007 tem,
1443 2946 1539 2997 ubi
1563 2945 1766 2997 dicitur
1791 2962 1806 2996 ε
1831 2945 1964 2996 Nisi
1986 2944 2218 3009 virgam,
2250 2953 2377 2991 tan--

1287 3023 1407 3068 tum
1425 3016 1692 3082 accipitur
1718 3016 1784 3066 ad
1807 3016 2061 3072 litteram,
2085 3028 2178 3078 per
2196 3028 2363 3078 quam

1284 3099 1468 3141 tamen
1493 3088 1816 3154 intelligitur
1845 3085 2079 3153 potestas
2105 3084 2363 3150 accipietur

1283 3161 1339 3212 di
1368 3170 1645 3227 sumptus,
1681 3174 1791 3225 qua
1818 3158 1898 3210 uti
1929 3166 2248 3224 potuerunt,
2279 3157 2363 3210 vel

1285 3253 1401 3288 non
1424 3235 1533 3296 uti,
1567 3235 1866 3286 secundum
1899 3233 2047 3298 quod
2073 3230 2360 3282 voluerint.

1287 3309 1445 3362 Unde
1473 3308 1723 3359 doctoffes
1763 3306 2135 3364 Hebraeorum‚
2179 3303 2237 3354 in
2279 3301 2362 3353 si-

1284 3396 1461 3448 gnum
1498 3379 1798 3438 doctrinae,
1836 3377 2043 3442 virgam
2102 3375 2159 3423 in
2194 3389 2360 3425 manu

1283 3452 1583 3519 portabam.
1641 3450 1774 3516 quia
1803 3449 1947 3514 apud
1982 3446 2195 3498 Judaeos
2222 3461 2360 3495 con-

1280 3531 1502 3574 suetum
1528 3530 1642 3573 erat
1669 3518 1938 3586 pro-videri
1967 3517 2044 3568 eis
2071 3517 2136 3566 de
2159 3515 2302 3565 victu
2328 3529 2360 3565 a

1278 3593 1486 3660 populo
1515 3605 1681 3657 quem
1723 3589 1999 3640 docebant.
2043 3587 2167 3637 Ideo
2197 3583 2361 3634 Chri-

1272 3673 1403 3716 -sms
1430 3661 1636 3722 voluit,
1674 3660 1822 3726 quod
1863 3658 1977 3709 haec
2013 3657 2090 3707 eis
2131 3670 2227 3721 pro
2255 3651 2361 3703 alia

1284 3731 1597 3799 provisione
1620 3729 1901 3782 sufficeret.
1933 3728 2035 3778 Per
2071 3726 2175 3775 hoc
2212 3721 2359 3773 enim

1283 3805 1690 3865 ostendebatur,
1756 3801 1903 3868 quod
1970 3798 2203 3865 populus
2236 3844 2241 3849 .
2271 3792 2358 3845 cui

1285 3874 1647 3941 praedicabant
1688 3871 1979 3938 praevidere
2006 3867 2083 3919 eis
2110 3863 2355 3916 debebat.
