2757 4413
320 289 424 340 512

320 405 509 454 »niuem
556 402 806 454 mollibus
849 402 1095 453 vestitum
1118 400 1154 451 9
1194 401 1397 452 scilicet

322 491 417 541 per
436 473 612 525 carnis
634 489 819 524 curam
841 472 1158 523 deliciosum
1179 472 1198 524 ἓ
1221 472 1394 533 Quasi

318 550 458 599 dicat
486 567 501 599 ε
538 549 680 608 Non,
712 548 858 614 quia,
884 556 945 598 ut
969 547 1173 598 dictum
1201 557 1284 598 est
1308 563 1396 598 su-

323 638 437 689 pra,
474 623 706 673 Joannes
742 623 972 673 habebat
1009 621 1394 673 vestimentum

317 694 383 744 de
411 693 538 758 pilis
559 693 906 752 camelorum,
932 701 987 742 et
1006 707 1126 742 esca
1145 692 1261 756 ejus
1283 701 1397 743 erat

321 766 525 815 locusta
555 775 608 815 et
628 764 737 814 mel
765 764 1025 825 silvestre,
1043 773 1105 814 ut
1128 763 1245 829 ipso
1273 780 1397 814 con-

320 838 640 890 versationis
675 853 788 889 snae
815 836 1128 888 testimonio
1160 848 1398 889 contern-

320 922 468 962 neret
498 911 765 962 mundum
795 926 920 960 cum
963 909 1122 960 bonis
1158 920 1213 960 et
1250 912 1395 962 deli-

318 985 417 1035 ciis
446 985 577 1035 suis.
616 985 698 1033 Ad
728 984 832 1033 hoc
865 983 1026 1034 etiam
1057 984 1308 1035 manebat
1332 985 1395 1036 in

315 1058 543 1117 deserte,
601 1068 665 1107 ut
704 1066 969 1107 austeram
1013 1056 1181 1107 vitam
1233 1059 1395 1109 duee-

318 1137 416 1188 ret,
447 1144 557 1176 non
584 1127 763 1177 solum
792 1126 939 1176 victu
972 1137 1025 1177 et
1047 1127 1264 1188 vestitu,
1300 1130 1393 1179 sed

314 1199 474 1248 etiam
504 1213 569 1248 ex
595 1198 740 1261 loco;
782 1207 1003 1263 propter
1026 1199 1174 1265 quod
1201 1199 1395 1249 subdi-

314 1280 447 1320 tur:
480 1271 624 1320 Ecce
663 1270 756 1335 qui
800 1269 1049 1320 mollibus
1093 1271 1393 1321 vestiuntur

315 1352 369 1391 et
389 1339 597 1391 deliciis
622 1349 882 1400 utuntur,
922 1356 1034 1390 non
1071 1339 1131 1390 in
1156 1341 1390 1402 deserto,

316 1412 410 1461 sed
456 1411 510 1461 in
555 1411 799 1462 domibus
825 1424 1017 1477 regum
1057 1416 1212 1474 sunt,
1258 1411 1393 1477 quia

312 1483 389 1534 ibi
408 1484 518 1534 vita
534 1483 790 1535 deliciosa
806 1482 1002 1550 agitur.
1025 1484 1108 1533 Ad
1124 1484 1226 1534 hoc
1242 1485 1391 1535 enim

313 1557 471 1607 multi
494 1556 837 1622 magnatibus
858 1557 1162 1617 adulantur,
1183 1567 1245 1607 ut
1260 1573 1389 1608 cum

314 1629 448 1695 ipsis
474 1637 873 1679 commorantes
900 1629 1108 1679 deliciis
1136 1639 1385 1694 utantur3

312 1703 404 1751 sed
451 1701 704 1751 homines
747 1700 990 1751 veritatis
1034 1702 1161 1752 talia
1203 1717 1389 1768 asper-

313 1781 527 1821 nantur.
560 1772 717 1822 Unde
753 1781 932 1821 narrat
974 1772 1223 1822 Valerius
1250 1773 1387 1823 Ma·-

296 1842 516 1904 ximus,
552 1843 697 1907 quod
735 1842 957 1909 quidam
985 1841 1123 1892 dixit
1160 1842 1386 1909 Diogeni

304 1915 451 1964 olera
478 1913 674 1964 lavanti
713 1931 729 1965 ε
771 1913 825 1964 Si
858 1924 918 1964 tu
954 1913 1217 1980 Dionysio
1247 1917 1387 1966 adu-

305 1986 406 2037 lari
433 1988 620 2046 velleS,
650 1987 752 2037 ista
783 2003 891 2038 non
918 1987 1123 2037 ederes.
1161 1988 1266 2039 Cui
1296 2005 1390 2040 re·-

308 2057 530 2123 spondit
559 2075 573 2107 :
614 2058 670 2108 Si
720 2068 779 2109 tu
826 2058 930 2108 ista
981 2058 1137 2108 edere
1187 2060 1351 2110 velles
1370 2098 1386 2122 ,

308 2129 573 2194 Dionysio
614 2128 819 2179 adulari
862 2129 1053 2178 nolles.
1093 2129 1159 2179 Et
1197 2129 1390 2196 sequi-

300 2211 398 2251 tur
424 2219 438 2251 t
471 2201 573 2251 Hic
598 2201 865 2253 veridicus
898 2201 1138 2253 veritatis
1165 2218 1387 2253 annun-

308 2273 470 2324 tiator
488 2313 501 2334 ,
542 2276 746 2325 malens
797 2274 1041 2325 oleribus
1097 2276 1386 2327 sustentari

309 2360 474 2411 quam
495 2347 837 2413 magnatibus
852 2346 1077 2398 adulari.
1103 2348 1225 2413 Sed,
1243 2348 1383 2400 heu!

305 2416 471 2468 hodie
494 2417 671 2478 multi,
701 2417 865 2469 etiam
893 2418 1152 2484 religiosi,
1170 2429 1389 2471 contra-

308 2488 453 2538 rium
478 2488 700 2549 faciunt,
729 2499 782 2539 et
808 2505 908 2555 pro
932 2488 1147 2538 modico
1175 2490 1390 2556 majori-

309 2558 411 2608 bus
444 2569 495 2609 et
524 2560 686 2610 etiam
724 2560 848 2609 aliis
882 2559 1087 2609 adulari
1119 2575 1227 2618 non
1257 2575 1387 2610 eru-

307 2631 551 2683 bescunt.
588 2633 656 2682 Et
682 2632 821 2683 bene
850 2631 984 2681 dicit
1008 2648 1021 2681 ε
1052 2632 1107 2682 in
1139 2631 1387 2684 domibus

308 2717 500 2769 regum
516 2743 532 2767 ,
597 2720 707 2754 non
774 2703 1112 2771 pontificum.
1173 2704 1388 2755 Debent

309 2774 455 2823 enim
501 2773 779 2839 pontifices
822 2784 878 2825 et
930 2789 1129 2823 omnes
1173 2775 1383 2839 praeiati

307 2844 555 2895 Ecclesiae
613 2855 669 2895 et
721 2845 883 2895 etiam
942 2860 1132 2895 eorum
1178 2844 1386 2897 familia

308 2916 459 2966 indui
481 2925 630 2966 veste
653 2915 887 2981 simplici
913 2924 966 2965 et
987 2915 1254 2980 religiosa,
1276 2932 1384 2966 non

310 2990 462 3040 molli
508 2999 561 3040 et
601 2989 849 3056 pretiosa.
896 2989 1053 3040 Unde
1093 2988 1291 3056 legitur
1317 2991 1385 3041 de

309 3061 466 3110 beato
515 3059 823 3125 Augustino
873 3059 1020 3126 quod
1065 3060 1386 3112 vestimenta

310 3133 426 3196 ejus
454 3143 602 3183 erant
622 3148 722 3183 nec
742 3132 913 3183 nitida
942 3132 1262 3198 plurimum,
1286 3150 1384 3185 nec

297 3204 507 3268 abjecta
565 3202 750 3253 nimis.
805 3203 962 3254 Unde
1014 3214 1069 3254 et
1098 3204 1384 3274 Hierony-

307 3288 425 3322 mus
448 3291 465 3323 .·
493 3291 519 3319 «
540 3275 782 3325 Ornatus
806 3283 860 3323 et
879 3274 1063 3323 sordes
1087 3274 1199 3341 pari
1221 3277 1383 3327 modo

304 3343 548 3410 fugiendi
594 3353 746 3404 sunt,
777 3343 906 3410 quia
965 3344 1193 3395 alterum
1240 3347 1383 3397 deii-

294 3414 428 3478 cias,
445 3415 673 3465 alterum
695 3414 921 3480 gloriam
948 3415 1166 3467 redolet.
1192 3435 1220 3464 n
1241 3417 1387 3476 Quo-

304 3488 469 3537 modo
499 3502 625 3552 ergo
655 3485 829 3536 clerici
866 3495 918 3535 et
945 3485 1182 3551 religiosi
1229 3503 1384 3554 aeque

306 3557 566 3609 mollibus
582 3568 638 3608 et
654 3557 863 3607 deliciis
885 3567 1134 3618 utuntur,
1155 3558 1305 3610 sicut
1329 3569 1385 3612 et

305 3632 368 3683 hi
386 3632 479 3699 qui
499 3632 555 3682 in
584 3631 826 3682 domibus
855 3644 1050 3697 regum
1074 3630 1246 3681 sm?
1272 3633 1382 3683 Sed

300 3702 528 3754 timeant
576 3714 631 3753 et
679 3710 899 3752 caveant
941 3700 1080 3760 sibi,
1113 3701 1248 3767 quia
1270 3718 1381 3753 non

305 3776 528 3835 coelesti,
562 3776 656 3825 sed
706 3784 922 3824 terreno
972 3771 1084 3838 regi
1126 3772 1378 3839 militant,

301 3847 400 3914 qni
429 3864 527 3913 pro
558 3849 673 3898 Deo
696 3846 901 3914 perpeti
924 3860 1110 3912 aspera
1135 3845 1380 3914 fugiunt3

305 3918 400 3970 sed
420 3919 549 3971 solis
567 3917 926 3971 exterioribus
953 3916 1141 3981 dediti,
1159 3933 1383 3985 proesen·

1029 285 1266 336 PRIMAE
1296 285 1547 337 PARTIs
1573 286 1812 339 CAPUT
1839 288 1973 342 LVI.

1499 402 1572 453 tis
1595 403 1723 455 vitae
1748 405 2035 458 mollitiem
2075 418 2128 459 et
2162 411 2578 468 delectationem

1500 488 1764 542 querunt.
1803 479 1864 529 Si
1893 495 2022 547 ergo
2045 483 2248 535 vilibus
2273 489 2579 541 vestimen»

1498 549 1570 599 tis
1597 548 1750 600 indui
1792 551 1964 603 virtus
2000 571 2113 605 non
2152 567 2312 619 esset,
2359 577 2580 628 nequa·-

1499 639 1663 690 quam
1709 625 1974 678 Dominus
2007 629 2267 681 Joannem
2310 634 2379 684 de
2404 637 2580 687 vesti-

1501 696 1672 747 menti
1694 697 1781 748 sui
1809 701 2090 765 asperitate
2113 704 2408 771 laudasset3
2439 718 2495 758 et
2521 708 2579 760 si

1499 766 1750 832 preti-osis
1770 768 1924 820 indui
1942 772 2274 826 vestimentis
2292 785 2581 842 peccatum

1499 853 1608 887 non
1639 850 1798 901 esset,
1831 856 2172 908 nequaquam
2202 846 2269 897 de
2292 864 2450 913 poena
2479 850 2581 900 di-

1497 908 1628 959 vitis
1679 911 1982 977 locuturuS,
2033 917 2383 980 praemisisset
2417 937 2433 970 ς
2565 922 2583 934 “

1500 977 1818 1032 induebatur
1831 999 2084 1050 purpura
2105 994 2159 1037 et
2185 988 2370 1055 bysso.
2390 991 2581 1051 Quam

1497 1065 1623 1102 vero
1667 1053 2027 1118 periculosum
2069 1059 2141 1109 sit
2185 1061 2264 1110 uti
2310 1063 2580 1117 mollibus

1497 1125 1762 1187 vestibus,
1801 1138 1946 1195 patet
1977 1147 2076 1197 per
2103 1133 2579 1202 Chryso-stomun,

1498 1195 1593 1260 qui
1621 1197 1755 1248 dicit
1784 1215 1800 1249 z
1829 1217 1861 1245 α
1889 1201 2071 1253 Mollis
2116 1204 2282 1254 vestis
2325 1206 2583 1261 dissolvit

1499 1267 1727 1333 rigidam
1782 1271 2050 1338 animam;
2117 1286 2170 1325 et
2226 1276 2273 1326 si
2330 1278 2580 1346 rigidum

1497 1353 1693 1404 eorpus
1719 1352 1956 1393 assumat
1998 1356 2051 1396 et
2093 1361 2372 1412 asperum,
2416 1349 2585 1403 faciie

1495 1427 1592 1476 per
1632 1412 1944 1478 hujusmodi
1963 1417 2252 1470 mollitiem
2281 1422 2581 1476 delicatum

1494 1481 1671 1532 reddit
1706 1494 1759 1534 et
1807 1483 2011 1550 fragile.
2042 1488 2201 1539 Facto
2240 1501 2419 1543 autem
2450 1509 2583 1544 cor·-

1495 1571 1623 1622 pore
1642 1557 1897 1617 molliori,
1920 1574 2134 1610 necesse
2161 1572 2242 1612 est
2259 1573 2311 1613 et
2327 1565 2581 1618 animam

1491 1627 1806 1694 participare
1830 1628 2137 1696 laesionem3
2187 1649 2314 1683 narn
2350 1644 2410 1685 ut
2446 1638 2583 1702 plu-

1493 1703 1695 1752 rimum
1720 1702 2054 1769 operationes
2077 1705 2250 1770 ipsius
2272 1721 2583 1763 consonant

1492 1772 1945 1838 dispositionibus
2002 1777 2242 1842 corporis
2294 1793 2312 1829 t
2367 1799 2395 1827 n
2452 1781 2577 1834 haec

1494 1843 1936 1911 chrysostomus,
1960 1847 2197 1912 Mystice‚
2228 1865 2325 1914 per
2350 1851 2580 1904 vestitos

1492 1913 1752 1964 mollibus
1791 1927 2022 1981 possunt
2053 1917 2282 1985 intelligi
2317 1920 2578 1972 adulato-

1492 1998 1611 2044 res,
1643 1987 1792 2050 quod
1831 1986 1964 2037 bene
1992 1986 2325 2053 significatur
2353 2006 2448 2057 per
2475 1992 2578 2042 in-

1488 2059 1830 2109 dumentum.
1850 2059 2000 2110 Sicut
2016 2061 2164 2111 enirn
2185 2062 2575 2117 indumentum

1490 2128 1702 2195 adaptat
1720 2145 1777 2180 se
1794 2130 1874 2180 illi
1891 2132 2046 2196 cujus
2059 2143 2155 2194 est,
2173 2133 2251 2184 sic
2268 2136 2579 2189 adulatores

1491 2201 1743 2268 adaptant
1764 2218 1823 2253 se
1850 2202 2024 2265 malis,
2041 2214 2102 2254 ut
2124 2205 2219 2271 qui
2245 2206 2582 2275 timoreper-

1490 2272 1811 2334 secationis,
1848 2274 1936 2324 vel
1979 2288 2161 2325 amore
2201 2277 2408 2341 laudis,
2437 2294 2579 2344 pec-

1492 2344 1732 2395 cantium
1763 2344 1893 2396 vitia
1919 2361 2031 2396 non
2061 2348 2402 2414 redarguunt,
2430 2359 2490 2400 et
2508 2362 2579 2403 ut

1491 2417 1805 2483 temporalia
1830 2419 1978 2468 luem
2003 2419 2087 2468 vel
2119 2421 2404 2469 commoda
2430 2436 2576 2472 con—

1492 2489 1647 2555 sequi
1698 2488 1939 2555 posita,
1981 2489 2093 2540 illis
2129 2506 2188 2540 se
2230 2490 2575 2544 conformare

1492 2576 1603 2610 non
1627 2570 1894 2611 metuunt.
1930 2561 2050 2621 Sed,
2087 2563 2386 2613 secundum
2418 2564 2572 2614 Gn—

1491 2631 1726 2698 gurim,
1751 2632 1984 2682 joannes
2010 2632 2089 2682 sic
2114 2633 2373 2683 mollibus
2401 2634 2577 2685 vesti-

1489 2715 1580 2755 tus
1609 2721 1722 2754 non
1746 2715 1891 2765 erat,
1923 2706 2052 2773 quia
2081 2707 2415 2772 peccantium
2433 2708 2576 2761 vitia

1492 2791 1605 2826 non
1634 2776 1960 2826 blandiendo
2003 2777 2209 2837 fovere,
2254 2778 2350 2828 sed
2389 2778 2574 2830 incre-

1492 2844 1668 2910 pando
1685 2844 1952 2910 uestigare
1993 2855 2231 2896 noverat.
2275 2846 2573 2909 Mor-aliter,

1491 2916 1793 2967 secundum
1819 2916 2217 2983 Hieronymum
2271 2927 2329 2967 et
2377 2919 2577 2970 Rabo-

1490 3003 1633 3052 mmt,
1665 2989 1925 3039 docemur
1951 2988 2042 3038 hic
2071 2989 2218 3054 quod
2248 2989 2576 3055 praedicato—

1491 3073 1577 3109 res
1620 3058 1862 3110 veritatis
1891 3058 2158 3110 declinare
2192 3060 2389 3110 debent
2419 3062 2575 3112 mol-

1490 3131 1627 3182 lium
1664 3131 1889 3198 palatia,
1933 3147 2057 3199 quae
2085 3132 2343 3183 mollibus
2384 3132 2573 3184 induti

1487 3204 1791 3255 adulatores
1833 3202 2176 3270 frequentant
2195 3243 2209 3265 ,
2253 3206 2349 3271 qui
2393 3205 2570 3256 vitam

1489 3274 1824 3339 peccantium
1872 3276 2104 3340 palpant,
2137 3285 2352 3342 ungunt
2381 3284 2433 3325 et
2452 3291 2572 3326 non

1489 3354 1759 3411 pungunt.
1812 3346 1971 3406 Ioem,
2023 3355 2238 3397 notatur
2276 3346 2382 3408 hic,
2414 3347 2570 3413 quod

1490 3416 1806 3483 pradicatio
1852 3418 2097 3468 veritatis
2139 3420 2394 3475 convenit
2435 3434 2570 3469 cum

1489 3488 1696 3546 duritia,
1739 3487 1851 3538 cibi
1898 3498 1952 3540 et
1993 3490 2194 3554 vestis-»3
2233 3491 2330 3557 qui
2380 3501 2570 3544 autem

1488 3558 1618 3609 falsa
1661 3558 1954 3624 praedieant
1974 3597 1989 3620 ,
2049 3560 2353 3612 adulatores
2409 3572 2569 3621 sunt,

1488 3631 1635 3681 lucra
1676 3639 1965 3692 sectantur,
2009 3630 2230 3682 divitias
2275 3643 2567 3697 quaerunt,

1486 3701 1696 3752 deliciis
1716 3702 1964 3753 affluunt.
1995 3703 2062 3752 Et
2085 3703 2217 3753 tales
2254 3702 2335 3753 sie
2371 3703 2567 3754 molli-

1489 3773 1590 3824 bus
1615 3772 1796 3824 vestiti
1817 3772 1875 3823 in
1907 3772 2149 3823 domibus
2182 3787 2375 3840 regum
2414 3780 2563 3838 swa,

1487 3845 1544 3896 id
1559 3853 1660 3908 est,
1679 3845 1976 3895 secundum
2005 3845 2353 3912 Gregorium,
2371 3855 2566 3895 extor-

1485 3932 1571 3969 res
1612 3915 1761 3983 regni
1805 3915 2040 3969 coelestis
2069 3918 2172 3968 sub
2209 3917 2327 3982 iure
2354 3916 2563 3969 diaboli
