2757 4413
594 245 690 296 DE
732 245 1113 296 PATIENTIA
1152 244 1222 294 IN
1258 244 1601 296 ADVERSIS
1639 245 1992 297 HABENDA.

196 366 486 434 praemium.
559 366 687 416 Non
752 363 898 415 enim
944 368 1251 424 coronatur,

192 439 287 489 nisi
315 437 405 503 qui
428 437 670 503 legitime
693 435 996 486 certaverit.
1029 435 1144 484 Hoc
1171 432 1251 483 si-

188 506 460 574 gnificatur
516 507 573 556 in
623 505 779 572 signo
835 506 975 566 Tau,
1005 518 1129 570 quae
1175 512 1256 553 est

187 578 364 630 ultima
409 578 607 640 littera,
651 593 762 643 quo
801 591 991 627 omnes
1019 575 1252 627 salvandi

187 649 476 715 signantur.
492 649 641 698 Dicit
665 648 811 698 enim
838 647 924 698 hic
947 647 1005 697 in
1035 647 1253 713 signum

186 719 522 770 discretionis
559 717 948 784 singularitatis
983 727 1035 768 et
1070 716 1255 783 pauci-

188 791 321 843 tatis.
362 791 524 841 Unde
560 789 983 856 chrysostomus
1013 805 1030 838 .-
1060 807 1087 834 ιι
1117 788 1258 847 Quia

187 862 418 928 incipere
450 862 750 911 multorum
779 870 878 919 est,
924 858 1083 909 finire
1119 874 1257 924 pau-

185 949 383 997 corum,
416 947 632 997 semper
656 931 713 981 in
739 930 1008 997 principio
1038 931 1260 981 delecta-

187 1004 256 1054 tio
302 1013 402 1062 est,
445 1002 503 1052 in
532 1001 640 1052 fine
674 1001 936 1068 probatio·
979 1001 1119 1052 Cura
1155 1001 1259 1050 bo·-

185 1090 259 1125 nae
286 1072 415 1124 fidei
447 1083 531 1123 est
568 1072 743 1123 exitus
767 1073 956 1132 bonus,
986 1072 1115 1136 quia
1149 1087 1258 1120 non

187 1146 417 1211 incipere
449 1144 669 1210 aliquod
714 1144 917 1194 bonum
961 1142 1259 1209 gloriosum

187 1220 279 1280 est,
304 1220 399 1269 sed
426 1217 605 1267 finire.
656 1217 815 1277 Quod
849 1227 1064 1282 propter
1091 1215 1262 1265 Deum

187 1289 263 1353 fit,
291 1300 563 1339 aeternum
597 1298 695 1349 est,
735 1286 873 1338 sicut
917 1287 1064 1337 Deus
1106 1296 1265 1337 aeter-

191 1375 288 1411 nus
325 1368 428 1410 est.
457 1359 598 1409 Cum
625 1374 751 1424 ergo
785 1372 1069 1407 conversus
1104 1355 1269 1406 fueris

191 1432 249 1482 ad
274 1432 475 1489 Deum,
537 1439 595 1479 et
638 1427 862 1494 coeperis
908 1428 1020 1478 Deo
1049 1426 1266 1490 servire,

192 1515 241 1556 et
280 1519 447 1570 opera
503 1502 723 1568 justitiae
780 1501 980 1560 facere,
1026 1515 1122 1551 nec
1164 1499 1268 1550 ali-

191 1577 403 1644 quando
447 1586 562 1626 acta
593 1585 682 1625 tua
720 1572 981 1639 praeterita
1022 1572 1271 1623 recorde-

193 1649 281 1708 ris,
315 1648 411 1698 sed
463 1646 629 1696 finem
684 1655 840 1696 tuum
892 1644 1082 1711 cogita,
1142 1642 1270 1710 quia

193 1722 588 1790 praeteritorum
688 1736 914 1786 operum
997 1720 1266 1770 bonorum

190 1792 550 1845 consideratio
617 1791 1001 1857 negligentiam
1064 1792 1150 1841 vel
1203 1790 1273 1855 ja-

189 1865 449 1918 ctantiam
473 1873 742 1930 operatur,
787 1863 1138 1914 consideratio
1167 1878 1268 1913 au-

189 1947 297 1989 tem
330 1935 458 1986 finis
495 1935 768 1985 timorem.
792 1954 820 1982 >2
856 1934 1014 1986 Unde
1045 1944 1097 1984 et
1123 1935 1267 1984 Ber-

189 2009 398 2060 nardus
430 2024 449 2058 .·
482 2025 510 2054 α
550 2006 939 2057 Perseverantia
985 2015 1066 2057 est
1115 2005 1268 2070 vigor

189 2081 411 2140 virium,
438 2077 834 2129 consummatio
865 2077 1154 2141 virtutum,
1176 2094 1269 2127 nu-

190 2152 297 2203 trix
322 2153 387 2201 ad
418 2149 696 2211 meritum,
740 2148 1021 2200 mediatrix
1054 2151 1119 2199 ad
1145 2164 1270 2216 prae-

194 2232 557 2291 mium,soror
583 2228 869 2296 patientiae,
895 2229 1201 2280 constantiae
1215 2228 1273 2278 fi-

195 2306 283 2364 lia,
300 2303 474 2354 amica
500 2302 663 2369 pacis,
686 2300 1045 2353 amicitiarum
1075 2302 1269 2361 nodus,

196 2375 572 2429 unanimitatis
634 2374 944 2435 vinculum,
1012 2374 1270 2426 sanctita-

196 2452 265 2503 tis
295 2450 784 2517 propugnaculum.
825 2449 978 2499 Tolle
1023 2464 1271 2515 perseve-

197 2522 461 2581 rantiam,
517 2536 614 2570 nec
671 2520 997 2585 obsequium
1052 2519 1273 2569 habebit

197 2593 532 2650 mercedem,
605 2606 702 2641 nec
757 2589 1081 2641 beneficium
1149 2606 1273 2656 gra-

196 2665 351 2725 tiam,
384 2678 481 2713 nec
523 2661 783 2712 fortitudo
839 2662 1071 2712 laudem.
1104 2662 1276 2712 Deni-

199 2753 307 2804 que
336 2752 445 2785 non
489 2734 584 2801 qui
607 2732 885 2799 inceperit,
917 2734 1008 2783 sed
1029 2733 1120 2799 qui
1150 2749 1276 2797 rer·-

200 2806 550 2868 severaverit,
589 2805 675 2856 hic
708 2803 898 2855 salvus
925 2804 1029 2854 erit
1056 2822 1073 2855 .·
1102 2824 1129 2852 n
1161 2805 1278 2855 haec

199 2877 539 2931 Ber-nardus’.
606 2876 670 2925 Et
711 2885 837 2925 nota
880 2876 1027 2941 quod
1079 2876 1275 2942 duplex

200 2959 281 3001 est
339 2945 728 3013 perseverantia
759 2961 774 2995 z
805 2961 911 2996 una
968 2956 1050 2996 est
1078 2947 1278 3006 ¹conti-

200 3019 388 3071 nuatio
421 3018 474 3067 in
504 3016 661 3067 bonis
693 3016 966 3082 operibus„
1008 3018 1123 3068 haec
1167 3034 1277 3068 non

204 3090 372 3142 estin
417 3097 711 3154 praecepto3
763 3087 866 3138 alia
911 3098 992 3139 est
1029 3103 1278 3153 perseve-

202 3160 380 3212 rantia
406 3158 700 3209 voluntatis
729 3157 788 3207 in
818 3158 1096 3224 proposito
1146 3160 1281 3210 bene

205 3230 420 3299 agendi,
449 3240 502 3280 et
529 3229 640 3280 haec
669 3238 751 3279 est
773 3227 831 3279 in
859 3240 1135 3296 praecept0.

268 3303 305 3354 8
339 3304 658 3359 AmQufflno
705 3314 845 3350 FUGA
884 3317 1281 3353 rna-:menom-

205 3390 309 3427 nus
371 3386 754 3435 rnnmrrrrun,
798 3381 1104 3431 Antoninum
1153 3390 1280 3425 nott.

204 3475 268 3488 .-.
294 3446 360 3497 Et
390 3445 521 3511 quia
553 3443 797 3509 Apostoli
829 3445 1005 3495 adhuc
1027 3456 1177 3496 erant
1205 3446 1282 3496 in-

205 3519 373 3580 firmi,
415 3515 658 3565 nondum
703 3514 898 3565 virtute
933 3530 1009 3566 ex
1048 3516 1162 3568 alto
1189 3517 1281 3567 in·-

207 3592 346 3651 duti,
404 3589 559 3639 docet
606 3602 700 3638 eos
755 3597 1007 3655 tanquam
1067 3598 1282 3641 teneros

206 3666 413 3731 fugere,
463 3671 525 3712 ut
595 3660 840 3726 pluribus
892 3662 1103 3728 possint
1152 3679 1285 3728 pro-

209 3738 386 3795 desse,
437 3733 619 3784 dicens
654 3747 668 3782 :
701 3732 835 3783 Cum
876 3738 1053 3783 autem
1085 3748 1283 3800 perse-

212 3812 439 3875 quentur
465 3819 562 3856 vos
590 3803 645 3853 in
686 3816 791 3852 una
826 3803 1058 3867 civitate,
1091 3803 1285 3871 sugite

215 3880 271 3931 in
316 3878 502 3944 aliam,
567 3885 631 3927 ut
696 3874 932 3942 amplius
979 3876 1285 3945 divulgetur

2329 264 2435 316 479

1361 377 1557 412 nomen
1586 372 1826 414 vestrum
1878 374 1931 415 et
1970 373 2143 414 vestra
2179 364 2437 429 praedica-

1361 433 1439 484 tio
1489 433 1754 495 audiatur,
1798 446 1851 486 et
1881 445 1945 486 ut
1982 447 2170 487 vestrae
2200 435 2438 488 infirmi-

1361 504 1454 555 tati
1500 505 1861 571 provideatur,
1915 517 1968 557 et
2020 506 2270 557 hostibus
2317 523 2440 572 par-

1361 585 1528 626 catur.
1586 577 1743 628 Unde
1805 577 1881 627 ait
1954 577 2375 645 chrysostomus
2420 595 2438 628 .·

1364 668 1392 696 α
1415 649 1600 700 Sciens
1629 649 1687 699 in
1731 649 2121 701 tentationibus
2150 650 2439 702 infirmita-

1363 731 1473 771 tem
1516 721 1769 772 humanae
1798 732 2000 772 naturae
2033 739 2047 772 ε
2075 723 2140 773 Si
2162 723 2281 788 quis
2323 737 2436 785 vos,

1364 791 1558 858 inquit,
1579 800 1897 859 persecutus
1916 793 2100 859 fuerit
2122 794 2176 843 in
2220 794 2439 845 civitate

1365 864 1491 925 ista,
1529 862 1723 930 sugite
1753 865 1808 914 in
1839 864 2088 915 alteram.
2120 865 2241 914 Non
2288 864 2437 915 enim

1366 945 1654 984 contemno
1710 935 1952 995 timidos,
2004 950 2100 985 nec
2157 935 2297 1000 eligo
2335 946 2443 985 tan-

1367 1015 1484 1055 tum
1523 1004 1705 1065 fortes,
1747 1005 1874 1072 quia
1905 1021 2016 1056 non
2057 1005 2311 1056 virtutem
2338 1006 2444 1056 ho-

1370 1076 1583 1126 minum
1616 1078 1761 1127 Deus
1785 1076 2104 1140 considerat,
2125 1078 2213 1127 sed
2244 1079 2443 1128 volun-

1369 1159 1553 1200 tatem.
1608 1149 1745 1199 Nam
1810 1148 1902 1199 ille
1968 1148 2061 1214 qui
2116 1148 2283 1214 fugit,
2340 1149 2439 1199 etsi

1368 1220 1568 1272 virtute
1611 1221 1841 1288 quidem·
1879 1221 2159 1272 dissimilis
2204 1231 2302 1285 est,
2340 1237 2441 1272 vo-

1372 1294 1577 1344 luntate
1633 1304 1815 1345 tamen
1872 1294 2095 1360 aequalis
2148 1304 2247 1345 est.
2301 1294 2440 1344 Nam

1373 1364 1515 1415 sicut
1538 1365 1639 1415 iste
1670 1365 1790 1415 ideo
1817 1380 2006 1431 passus
2033 1376 2131 1425 est,
2155 1381 2222 1415 ne
2252 1381 2309 1416 se
2336 1380 2444 1416 ma-

1374 1435 1457 1501 gis
1504 1434 1745 1486 videatur
1794 1451 1989 1496 amare,
2031 1451 2195 1501 quam
2233 1437 2441 1497 Deum;

1373 1507 1447 1557 ita
1486 1516 1538 1557 et
1564 1506 1655 1556 ille
1708 1506 1829 1557 ideo
1860 1505 2015 1571 fugit,
2068 1520 2135 1555 ne
2163 1506 2339 1556 victus
2385 1506 2443 1555 in
2497 1528 2504 1535 ·

1375 1576 1653 1628 doloribus
1678 1578 1991 1628 thesaurum
2022 1575 2445 1627 Christianitatis

1374 1648 1601 1699 amittat.
1642 1649 1757 1698 Hoc
1778 1658 1959 1698 autem
1986 1647 2222 1706 mandat,
2253 1664 2362 1697 non
2382 1658 2445 1697 ut

1374 1719 1469 1788 qui
1508 1719 1716 1770 steterit
1748 1729 1953 1785 peccet;
2001 1719 2095 1769 sed
2138 1728 2198 1770 ut
2225 1718 2320 1784 qui
2351 1719 2443 1768 fu-

1375 1793 1530 1859 gerit,
1573 1809 1683 1843 non
1727 1802 1919 1858 peccet.
1981 1792 2285 1842 Infirmitati
2334 1792 2443 1841 hu·-

1375 1883 1550 1919 manae
1578 1868 1837 1929 consulit,
1870 1884 1978 1917 non
2000 1867 2125 1917 fidei
2156 1866 2447 1933 promptio-

1375 1940 1453 1991 ris
1525 1939 1781 1990 virtutem
1870 1939 2123 1989 excludit.
2208 1937 2452 1988 Dicimus

1375 2019 1553 2060 autem
1616 2010 1681 2059 ad
1741 2008 2167 2059 consolationem
2229 2006 2450 2072 fugien-

1375 2081 1513 2130 tium
1544 2080 2004 2139 Christianorum,
2038 2079 2299 2145 quoniam
2338 2089 2452 2128 sta-

1376 2167 1434 2202 re
1487 2151 1709 2218 quidem
1752 2150 1909 2202 fortis
1949 2151 2070 2201 fidei
2105 2160 2214 2213 est;
2243 2163 2450 2215 magnae

1375 2232 1557 2273 autem
1603 2222 1947 2283 humilitatis,
1995 2222 2177 2288 fugere
2216 2238 2229 2270 :
2266 2240 2293 2267 n
2336 2221 2448 2270 haec

1381 2294 1821 2359 chrysostomus.
1863 2294 2018 2344 Unde
2040 2302 2092 2342 et
2119 2290 2403 2356 Remigius
2433 2307 2450 2339 .-

1380 2386 1408 2414 (ι
1436 2367 1587 2417 Sicut
1615 2377 1940 2432 praeceptum
1992 2363 2363 2431 perseverandi
2393 2362 2447 2412 in

1382 2437 1843 2504 persecutionibus
1876 2437 2174 2503 specialiter
2209 2435 2275 2485 ad
2311 2436 2448 2500 Apo-

1383 2512 1550 2561 stolos
1610 2509 1860 2575 pertinet,
1902 2518 1955 2558 et
1985 2507 2049 2557 ad
2101 2522 2289 2557 eorum
2322 2521 2449 2555 suc-

1382 2595 1616 2632 cessores
1675 2579 1821 2630 viros
1871 2579 2066 2642 fortes;
2115 2577 2191 2627 sic
2237 2575 2452 2627 licentia

1381 2652 1622 2718 fugiendi
1649 2652 1788 2702 'satis
1834 2650 2081 2701 convenit
2121 2648 2351 2699 infirmis
2392 2645 2451 2696 in

1382 2725 1505 2776 fide.
1588 2725 1823 2776 Cuilibet
1901 2720 2275 2773 condescendit
2330 2719 2452 2785 pius

1384 2798 1655 2865 Magister,
1683 2813 1749 2849 ne
1788 2798 1833 2848 si
1868 2813 1925 2848 se
1959 2799 2101 2847 ultro
2150 2796 2213 2845 ad
2244 2803 2451 2859 marty-

1385 2870 1528 2921 rium
1578 2869 1930 2929 obtulissent,
1993 2867 2235 2919 fortassis
2292 2864 2453 2932 positi

1387 2941 1441 2991 in
1472 2940 1754 2991 tormentis
1782 2950 2058 3007 negarent;
2092 2938 2261 2989 levius
2307 2936 2453 2987 enim

1386 3023 1497 3065 erat
1514 3014 1697 3080 fugere
1721 3029 1882 3081 quam
1910 3027 2124 3079 negare.
2150 3012 2254 3061 Sed
2270 3024 2455 3075 quam-

1386 3087 1470 3138 vis
1524 3087 1778 3152 fugiendo
1835 3084 2079 3152 perfectae
2151 3076 2274 3132 fidei
2321 3097 2458 3132 con-

1389 3157 1642 3209 stantiam
1702 3157 1759 3207 in
1820 3172 1878 3207 se
1928 3172 2036 3205 non
2078 3154 2454 3211 ostenderent,

1390 3242 1568 3282 tamen
1622 3230 1794 3296 magis
1848 3228 2026 3280 meriti
2075 3237 2254 3287 erant,
2312 3241 2455 3292 quo—

1389 3305 1536 3355 niam
1592 3304 1775 3355 omnia
1838 3319 1936 3369 pro
2002 3300 2220 3353 Christo
2287 3298 2454 3366 parati

1389 3386 1539 3426 erant
1580 3375 1822 3425 deserere
1866 3372 2141 3439 fugiendo,
2198 3370 2315 3421 Nisi
2356 3384 2459 3419 au·-

1389 3458 1499 3499 tem
1548 3447 1659 3497 illis
1702 3445 1973 3497 licentiam
2002 3443 2241 3510 fugiendi
2267 3441 2456 3492 dedis-

1390 3527 1488 3578 set,
1529 3517 1765 3568 dicerent
1793 3532 1883 3567 eos
1911 3514 2080 3581 aliqui
2114 3513 2315 3564 alienos
2341 3526 2459 3561 esse

1388 3604 1419 3640 a
1443 3588 1611 3655 gloria
1662 3586 1814 3653 regni
1842 3585 2072 3637 coelestis
2097 3602 2113 3635 ι
2148 3604 2171 3629 »
2200 3583 2315 3632 haec
2357 3582 2461 3632 Re-

1389 3659 1609 3726 migius·
1640 3660 1745 3712 Ubi
1782 3659 2062 3710 sciendum
2102 3656 2245 3722 quod
2279 3667 2467 3718 perse-

1390 3732 1538 3782 cutio
1587 3731 1877 3798 aliquando
1933 3738 2013 3780 est
2057 3723 2372 3794 personalis,
2399 3733 2462 3773 ut

1391 3804 1608 3871 quando
1649 3803 1775 3869 quis
1811 3801 2072 3869 quaeritur
2111 3800 2176 3849 ad
2209 3806 2461 3856 mortem,

1394 3891 1506 3926 non
1548 3874 1679 3942 quia
1724 3872 1901 3925 fidelis
1945 3870 2320 3938 principaliter,
2368 3867 2462 3918 sed
