2757 4413
246 288 329 339 DE
355 288 793 339 REVERSIONE
818 287 1066 351 APOST.
1096 288 1189 340 AC
1217 288 1552 340 MISSIONE
1581 291 1771 341 LXXII
1804 291 2138 346 DISCIPUL.
2193 294 2289 348 531

131 422 227 460 suos
260 407 408 472 dirigi
430 445 445 467 ,
493 408 711 473 gaudet;
764 408 839 459 sic
882 410 1131 462 Christus

128 480 308 531 exsultat
327 480 471 545 quod
499 479 748 544 discipuli
777 482 938 532 tantis
971 483 1130 534 bonis

126 551 218 602 facti
232 562 343 601 sunt
362 550 526 616 digni.
545 570 572 598 ι)
600 551 749 601 Unde
770 561 821 602 et
847 553 1096 621 Cyrinus
1111 568 1129 601 .-

127 641 147 670 ι
168 624 370 689 Inspexit
396 623 613 689 quidem
634 639 727 689 per
752 623 983 690 Spiritus
1011 641 1131 692 ope-

125 697 365 758 rationem,
402 712 561 762 quam
597 698 868 762 Apostolis
894 699 1128 761 tradidit,

125 768 314 833 plurium
343 768 769 835 acquisitionem.
813 770 966 822 Unde
993 780 1044 822 et
1073 772 1128 821 in

124 837 280 904 Spiritu
309 841 494 890 Sancto
549 840 755 890 laetatus
801 840 1017 903 dicitur,
1072 842 1127 893 id

123 913 254 962 estin
293 913 563 967 effectibus
590 913 683 979 qui
729 929 821 979 per
864 914 1125 981 Spiritum

122 981 325 1032 Sanctum
369 984 707 1050 proveniunt.
758 985 924 1046 Quasi
978 987 1125 1037 enim

123 1066 277 1105 amator
320 1057 602 1108 hominum
646 1058 824 1123 gaudii
851 1061 1126 1126 reputabat

122 1137 345 1178 materiam
373 1129 777 1180 conversionem
810 1131 1123 1191 errantium,

122 1194 168 1244 de
180 1211 266 1262 quo
291 1199 480 1263 gratias
502 1199 613 1264 egit
637 1216 650 1249 ι
670 1219 698 1248 »
721 1199 834 1251 haec
853 1201 1121 1267 Cyn-illus,

122 1265 278 1318 Gratias
303 1283 424 1335 ergo
453 1269 580 1336 egit,
614 1270 796 1321 dicens
818 1288 832 1321 ε
856 1270 1125 1339 Confiteor

120 1336 201 1399 tibi,
234 1336 279 1387 id
307 1350 381 1389 est
407 1340 608 1406 gratias
637 1356 755 1407 ag0,
788 1351 840 1392 et
866 1343 1026 1393 laudo
1053 1351 1121 1403 te,

120 1409 256 1476 Pater,
283 1427 369 1477 per
406 1422 667 1464 aeternam
706 1415 1121 1480 generationem,

118 1479 289 1532 Domine
315 1483 431 1534 coeli
471 1491 527 1534 et
553 1490 729 1548 terrae,
761 1485 1121 1537 invisibilium

119 1550 444 1614 etvisibilium,
478 1570 575 1620 per
600 1558 945 1621 temporalem
974 1572 1122 1608 crea-

121 1619 295 1687 tionem3
327 1625 452 1690 quia
484 1625 815 1677 abscondisti
842 1643 934 1693 per
962 1627 1122 1692 justi-

120 1689 208 1742 tiam
236 1695 360 1758 haec,
403 1697 615 1748 scilicet
637 1699 891 1764 mysteria
918 1699 1041 1750 fidei
1068 1709 1120 1750 et

119 1774 253 1814 arcana
284 1767 554 1831 sapientiae
593 1777 726 1829 tuae,
769 1784 891 1836 quae
934 1769 988 1820 in
1021 1771 1119 1820 ad-

121 1844 231 1883 ventu
258 1836 368 1886 Filii
397 1846 530 1887 sunt
561 1838 779 1903 impleta
790 1855 805 1903 ;
841 1854 876 1890 a
903 1842 1119 1906 sapien-

122 1904 216 1955 tibus
272 1915 319 1958 et
375 1910 736 1975 prudentibus
752 1951 770 1976 ,
826 1914 1117 1964 secundum

122 1987 227 2027 suam
280 1980 664 2045 reputationem
723 1992 778 2034 et
829 1983 888 2034 in
942 1985 1117 2036 oculis

121 2046 211 2108 suis,
229 2051 406 2102 scilicet
445 2053 652 2104 Scribis
679 2064 730 2105 et
761 2055 1040 2107 Pharisaeis
1063 2066 1117 2108 et

120 2117 201 2195 aliis
217 2123 434 2187 superbis
463 2125 793 2192 sapientibus
811 2127 1030 2192 quidem
1056 2127 1115 2178 in

122 2186 276 2252 divinis,
302 2203 357 2243 ut
386 2193 444 2245 in
476 2194 620 2261 Lege
647 2205 699 2247 et
734 2196 1033 2263 Prophetis,
1061 2206 1113 2249 et

117 2262 391 2321 prudentibus
425 2266 486 2315 in
517 2268 833 2330 mundanis,
878 2284 970 2319 seu
1001 2270 1114 2320 hu·-

120 2331 263 2398 manis3
294 2336 368 2385 vel
399 2337 761 2403 sapientibus,
813 2341 1111 2391 secundum

117 2400 439 2471 philosophiam
501 2408 795 2461 humanam
814 2449 829 2471 ,
888 2413 955 2461 de
1003 2427 1110 2478 qua

116 2470 333 2551 Apostolus
367 2495 381 2528 :
410 2480 648 2531 Stultam
667 2480 808 2545 fecit
834 2482 982 2533 Deus
1010 2497 1109 2534 sa·-

114 2546 302 2604 mentium
343 2550 504 2617 hujus
537 2552 737 2603 mundi.
772 2553 899 2604 Haec
929 2563 1109 2605 autem

116 2621 167 2660 est
183 2615 364 2681 triplex,
399 2621 605 2671 scilicet
625 2629 857 2688 terrena,
894 2635 1109 2691 propter

114 2682 291 2762 affectum
309 2700 525 2742 terrenae
544 2694 850 2759 cupiditatis
861 2710 877 2758 ;
897 2696 1110 2746 anima-

114 2751 173 2832 lis,
184 2770 359 2825 propter
369 2763 617 2814 affectum
636 2766 832 2816 carnali
848 2767 1109 2832 svolupta-

113 2828 429 2907 uffidiabolica,
453 2845 671 2901 propter
692 2836 938 2887 affectum
953 2852 1108 2887 mun-

113 2893 222 2947 dialis
251 2904 604 2958 sublimitatis.
661 2907 902 2957 Terrena
937 2918 1018 2959 est
1045 2908 1103 2958 in

112 2969 259 3032 cupidis
283 2984 330 3024 et
366 2976 568 3040 avaris3
615 2977 885 3039 animaliS,
918 2978 974 3028 in
1000 2994 1103 3029 vo·-

112 3037 309 3113 luptuosis
347 3059 398 3098 et
442 3049 766 3116 luxuriosis;
812 3051 1098 3116 diabolica,

112 3120 148 3156 ln
167 3117 374 3179 superbis
409 3129 460 3169 et
493 3119 810 3172 ambitiosis,
843 3121 920 3171 Et
946 3136 1102 3172 reve-

113 3175 199 3260 lasti
227 3198 278 3235 ea
296 3189 569 3253 parvuliS,
597 3190 652 3240 id
683 3201 763 3241 est
800 3190 1101 3242 humilibus

112 3255 143 3295 et
173 3255 466 3331 intellectum
502 3258 556 3308 in
609 3260 932 3327 obsequium
973 3260 1098 3312 fidei

111 3326 451 3389 captivantibus,
497 3329 698 3380 scilicet
744 3331 1099 3398 piscatoribus

111 3396 152 3465 et·
167 3391 259 3443 aliis
284 3396 610 3464 simplicibus
635 3415 692 3450 se
732 3401 958 3452 exaltare
994 3418 1098 3453 ne-

112 3462 362 3517 scientibus:
385 3478 446 3519 ut
475 3468 709 3520 humiles
728 3471 793 3520 ad
813 3480 866 3522 te
882 3472 1098 3522 veniant

115 3533 341 3599 ftsuperbi
379 3553 409 3588 a
453 3547 505 3588 te
539 3539 799 3590 recedant.
844 3541 1096 3593 Christus

115 3606 204 3669 {¹¹00
222 3607 346 3670 quod
365 3607 526 3669 Deus,
568 3617 649 3659 est
673 3610 894 3676 aequalis
920 3612 1091 3677 Patri;

118 3676 148 3712 ¹¹¹
165 3682 210 3749 ep
230 3678 354 3740 quod
381 3678 570 3740 h0m0,
600 3680 901 3743 confitetur,
930 3680 985 3731 id
1010 3693 1093 3736 est

120 3745 239 3793 firmas
272 3747 372 3811 agit
405 3747 516 3799 Deo
566 3748 724 3814 Patri,
753 3750 864 3800 imo
901 3750 1094 3810 indivi-

121 3800 186 3881 dllae
218 3812 463 3868 Trinitati.
508 3818 739 3869 Pulchre
772 3829 951 3884 autem
994 3836 1089 3873 sa-

123 3880 298 3935 mentibus
329 3894 378 3938 et
404 3888 770 3956 prudentibus,
800 3906 910 3942 non
944 3891 1086 3952 insi-

186 3994 298 4051 Vm
326 4003 444 4056 Jmu
472 4006 712 4071 camsi-1,
743 4008 928 4063 Toxus
952 4010 1017 4063 11.

1236 411 1445 477 pientes
1498 421 1550 462 et
1596 409 1831 471 hebetes,
1871 411 1965 461 sed
2010 415 2295 482 parvulos,

1235 483 1288 532 id
1322 491 1402 533 est
1431 481 1667 533 humiles
1695 482 1962 547 opposuit,
1992 494 2069 544 ut,
2099 501 2296 537 secun-

1233 554 1364 604 dum
1396 553 1738 618 Gregorium,
1777 554 2021 618 probaret
2054 571 2111 606 se
2139 557 2298 608 dam-

1235 639 1362 674 nare
1405 623 1651 673 timorem
1693 631 1745 672 et
1788 623 2124 688 superbiam,
2186 643 2297 679 non

1233 708 1456 743 acumen
1498 692 1699 758 ingenii
1746 701 1797 742 et
1846 694 2193 759 sapientiam;
2249 707 2302 749 et

1233 767 1528 816 secundum
1566 764 2036 829 Chrrsostomum,
2086 778 2146 819 ut
2173 785 2302 821 eru-

1232 836 1370 888 diret
1425 853 1520 904 per
1566 836 1750 888 omnia
1802 853 1901 888 nos
1951 839 2019 888 ab
2072 840 2303 893 elatione

1231 907 1346 958 erui
1378 918 1432 958 et
1466 909 1828 959 humilitatem
1859 909 2043 959 zelare.
2071 911 2301 976 Magnus

1230 979 1409 1031 honor
1443 997 1509 1031 ex
1544 982 1648 1032 hoc
1670 991 1751 1032 est
1789 981 2093 1032 humilibus
2126 984 2296 1045 veris,

1230 1051 1360 1118 quia
1405 1062 1534 1103 sunt
1562 1053 1628 1103 de
1663 1062 1863 1103 secreto
1892 1052 2120 1103 consilio
2154 1069 2300 1105 sum-

1231 1123 1307 1173 mi
1340 1123 1522 1189 RegiS,
1556 1123 1726 1174 vocati
1758 1134 1810 1174 et
1836 1123 2059 1174 admissi
2091 1125 2157 1175 ad
2191 1142 2298 1177 no-

1227 1194 1398 1244 titiam
1470 1193 1724 1245 veritatiS.
1803 1194 1876 1245 Ut
1952 1194 2099 1243 enim
2163 1195 2297 1247 dicit

1229 1266 1382 1316 Beda
1410 1283 1427 1316 .·
1466 1284 1495 1313 α
1538 1264 1830 1316 Humilitas
1861 1274 1942 1315 est
1970 1265 2131 1316 clavis
2158 1282 2294 1317 con-

1227 1335 1488 1396 scientiae,
1530 1350 1637 1402 qua
1675 1335 1740 1385 ad
1784 1334 2030 1385 notitiam
2058 1335 2297 1388 veritatis

1227 1409 1430 1459 Christi
1488 1407 1683 1474 poterit
1741 1407 2021 1473 perveniri.
2085 1426 2113 1455 »
2183 1410 2291 1460 Ubi

1228 1479 1651 1545 Chrysostomus
1680 1494 1695 1527 ε
1736 1495 1764 1524 ι(
1804 1477 2012 1528 Gratias
2032 1478 2142 1542 agit
2163 1479 2292 1545 quia

1225 1551 1514 1602 illuminati
1550 1561 1678 1602 sunt
1713 1551 1900 1601 rustici
1938 1561 1990 1601 et
2021 1550 2295 1618 simplices

1224 1621 1491 1679 homines,
1516 1622 1612 1688 qui
1644 1618 1818 1672 totum
1847 1622 2112 1689 quidquid
2146 1622 2291 1674 fece-

1223 1693 1334 1743 rint
1363 1692 1491 1743 boni
1527 1692 1795 1759 imputant
1814 1679 2043 1756 ausstorh
2067 1708 2177 1744 non
2205 1708 2293 1745 sa-
2335 1738 2342 1751 ,

1223 1764 1432 1830 pientes
1449 1765 1758 1816 Judaeorum
1780 1764 1874 1831 qui
1901 1765 2051 1830 prius
2076 1765 2293 1832 sapien-

1222 1843 1302 1884 tes
1328 1834 1648 1885 videbantur
1670 1835 1729 1885 in
1764 1835 1994 1901 eloquiis
2020 1835 2137 1896 Dei,
2169 1851 2293 1886 cum

1223 1920 1333 1954 non
1346 1915 1528 1955 essent
1548 1905 1810 1970 sapientes
1832 1923 1845 1955 z
1867 1904 2126 1971 sapientia
2144 1906 2293 1956 enim

1220 1986 1302 2027 est
1321 1992 1428 2026 non
1453 1976 1668 2043 eloquia
1693 1976 1789 2028 Dei
1811 1977 1962 2038 scire,
1990 1978 2081 2045 sed
2105 1993 2294 2028 secun-

1219 2049 1349 2099 dum
1378 2049 1591 2116 eloquia
1630 2049 1725 2100 Dei
1764 2048 1957 2101 vivere.
1992 2051 2079 2101 Tu
2108 2061 2287 2102 autem

1217 2119 1283 2169 ad
1343 2134 1691 2186 quascunque
1749 2118 1981 2170 volueris
2034 2135 2287 2186 personas

1218 2200 1367 2258 potes
1407 2191 1626 2243 dilatare
1671 2200 1980 2256 tractatum;
2027 2192 2286 2259 quoniam

1217 2275 1268 2316 et
1290 2265 1545 2316 omnibus
1578 2265 1923 2331 sapientibus,
1964 2265 2060 2330 qui
2088 2281 2284 2316 secun-

1215 2336 1346 2387 dum
1390 2350 1610 2386 sensum
1646 2334 1820 2385 carnis
1856 2344 1983 2385 sunt
2020 2335 2285 2400 sapientes

1216 2416 1267 2456 et
1307 2421 1416 2456 non
1444 2405 1736 2455 secundum
1775 2404 2027 2470 spiritum
2069 2405 2283 2466 cordis,

1214 2476 1493 2526 abscondit
1520 2476 1665 2526 Deus
1713 2489 1925 2540 semper
1965 2473 2282 2540 mysterium

1213 2546 1452 2597 veritatis
1504 2556 1555 2596 et
1598 2546 1803 2597 revelat
1845 2544 1977 2595 illud
2010 2544 2283 2610 parvulis.

1213 2618 1299 2668 Sic
1326 2634 1453 2685 ergo
1482 2619 1628 2685 quod
1648 2619 1675 2669 J
1681 2617 1820 2669 udaei
1843 2615 2086 2683 quotidie
2109 2616 2284 2667 medi-

1212 2696 1384 2738 tantes
1424 2688 1593 2754 legem
1633 2687 1729 2738 Dei
1760 2686 2000 2738 invenire
2039 2702 2146 2736 non
2175 2702 2279 2753 po-

1210 2768 1457 2823 tuerunt,
1491 2759 1777 2825 piscatores
1820 2767 1871 2808 et
1906 2756 2091 2807 rustici
2123 2756 2279 2808 inve-

1211 2837 1404 2879 nerunt
1481 2827 1726 2894 quotidie
1792 2836 2074 2878 tractantes
2147 2827 2279 2879 retia

1210 2898 1461 2949 manibus
1480 2896 1594 2948 suis
1615 2914 1628 2948 :
1646 2917 1673 2945 n
1698 2896 1812 2948 haec
1836 2896 2275 2964 chrysostomus,

1209 2970 1328 3019 Non
1371 2969 1579 3019 laetatur
1625 2967 1891 3018 Dominus
1929 2966 2057 3033 quia
2093 2977 2145 3017 et
2185 2981 2276 3018 sa·-

1207 3039 1478 3105 pientibus
1502 3040 1821 3091 occultatum
1840 3077 1854 3099 ,
1893 3038 1984 3088 sed
2010 3038 2139 3104 quia
2167 3037 2275 3088 hu-

1210 3112 1434 3163 milibus
1480 3122 1560 3163 est
1602 3112 1890 3162 revelatum
1932 3127 1948 3161 2
1996 3110 2124 3176 quia
2171 3110 2273 3161 hoc

1205 3182 1431 3248 dignum
1461 3193 1541 3233 est
1569 3181 1766 3247 laetitia,
1786 3180 1922 3232 illud
1940 3188 2120 3231 autem
2145 3195 2273 3231 moe·

1206 3252 1370 3304 stitia.
1411 3252 1567 3304 Unde
1610 3251 1753 3302 idem
1799 3250 2221 3316 chrysostomus
2248 3266 2267 3300 .-

1205 3341 1233 3370 «
1264 3322 1410 3383 Quid
1434 3321 1597 3389 igitur
1620 3320 1678 3371 in
1709 3319 2009 3386 perditione
2032 3318 2270 3369 laetatur?

1203 3394 1270 3444 Et
1317 3393 1445 3460 quia
1492 3408 1601 3442 non
1647 3390 1949 3441 didicerunt
1993 3388 2097 3438 hoc
2148 3387 2269 3439 illi?

1203 3464 1576 3529 Nequaquam.
1619 3460 1929 3511 Revelatum
1966 3457 2113 3510 enim
2151 3473 2266 3509 esse

1200 3535 1289 3586 his
1335 3535 1562 3603 dignum
1617 3542 1697 3584 est
1747 3531 1955 3595 laetitia3
2011 3529 2263 3581 occultari

1198 3616 1378 3657 autern
1424 3607 1491 3658 ab
1532 3605 1641 3656 illis
1672 3619 1783 3653 non
1818 3602 2018 3664 laetitia,
2057 3600 2149 3653 sed
2181 3602 2265 3650 la-

1199 3677 1397 3745 crymis
1428 3688 1508 3730 est
1530 3676 1776 3744 dignum.
1809 3676 1924 3727 Hoc
1949 3673 2181 3740 denique
2211 3681 2264 3724 et

1199 3748 1322 3800 fecit
1372 3749 1560 3815 lugens
1620 3746 1904 3798 civitatem.
1963 3744 2088 3794 Non
2136 3755 2263 3807 ergo

1199 3828 1415 3886 propter
1454 3819 1556 3870 hoc
1589 3817 1815 3876 laetatur,
1846 3824 1897 3865 et
1930 3813 2125 3880 gratias
2156 3809 2266 3876 agit

1197 3892 1343 3958 quod
1375 3891 1473 3943 Dei
1508 3888 1761 3957 mysteria
1794 3885 2027 3939 latebant
2052 3882 2265 3935 Scribas

2045 3996 2081 4049 6
