2757 4413
203 358 311 424 824
1041 349 1259 405 mnan
1291 351 1632 406 camum..

262 475 411 524 Deus
450 465 836 538 recipientibus
870 481 1005 521 suot
1022 481 1112 519 rc·-

263 544 483 595 tribuet.
1161 538 1262 590 502

236 614 263 665 3
315 613 706 680 Hospitalitatis
747 610 1001 663 meritum
1058 619 1114 663 et

264 685 677 737 commendatiO.
1162 683 1261 735 503

232 771 270 821 4
318 758 378 806 ln
432 754 796 805 sacerdotibus
852 753 1108 805 Christus

262 827 504 894 loquitur
524 835 575 876 et
602 825 659 874 in
690 823 769 873 eis
804 825 1110 875 contemni-

1439 478 1548 520 tur.
2336 474 2456 541 504

1407 539 1435 590 5
1467 540 1722 590 Meritum
1750 539 2144 595 obedientiae-et
2162 559 2290 597 ma·-

1435 612 1488 664 la
1511 614 1740 680 propriae
1769 616 2079 669 voluntatis.
2336 621 2446 673 505

1405 681 1438 733 6
1468 683 1726 734 Christus
1739 686 2028 750 Apostolos
2052 690 2291 756 adzprae-

1435 755 1730 808 dicandum
1802 759 2024 810 mittens
2075 772 2282 813 semet·-

1434 828 1616 895 ipsum
1635 832 1714 882 eis
1736 833 1934 898 praebet
1957 838 2281 903 exemplum.
2339 837 2456 889 506

562 1018 801 1073 CAPUT
840 1019 976 1074 LVI.
1016 1052 1077 1062 -
1097 1021 1183 1077 De
1222 1027 1519 1093 quaestione
1561 1028 1791 1084 Joannis
1818 1033 2088 1099 Baptista?

960 1119 1013 1164 et
1049 1114 1165 1180 ejus
1200 1120 1676 1173 commendatione.

234 1281 254 1315 1
291 1266 586 1316 Praecursor
613 1263 839 1317 Domini¹
859 1265 1105 1333 discipu-

259 1337 341 1388 los
382 1349 510 1388 suos
555 1337 619 1387 ad
657 1353 782 1388 eum
811 1335 997 1398 mittit,
1045 1347 1111 1388 ut

257 1408 437 1534 ipIsurn
466 1408 811 1533 igtltlzrrogent.
1020 1499 1044 1515 a
1156 1407 1259 1478 507

229 1492 911 1619 ²m32¹0⁵u103532²12⁵0n¹322
945 1498 1109 1550 op-ra
1156 1550 1258 1605 508

229 1625 258 1676 3
308 1627 580 1677 Moraliter
661 1642 755 1677 sex
844 1627 1102 1678 miracula

258 1699 463 1750 Christi
499 1710 684 1750 contra
708 1698 933 1750 totidem
964 1698 1108 1750 mala

258 1767 578 1834 spiritualia.
1156 1766 1259 1837 509

226 1855 264 1904 4
290 1841 461 1890 Nemo
490 1841 547 1889 in
577 1840 795 1891 Christo
836 1841 1105 1891 scandali-

257 1912 366 1961 zari
400 1913 574 1962 debet.
1156 1911 1258 1963 510

230 1982 259 2032 5
317 1983 428 2032 Cur
503 1981 768 2032 Dominus
843 1983 1105 2034 Joannem

257 2051 728 2117 commendaverit,
753 2061 805 2103 et
828 2053 882 2103 in
910 2052 1108 2104 absen-

256 2125 333 2177 tia
357 2125 749 2191 discipulorum
771 2126 920 2192 ejus?
1157 2123 1262 2177 510

228 2196 261 2249 6
316 2198 736 2250 Commendatur
803 2200 1107 2251 Praecursor

258 2285 291 2321 a
316 2270 616 2322 constantia
643 2270 767 2322 fidei
797 2279 851 2321 et
876 2271 1094 2321 mentis.
1152 2270 1211 2321 51
1230 2286 1248 2320 1

1406 1286 1439 1338 7
1467 1269 1895 1325 commendatur
1945 1273 2013 1325 ab
2055 1274 2285 1326 austeri-

1434 1352 1540 1393 tate
1570 1339 1695 1394 vitae
1723 1354 1776 1395 et
1804 1343 2153 1411 poenitentiae.
2337 1346 2406 1397 51
2424 1364 2442 1397 1

1403 1409 1437 1463 8
1468 1411 1890 1466 Commendatur
1915 1431 1945 1465 a
1969 1432 2214 1481 persona.
2337 1415 2367 1467 5
2383 1433 2402 1467 1
2417 1417 2448 1467 3

1403 1500 1437 1552 9
1479 1484 1902 1535 Commendatur
1936 1486 2003 1536 ab
2048 1486 2285 1537 auctori-

1433 1565 1539 1606 tate
1567 1556 1821 1606 doctrinae
1850 1566 1903 1607 et
1935 1557 2002 1607 ab
2034 1555 2231 1609 officie.
2333 1556 2360 1608 5
2377 1575 2396 1608 1
2413 1558 2441 1609 3

1298 1665 1307 1676 .
1378 1639 1442 1676 10
1471 1626 1644 1677 Nemo
1682 1627 1826 1678 inter
1863 1627 2120 1679 homines
2166 1644 2285 1680 ma.-

1431 1696 1515 1760 jor
1547 1696 1876 1747 Praecursore
1901 1695 2142 1748 Domini.
2336 1695 2365 1748 5
2383 1714 2455 1763 ¹4

1378 1782 1398 1816 1
1416 1781 1434 1816 1
1474 1764 1894 1819 Commendamr
1924 1783 1954 1819 a
1979 1767 2287 1819 commodi-

1434 1847 1539 1888 tate
1568 1838 1829 1904 temporis
1856 1856 1966 1905 quo
1995 1837 2162 1890 venit.
2337 1839 2365 1890 5
2383 1856 2401 1891 1
2418 1840 2447 1891 5

1377 1924 1439 1959 12
1476 1909 1620 1970 Quid
1653 1910 1725 1962 sit
1750 1911 2004 1962 violentia
2051 1928 2283 1977 regnum

1433 1981 1692 2033 coelorum
1723 1982 1939 2048 rapere?
2338 1983 2366 2033 5
2384 2001 2403 2035 1
2415 1984 2456 2035 6

1329 2045 1337 2072 ‘²
1380 2049 1444 2101 13
1473 2050 1708 2104 Joannes.
1742 2053 1956 2103 medius
1997 2053 2106 2104 fuit
2144 2052 2287 2104 inter

1431 2132 1667 2173 veterem
1694 2132 1746 2173 et
1776 2139 1968 2174 novam
1988 2123 2205 2190 Legem.
2337 2124 2366 2174 5
2383 2140 2401 2175 1
2416 2142 2452 2191 7

1377 2213 1444 2262 14
1473 2196 1599 2262 Ejus
1627 2197 1745 2248 laus
1773 2206 1824 2248 et
1854 2197 2148 2262 praeconia.
2335 2197 2450 2266 517

1377 2270 1438 2321 15
1472 2272 1595 2332 Quo
1623 2287 1783 2323 sensu
1810 2271 1972 2337 fuerit
1997 2271 2163 2323 Elias.
2335 2273 2364 2323 5
2381 2275 2464 2324 18-

482 2460 732 2515 CAPUT
775 2461 938 2513 LVII.
969 2488 1041 2500 ——·=
1069 2461 1157 2512 De
1188 2462 1552 2529 increpatione
1595 2470 1648 2514 et
1690 2464 2127 2518 condemnatione

979 2549 1272 2618 infidelium
1312 2552 1660 2604 Judaeorum..
1865 2574 1868 2579 ·

238 2712 265 2749 ιἸ
315 2696 582 2749 Dominus
635 2696 943 2763 superbiam
1007 2697 1109 2748 Ju-

263 2769 535 2829 daeorum‚
587 2782 725 2836 quos
777 2783 889 2818 non
939 2768 1110 2818 movit

263 2841 569 2909 praedicatio
614 2838 868 2902 Joannis,
930 2839 1110 2892 incre-

256 2922 371 2978 pat.
1160 2911 1263 2980 519

232 2998 265 3052 q
304 2982 669 3047 Spiritualiter
700 2989 889 3032 cantus
929 2988 982 3032 et
1025 2980 1109 3032 la-

261 3061 509 3103 mentum
555 3051 964 3117 praedicantium
1003 3051 1109 3102 tri—-

259 3125 404 3192 plex.
1157 3118 1261 3176 520

230 3198 259 3249 3
307 3196 474 3249 Judaei
525 3209 782 3263 perverse*
819 3197 1111 3249 austerita-

254 3275 368 3321 tem
417 3267 639 3319 Joannis
679 3277 733 3317 et
772 3268 1105 3319 condescen-

256 3339 498 3392 dentiam
524 3338 727 3390 Christi
750 3337 1105 3406 interpretan-

257 3422 365 3464 tur.
1154 3411 1260 3463 520

1404 2714 1441 2763 4
1472 2698 1581 2749 Per
1601 2697 1749 2764 ipsos
1776 2698 2100 2753 detractores
2124 2702 2287 2769 signi-

1435 2768 1677 2820 ficantur.
2339 2772 2409 2826 52
2428 2795 2444 2827 1

1408 2839 1436 2890 5
1472 2839 1767 2891 Civitatum
1797 2843 2097 2903 corozaim,
2129 2843 2288 2894 Beth-

1434 2908 1598 2962 saidae
1625 2922 1677 2963 et
1704 2913 2080 2980 Capharnaum
2110 2915 2287 2965 incre—

1435 2981 1599 3047 patio,
2336 2984 2449 3038 522

1406 3050 1438 3103 6
1487 3052 1630 3114 Quid
1685 3055 2000 3122 significent
2041 3059 2126 3110 11ae
2178 3069 2286 3110 tres

1435 3125 1675 3176 civitates
1718 3124 1919 3192 quibus
1958 3128 2292 3196 improperat

1433 3195 1734 3246 Dominus?
2339 3199 2452 3254 523

1402 3282 1435 3332 7
1463 3268 1751 3335 Scripturae
1777 3284 1938 3320 sacrae
1965 3272 2090 3322 laus·
2110 3279 2163 3322 et
2186 3273 2289 3323 uti·

385 3586 622 3639 CAPUT
668 3581 854 3636 LVIII.
889 3612 949 3623 —
976 3582 1062 3635 De
1104 3584 1414 3637 reversione
1452 3585 1868 3652 Apostolorum,
1905 3601 1972 3637 ac
1998 3587 2253 3638 missione

586 3684 638 3728 et
662 3675 966 3728 reversione
989 3674 1333 3743 septuaginta
1373 3674 1602 3727 duorum
1641 3676 2047 3744 discipulorum.

240 3862 262 3896 1
294 3846 539 3912 Apostoli
569 3832 894 3898 revertentes
920 3846 987 3898 ad
1009 3847 1106 3898 Je-

265 3930 388 3966 sum
429 3931 530 3967 nos
567 3917 761 3969 docent
803 3917 1124 3986 quodpost·

1430 3340 1571 3392 litas.
2335 3345 2364 3397 5
2374 3362 2454 3414 24

1400 3412 1434 3464 8
1465 3414 1673 3467 Judicia
1698 3416 1798 3467 Dei
1825 3420 2052 3468 occulta.
2335 3421 2453 3487 524

1436 3845 1865 3913 praedicationem
1949 3846 2284 3913 contempla-

1435 3918 1573 3971 tioni
1603 3917 1990 3984 indulgendum
2020 3915 2108 3968 sit.
2336 3914 2468 3969 526
