2757 4413
390 316 494 370 662
973 316 1210 368 PR1MAE
1242 317 1492 368 panus
1522 318 1757 371 CAPUT
1791 305 2028 372 Lxxl1.'

376 440 511 498 rent,
562 442 623 483 ut
669 431 886 482 inanem
936 430 1163 496 gloriam
1214 441 1267 482 et
1322 432 1442 498 glo—

372 504 548 556 riandi
577 505 645 554 de
682 518 738 554 se
785 501 1089 568 jactantiam
1135 502 1438 563 declinaret,

372 586 425 629 et
480 585 543 627 ut
624 574 785 626 nobis
852 574 1158 638 exemplum
1233 573 1440 625 vitandi

370 665 489 702 eam
540 650 703 699 daret.
763 648 881 696 Non
927 646 1202 712 prohibuit
1256 647 1441 697 Domi-

372 737 477 772 nus
505 719 888 770 miraculorum
934 717 1336 783 praedicationes
1372 719 1437 769 ad

369 792 655 843 utilitatem
681 788 1034 849 audientium,
1063 789 1155 839 sed
1186 789 1242 839 in
1268 790 1438 841 bene-

369 861 512 913 ficiis
537 876 687 912 vanae
725 859 907 926 gloriae
940 859 1255 925 appetitum.
1283 861 1438 911 Unde

370 932 690 985 Ambrosius
715 947 731 982 .·
761 949 790 977 α
813 930 911 981 Hic
948 930 1173 996 mystice
1203 931 1439 983 instituit

370 1021 489 1066 neS,
528 1020 614 1068 ne,
662 1019 785 1053 cum
832 1018 1089 1068 magnum
1122 1003 1328 1069 aliquid
1366 1003 1437 1054 fa-

371 1076 564 1136 cimuS,
604 1075 815 1125 laudem
873 1074 1004 1124 foris
1057 1089 1377 1140 quaeramus.
1405 1094 1432 1122 n

369 1147 526 1198 Unde
552 1157 605 1197 et
636 1145 1056 1213 Chrysostomus
1082 1160 1099 1194 .-
1131 1164 1159 1192 ιι
1188 1146 1294 1196 Ubi
1314 1145 1437 1212 qui-

369 1219 492 1268 dem
540 1227 757 1284 propter
799 1216 933 1266 alios
994 1215 1085 1266 alii
1142 1228 1430 1281 curantur,

368 1307 479 1342 non
528 1290 779 1358 praecepit
814 1289 891 1340 eis
936 1299 997 1340 ut
1036 1289 1238 1339 nemini
1283 1289 1431 1340 dice—

364 1373 500 1427 rent,
524 1362 681 1429 quale
708 1372 788 1411 est
821 1361 917 1411 ubi
942 1361 1124 1410 oculos
1164 1359 1286 1410 caeci
1319 1361 1429 1411 nati

361 1435 587 1501 aperuit,
630 1442 683 1484 et
734 1432 1081 1498 paralyticum
1121 1431 1342 1497 triginta
1378 1442 1430 1482 et

362 1516 483 1557 octo
510 1504 667 1556 annis
700 1505 959 1570 jacentem
984 1502 1170 1553 erexit.
1198 1502 1301 1553 Ubi
1329 1518 1429 1553 au-

360 1590 470 1630 tem
515 1594 624 1628 non
656 1586 870 1643 propter
905 1575 1056 1638 alios,
1084 1575 1178 1625 sed
1208 1585 1429 1641 propter

358 1649 614 1700 meritum
675 1648 846 1714 ipsius
912 1655 1059 1696 curat
1114 1646 1424 1708 hominem,

361 1721 603 1789 praecipit
625 1720 673 1770 ei
702 1729 763 1769 ut
784 1719 990 1769 nemini
1023 1719 1182 1779 dicat,
1211 1719 1347 1769 sicut
1373 1730 1428 1770 et

358 1795 572 1858 leproso
600 1789 889 1840 mandavit.
912 1790 1034 1839 Ideo
1063 1797 1114 1838 et
1141 1788 1260 1839 istis
1284 1805 1425 1855 prae-

358 1862 497 1928 cepit
532 1876 599 1910 ne
638 1861 914 1924 vulgarent
960 1874 1103 1919 eum,
1138 1859 1265 1924 quia
1292 1864 1425 1924 pro-

359 1942 477 2000 pter
509 1932 655 1996 ipsos
680 1931 825 1980 solos
847 1938 1117 1979 curaverat
1150 1944 1240 1979 eos
1255 1948 1270 1993 3
1297 1930 1426 1996 quia

362 2020 472 2055 non
503 2001 917 2053 aestimationem
938 2001 1225 2051 hominum
1255 2002 1426 2053 mira-

359 2074 495 2125 culis
514 2073 827 2133 venabatur,
847 2073 937 2121 sed
968 2071 1298 2122 credentium
1327 2074 1425 2123 de-

357 2145 619 2196 siderabat
636 2144 863 2194 salutem
887 2159 900 2193 :
922 2162 949 2190 »
969 2142 1082 2193 haec
1106 2143 1429 2203 Chrrsosto-

355 2232 492 2269 mus·

419 2305 451 2355 7
498 2288 714 2337 Fssnvoa
759 2301 948 2336 ‘rurum
986 2301 1053 2335 an
1115 2301 1425 2336 summouit

351 2360 455 2411 Dm
493 2374 722 2409 vannum.
755 2384 816 2394 —
838 2356 918 2406 Et
953 2356 1167 2406 veniunt
1208 2356 1282 2406 ad
1320 2356 1423 2407 do-

349 2445 490 2480 mum
536 2428 824 2495 quamdam
876 2427 940 2476 ad
996 2426 1382 2493 hospitandum
1405 2465 1420 2489 ,

350 2508 403 2552 et
430 2501 668 2552 convenit
690 2500 880 2550 iterum
914 2499 1087 2560 turba,
1117 2498 1182 2548 ad
1205 2498 1422 2549 audien-

346 2573 477 2624 dum
519 2572 615 2624 Dei
651 2572 909 2636 verbum;
939 2580 993 2620 et
1042 2579 1171 2621 tunc
1203 2570 1273 2621 ita
1308 2570 1420 2621 fer-

344 2656 530 2697 venter
587 2645 937 2696 intendebant
1006 2643 1416 2709 praedicationi,

343 2717 489 2781 quod
534 2714 637 2782 ipsi
680 2714 930 2780 discipuli
958 2714 1073 2779 ejus
1100 2728 1211 2763 non
1245 2713 1417 2763 habe-

342 2787 471 2838 bant
526 2798 739 2852 tempus
781 2802 975 2853 panem
1032 2785 1414 2837 manducandi.

343 2857 461 2907 Hoc
501 2867 581 2908 est
608 2867 791 2907 contra
818 2856 942 2906 illos
987 2855 1082 2921 qui
1129 2854 1416 2907 dimittunt

340 2943 478 2994 opus
522 2928 930 2994 praedicationiS‚
951 2937 1177 2992 >propter
1227 2942 1412 2977 curam

341 3011 394 3052 et
466 3001 797 3052 saturitatem
874 3000 1243 3051 comestionis.
1306 3002 1410 3052 Ubi

338 3074 493 3125 Beda
531 3090 549 3123 .·
588 3093 612 3120 κ
643 3074 691 3124 O
733 3088 895 3139 quam
950 3072 1077 3124 felix
1132 3075 1410 3139 occupatio

339 3143 644 3203 Salvatoris,
700 3158 862 3208 quam
908 3144 1061 3195 beata
1105 3142 1409 3210 frequentia

336 3219 510 3269 turbae
536 3217 876 3278 confluentis,
904 3218 989 3268 cui
1032 3227 1244 3269 tantum
1285 3229 1407 3270 stu-

335 3291 410 3342 dii
438 3294 505 3343 ad
534 3292 860 3343 audiendum
886 3292 1110 3343 verbum
1146 3292 1261 3354 Dei,
1286 3303 1406 3343 tan-

334 3373 453 3415 tum
504 3362 607 3413 fuit
634 3378 771 3413 curae
824 3363 889 3412 ad
930 3363 1282 3413 obtinendam
1314 3380 1404 3415 sa-

331 3435 520 3499 lutem,
550 3444 610 3485 ut
648 3433 867 3484 Auctori
918 3434 1105 3484 salutis
1146 3450 1269 3484 cum
1314 3434 1404 3484 his

333 3504 426 3571 qui
468 3520 649 3556 secum
696 3514 844 3555 erant
873 3520 939 3554 ne
982 3504 1231 3554 vescendi
1277 3504 1404 3571 qui-

333 3579 456 3628 dem
508 3577 657 3637 hora,
697 3592 728 3627 a
778 3576 971 3627 solatio
1014 3575 1137 3627 vitae
1190 3576 1403 3628 miseris

330 3648 710 3716 impendendo,
764 3648 931 3699 libera
978 3646 1237 3698 maneret!
1279 3648 1401 3699 Uti-

330 3738 474 3784 nam,
508 3739 541 3774 o
570 3722 799 3774 Domine
847 3722 993 3787 Jesu,
1022 3729 1073 3772 et
1127 3720 1187 3771 in
1225 3720 1398 3772 nostri

1057 3849 1087 3877 Ο

1549 435 1883 500 temporibus
1909 435 2026 497 aevi,
2065 444 2270 488 tantum
2297 436 2458 503 gratiae
2480 436 2568 489 tuis

1550 504 1799 556 fidelibus
1873 506 2115 574 largiaris
2138 546 2152 568 ,
2201 523 2319 574 quae
2367 509 2569 558 doctores

1549 591 1678 627 suos
1717 577 2026 631 assiduitate
2047 577 2280 629 discendi
2307 594 2404 628 non
2422 579 2569 628 solum

1547 647 1615 697 ab
1649 649 1889 713 appetitu
1928 649 2215 699 carnalium
2260 650 2568 714 voluptatum,

1546 719 1894 770 verumetiam
1950 735 2334 786 nonnunquam
2379 719 2438 769 ab
2478 719 2570 784 ipsa

1547 807 1764 858 quoque
1789 792 1943 858 panis
1977 792 2275 858 quotidiani
2310 791 2570 858 perceptio·

1547 877 1615 912 ne
1643 863 1962 929 praepediat!
1991 883 2019 910 n
2053 863 2167 914 haec
2196 864 2360 914 Beda.
2380 863 2451 913 Et
2472 878 2567 913 cum

1544 937 1647 998 sui,
1680 934 1881 986 scilicet
1903 936 2092 996 Judaei,
2122 934 2215 1002 qui
2246 951 2309 985 ex
2330 946 2463 1001 parte
2485 935 2570 985 Ma·

1541 1005 1640 1056 tris
1668 1006 1735 1057 de
1779 1007 2100 1072 cognatione
2139 1022 2235 1057 sua
2261 1010 2418 1067 erant,
2442 1005 2568 1056 vide-

1513 1088 1662 1140 *rent
1712 1077 1992 1128 insolitum
2042 1077 2303 1129 fervorem
2344 1077 2394 1126 in
2435 1093 2504 1137 eo,
2527 1085 2567 1126 et

1541 1148 1820 1198 audissent
1841 1147 2178 1199 altitudinem
2193 1148 2379 1198 divinae
2401 1146 2569 1212 sapien-

1541 1219 1661 1279 tiae,
1717 1234 1879 1285 quam
1922 1234 2106 1283 capere
2149 1234 2260 1268 non
2321 1217 2566 1280 valebant,

1540 1289 1879 1341 aestimabant
1914 1306 2039 1341 eum
2072 1300 2253 1341 mente
2291 1290 2566 1349 alienatum,

1538 1370 1590 1411 et
1619 1360 1674 1409 in
1702 1359 1937 1410 furorem
1963 1375 2180 1410 versum
2202 1375 2355 1410 sensu
2387 1357 2566 1423 perdito

1538 1433 1712 1499 loqui;
1753 1443 1804 1484 et
1826 1434 2080 1484 exierunt
2107 1441 2282 1484 tenere·
2305 1447 2427 1495 eum,
2456 1442 2500 1481 et
2519 1430 2568 1480 li·

1537 1520 1678 1571 gare,
1704 1519 1770 1555 ne
1797 1504 1902 1555 sibi
1925 1505 2009 1555 vel
2035 1505 2159 1555 aliis
2189 1513 2360 1570 posset
2390 1517 2567 1552 nocere.

1538 1576 1642 1626 Ubi
1682 1574 1826 1625 idem
1854 1575 2004 1624 Beda
2034 1592 2050 1625 ε
2077 1593 2105 1621 ι
2134 1575 2269 1625 Vere
2309 1574 2437 1624 sicut
2475 1572 2569 1638 ipse

1535 1647 1669 1697 dicit
1693 1646 1822 1697 alibi
1852 1663 1866 1696 ε
1895 1646 2020 1697 Νοη
2062 1652 2147 1696 est
2182 1645 2444 1711 Propheta
2474 1643 2569 1694 sine

1534 1719 1748 1784 honore,
1769 1720 1876 1771 nisi
1907 1719 1959 1769 in
1976 1719 2168 1784 patria
2200 1734 2316 1782 sua,
2345 1726 2393 1768 et
2418 1718 2466 1768 in
2484 1716 2567 1767 do-

1537 1809 1621 1844 mo
1652 1809 1771 1845 sua.
1803 1794 1979 1855 Quem
2024 1793 2172 1844 enirn
2214 1792 2392 1852 exteri,
2434 1788 2564 1857 quasi

1535 1869 1821 1918 Auctorem
1863 1865 1985 1917 vitae
2022 1876 2074 1916 et
2123 1865 2435 1932 sapientiam
2468 1861 2573 1921 Dei,-

1535 1938 1682 1987 adire
1727 1947 1780 1988 et
1839 1936 2024 1987 audire
2073 1936 2397 1998 desiderant;
2448 1933 2568 1983 hunc

1537 2009 1846 2077 propinqui,
1918 2008 2072 2074 quasi
2145 2009 2342 2059 mentis
2415 2007 2567 2072 impo-

1535 2092 1645 2132 tem
1717 2097 1833 2132 esse
1927 2079 2207 2146 ligandum
2287 2081 2564 2129 decernunt.
2635 2115 2639 2121 ,

1535 2153 1832 2219 Allegorice
1874 2160 2071 2212 autem,
2099 2149 2159 2200 i'n
2208 2166 2271 2201 eo
2311 2149 2446 2218 quod
2479 2157 2567 2197 tur-

1537 2223 1604 2273 ba
1643 2225 1707 2273 ad
1748 2223 1902 2273 illum
1941 2223 2289 2273 conveniente
2338 2221 2565 2285 frequen·-

1535 2292 1596 2353 ti,
1623 2304 1685 2345 ut
1728 2293 1966 2344 furiosus
2008 2307 2039 2342 a
2074 2292 2190 2343 suis
2217 2289 2563 2346 contemnitur,

1535 2364 1679 2414 salus
1753 2363 2087 2415 credentium
2188 2365 2255 2414 de
2330 2359 2566 2413 Gentibus

1531 2438 1855 2502 approbatur
1876 2476 1890 2498 ,
1937 2445 1989 2487 et
2041 2436 2243 2488 invidia
2290 2436 2564 2487 Judaeorum

1531 2518 1583 2559 et
1670 2509 1890 2575 perfidia
1950 2517 2197 2573 notatur;
2262 2509 2328 2558 de
2391 2504 2564 2571 quibus

1531 2580 1605 2631 ait
1639 2580 1869 2630 Joannes
1910 2595 1925 2629 ε
1967 2579 2032 2630 In
2071 2579 2305 2644 propria
2345 2575 2490 2638 venit,
2520 2577 2564 2623 et

1530 2650 1618 2702 sui
1665 2665 1780 2701 eum
1820 2664 1922 2700 non
1967 2656 2284 2714 receperunt
2329 2666 2344 2698 ε
2401 2667 2426 2695 »
2466 2646 2564 2694 haec

1530 2722 1680 2773 Beda
1705 2738 1723 2771 .-
1751 2719 2012 2770 Similiter
2039 2729 2091 2770 et
2115 2719 2278 2770 hodie
2305 2718 2395 2786 qui
2423 2717 2480 2766 ad
2500 2728 2563 2765 se-

1527 2790 1804 2858 quendum
1834 2788 2112 2840 Christum
2155 2799 2284 2840 sunt
2319 2785 2511 2845 fervidi,
2538 2796 2564 2832 a

1526 2862 1814 2914 mundanis
1850 2861 2170 2912 hominibus
2208 2860 2383 2911 insani
2421 2871 2562 2923 repu-

1523 2945 1724 2996 tantur,
1747 2943 1800 2984 et
1827 2949 1920 2999 per
1942 2948 2035 2983 eos
2065 2942 2333 2998 quantum
2358 2933 2562 2997 possunt

1522 3024 1553 3059 a
1584 3008 1728 3058 bono
1755 3006 2071 3057 retinentur.
2106 3006 2153 3057 Ο
2184 3015 2441 3072 quantum
2467 3012 2561 3051 una

1524 3094 1634 3128 non
1664 3078 1782 3128 dico
1815 3092 2086 3136 mensura,
2117 3076 2208 3126 sed
2243 3085 2389 3142 gutta
2419 3071 2560 3135 hujus

1519 3148 1631 3200 vini
1654 3149 1866 3207 valeret,
1890 3162 2014 3213 quae
2043 3147 2182 3197 hanc
2210 3144 2470 3195 insaniam
2495 3140 2561 3190 in·

1519 3217 1754 3269 duceret!
1796 3218 1998 3269 Felices
2038 3217 2133 3283 qui
2192 3216 2292 3267 hac
2339 3216 2561 3265 laborant

1518 3291 1751 3353 insania;
1777 3299 1839 3340 ut
1875 3290 1942 3341 de
1974 3290 2083 3340 illis
2112 3288 2217 3338 dici
2249 3286 2416 3353 possit
2441 3281 2558 3333 illud

1516 3361 1802 3429 Sapientiae
1833 3380 1847 3413 ι
1880 3362 2002 3412 Nos
2038 3359 2301 3411 insensati
2329 3358 2481 3408 vitam
2506 3352 2557 3403 il-

1515 3434 1688 3485 lorum
1714 3432 2110 3484 aestimabamus
2135 3429 2413 3491 insaniam,
2439 3421 2559 3476 eta!

1514 3505 1733 3556 Utinam
1761 3514 1814 3554 et
1840 3518 1938 3568 ego
1976 3502 2139 3552 miser
2178 3515 2320 3549 unus
2364 3498 2427 3547 de
2459 3492 2556 3545 illis

1512 3589 1718 3625 merear
1743 3572 1876 3633 fieri,
1911 3588 1971 3623 ac
1995 3587 2119 3622 cum
2153 3570 2234 3621 eis
2267 3570 2404 3619 inter
2429 3563 2556 3615 filios

1510 3646 1608 3696 Dei
1632 3642 1947 3710 computari,
1976 3653 2029 3697 et
2056 3643 2195 3694 inter
2222 3641 2438 3691 Sanctos
2461 3647 2557 3686 sor·

1509 3726 1620 3769 tem
1646 3713 1865 3767 habere!
