2757 4413
341 295 462 362 -782

358 410 572 478 quando
609 408 791 459 dixit:
819 408 948 474 Ego
971 413 1024 457 et
1054 406 1225 455 Pater
1265 419 1425 455 unum

361 497 573 545 sumuS,
608 476 806 543 Judaez)
836 488 1007 528 cetera
1037 476 1286 538 ferentes,
1316 475 1424 540 jam

361 570 472 605 non
499 553 766 615 tulerunt;
799 550 891 601 sed
939 549 1146 616 Iapides
1185 547 1426 599 sustule-

360 633 502 691 runt,
548 636 599 677 et
641 626 744 676 hoc
782 622 1071 673 durissima
1127 620 1427 672 intentione

360 697 619 758 fecerunt,
640 695 859 755 scilicet,
881 700 939 745 ut
963 693 1268 758 lapidarent
1289 707 1423 773 enm,

362 768 502 820 sicut
541 766 937 832 blasphemum,
972 763 1106 814 moti
1143 763 1313 814 livore
1348 761 1428 811 in-

359 842 534 902 vidiae,
558 857 666 890 non
694 855 877 889 amore
901 838 1138 905 justitiae,
1161 837 1289 905 quia
1311 837 1429 887 abs-

363 929 469 980 que
499 911 656 977 Legis
692 909 912 972 ordine;
960 908 1087 975 quia
1130 908 1274 958 enim
1303 905 1427 957 duri

362 993 545 1042 erant,
586 993 638 1033 et
685 980 946 1047 profunda
991 978 1212 1029 Domini
1269 978 1432 1029 verba

361 1053 657 1118 intelligere
701 1067 811 1101 non
854 1060 1115 1116 poterant,
1157 1049 1432 1115 lapidibus

362 1124 567 1174 similes
609 1125 673 1173 ad
715 1123 917 1189 lapides
967 1121 1269 1172 currebant.
1312 1120 1428 1171 Re-

362 1194 577 1261 spondit
601 1193 680 1245 eis
703 1195 882 1257 Jews,
904 1192 1133 1243 dulciter
1149 1207 1241 1242 eos
1268 1190 1432 1256 repri-

363 1265 605 1314 mendo:
635 1264 818 1315 Multa
853 1265 988 1314 bona
1030 1277 1193 1330 opera
1223 1260 1434 1311 ostendi

361 1336 529 1397 vebia,
557 1336 623 1385 ad
643 1345 872 1386 vestram
898 1333 1203 1393 utilitatem,
1223 1346 1299 1382 ex
1325 1333 1435 1383 Pa·

366 1414 447 1458 tre
489 1422 620 1471 mee,
651 1407 754 1457 hoc
785 1415 866 1457 est
897 1406 1093 1455 virtute
1115 1402 1291 1453 Patris
1323 1400 1433 1451 mei

365 1480 528 1541 facta,
580 1480 782 1531 scilicet
831 1478 1110 1530 veritatem
1158 1476 1433 1535 docende,

366 1551 613 1602 infirmos
652 1551 906 1610 curand0‚
939 1560 991 1600 et
1031 1548 1136 1599 alia
1177 1546 1436 1596 miracula

365 1622 637 1687 faciendo;
659 1628 886 1689 propter
916 1619 1057 1687 quod
1096 1620 1217 1670 ideo
1245 1619 1434 1669 horum

364 1711 609 1767 operum,
640 1709 721 1745 me
759 1694 1041 1761 lapidatiS,
1090 1708 1214 1743 cum
1255 1701 1435 1742 tamen

364 1768 435 1817 ob
466 1762 569 1817 hoc
597 1781 684 1815 me
705 1766 969 1815 honorare
998 1763 1295 1814 deberetis?
1328 1761 1436 1813 Ubi

366 1839 666 1897 sciendum,
705 1837 850 1902 quod
891 1846 1019 1886 sunt
1062 1835 1158 1901 qui
1205 1835 1439 1885 reddunt

370 1910 510 1958 mala
543 1923 640 1973 pro
669 1907 852 1969 malis;
880 1916 931 1957 et
962 1906 1106 1956 istud
1132 1914 1211 1956 est
1249 1905 1438 1972 prohi-

371 1979 565 2037 bitum,
590 1977 718 2044 quia
746 1979 890 2028 Deus
907 1976 1200 2027 vindictam
1228 1976 1334 2027 sibi
1363 1992 1440 2027 re-

370 2049 616 2112 servavit,
647 2058 708 2099 ut
738 2049 935 2099 dicitur
964 2065 978 2098 ι
1010 2048 1155 2099 Mihi
1181 2048 1437 2112 vindicta,

370 2126 425 2171 et
452 2134 556 2186 ego
585 2119 896 2171 retribuam.
921 2119 1030 2170 Alii
1054 2129 1181 2171 sunt
1208 2120 1303 2187 qui
1328 2120 1440 2170 red·

371 2191 508 2242 dunt
548 2191 690 2243 bona
719 2208 816 2258 pro
857 2190 1038 2254 bonis;
1082 2201 1133 2242 et
1174 2190 1319 2243 istud
1360 2199 1442 2241 est

371 2263 643 2330 quoddam
675 2264 910 2314 naturale
951 2262 1213 2324 debitum,
1243 2272 1296 2314 et
1328 2278 1440 2313 non

373 2335 731 2398 meritorium,
775 2335 904 2401 quia
936 2341 987 2385 et
1019 2335 1298 2399 publicani
1342 2334 1443 2385 hoc

361 2408 599 2473 faciunt.
628 2407 738 2457 Alii
766 2416 895 2457 sunt
922 2406 1016 2472 qui
1050 2407 1279 2457 reddunt
1303 2407 1443 2456 bona

374 2495 470 2545 pro
499 2478 686 2541 malis;
712 2486 763 2528 et
791 2477 934 2528 istud
963 2486 1045 2527 est
1086 2477 1327 2542 perfectae
1354 2492 1443 2526 ca-

373 2552 546 2603 ritatis
589 2551 873 2611 indicium,
906 2551 984 2601 sic
1024 2550 1149 2600 fecit
1193 2550 1443 2602 Christus

374 2634 427 2675 et
462 2624 647 2675 docuit
675 2638 802 2674 suos
830 2622 1142 2687 discipulos.
1170 2622 1280 2673 Alii
1313 2632 1444 2674 sunt

374 2696 469 2760 qui
490 2695 722 2746 reddunt
743 2695 880 2743 mala
900 2709 997 2759 pro
1018 2693 1203 2756 bonis;
1227 2701 1280 2743 et
1299 2692 1445 2744 istud

373 2777 453 2817 est
498 2767 650 2817 valde
690 2766 969 2832 iniquum,
1020 2774 1074 2815 et
1120 2765 1252 2815 tales
1294 2774 1447 2816 erant

373 2840 544 2892 Judaei
589 2840 728 2890 circa
764 2839 1064 2897 Christum,
1094 2847 1147 2888 et
1189 2837 1310 2888 ideo
1352 2852 1448 2889 eos

374 2909 570 2980 arguit,
609 2910 794 2960 dicens
837 2926 851 2959 ε
898 2908 1082 2959 Multa
1127 2908 1263 2959 bona
1309 2922 1441 2973 ope-

375 2995 460 3043 ra,
495 2990 593 3032 etc.

439 3051 472 3102 6
523 3053 735 3103 Paoasu·
781 3055 1046 3105 Cuius-rus
1086 3069 1146 3103 sa
1189 3068 1312 3103 assa
1350 3052 1446 3104 Fx-

378 3138 509 3174 uun
546 3124 647 3173 Dm
685 3125 984 3175 Sexum-um.
1019 3140 1181 3175 sacua
1220 3140 1289 3174 ετ
1317 3140 1447 3174 opa-

378 3210 551 3245 mnus.
599 3222 660 3231 —
706 3196 1117 3261 Responderunt
1151 3197 1202 3246 ei
1242 3195 1444 3257 Judaei,

378 3267 610 3319 dicentes
631 3284 651 3318 .-
679 3268 763 3317 De
804 3268 936 3319 bono
965 3284 1124 3336 opere
1165 3284 1267 3320 non
1299 3269 1445 3334 lapi-

377 3342 569 3393 damus
599 3348 664 3406 te,
700 3342 797 3392 sed
826 3342 891 3392 de
920 3343 1268 3410 blasphemia,
1297 3342 1443 3410 quia,

378 3419 436 3464 tu
489 3413 643 3464 homo
696 3428 813 3464 cum
864 3413 971 3477 sis,
1015 3414 1169 3480 facis
1220 3414 1445 3478 teipsum

378 3485 568 3538 Deum.
593 3486 850 3535 Asserens
874 3483 1019 3533 enirn
1049 3500 1106 3535 se
1128 3500 1246 3535 esse
1269 3500 1443 3536 unum

380 3571 508 3607 cum
548 3558 717 3617 Patre,
752 3554 937 3606 innuit
977 3569 1034 3605 se
1077 3570 1194 3605 esse
1237 3556 1441 3621 Deum3

381 3642 491 3676 non
513 3637 690 3677 autem
711 3628 824 3694 ipse
844 3625 1085 3691 seipsum
1105 3625 1227 3677 fecit
1248 3628 1443 3688 Deum,

380 3699 472 3758 sed
493 3700 647 3749 Pater
665 3714 927 3766 generans
952 3713 1097 3758 eum,
1118 3698 1242 3749 fecit
1261 3699 1443 3765 ipsum

380 3769 571 3820 Deum.
610 3770 878 3820 Dominus
904 3778 1083 3821 autem
1121 3769 1305 3819 volens
1345 3786 1443 3821 eo-

381 3852 502 3889 rum
547 3839 785 3892 furorem
825 3852 1139 3907 temperare,
1169 3841 1447 3904 respondit

381 3907 478 3969 eia,
509 3925 566 3960 se
608 3927 718 3961 non
762 3927 879 3962 esse
921 3910 1321 3978 blasphemum,
1353 3911 1445 3962 di-

903 290 1140 341 PRIMAE
1174 286 1423 338 PARTIS
1455 286 1689 338 CAPUT
1722 287 2030 339 LXXXVII.

1533 402 1700 453 cendo
1745 417 1804 453 se
1842 417 1957 453 esse
1999 403 2190 465 Deum,
2230 400 2313 452 vel
2353 401 2461 452 Dei
2512 401 2610 452 Fi-

1533 473 1668 523 lium
1715 473 2031 523 naturalem.
2068 472 2224 531 Quod
2264 472 2461 538 probat
2492 473 2610 539 pri-

1534 558 1625 593 mo
1666 559 1760 609 per
1786 544 2135 609 Scripturam,
2169 543 2297 609 quia
2323 542 2612 609 Scriptura

1532 631 1697 679 sacra,
1745 632 1868 667 cum
1910 616 1980 667 sit
2025 615 2298 681 inspirata,
2345 631 2462 665 non
2508 632 2610 681 po-

1533 696 1637 737 test
1663 701 1779 737 esse
1822 686 1986 750 falsa;
2017 696 2070 737 et
2112 687 2228 737 haec
2273 686 2474 736 tribuit
2504 688 2611 737 ho-

1536 757 1777 808 minibus
1804 758 2022 819 sanctia,
2044 767 2096 808 et
2122 757 2406 823 Prophetis
2429 757 2608 808 deita-

1534 836 1642 891 tem
1662 828 2044 894 participative,
2069 844 2195 894 ergo
2215 829 2390 879 multo
2412 829 2614 895 magis,

1534 913 1683 963 quem
1704 899 1874 949 Pater
1898 898 2274 964 sanctificavit,
2301 898 2359 948 id
2379 909 2463 949 est
2488 914 2615 949 san-

1535 978 1681 1019 ctum
1731 969 1800 1019 ab
1839 978 2038 1019 aeterno
2081 969 2269 1035 genuit
2307 970 2614 1019 secundum

1536 1038 1805 1098 deitatem,
1830 1051 1882 1089 et
1907 1039 2013 1103 jam
2043 1037 2417 1100 sanctificavit,
2440 1038 2502 1088 id
2529 1048 2615 1090 est

1536 1110 1875 1177 plenitudine
1919 1112 2101 1178 gratiae
2147 1112 2370 1178 replevit
2430 1128 2616 1179 quan-

1535 1190 1652 1231 tum
1705 1182 1770 1231 ad
1814 1182 2225 1243 humanitatem}
2270 1188 2322 1233 et
2366 1184 2527 1234 misit
2561 1182 2615 1233 in

1538 1254 1804 1317 mundum,
1841 1255 1907 1304 ad
1936 1255 2249 1305 salvandum
2290 1263 2344 1304 et
2365 1253 2615 1306 sanctifi-

1537 1324 1773 1375 candum
1802 1325 2000 1391 ipsum,
2029 1325 2168 1376 sicut
2206 1335 2317 1376 erat
2347 1341 2447 1391 per
2479 1327 2614 1376 Pro-

1539 1399 1727 1464 phetas
1750 1399 1975 1460 dictum,
1998 1408 2175 1466 potest
2196 1400 2302 1450 dici
2324 1402 2477 1451 Deus
2496 1416 2617 1467 pro-

1540 1472 1679 1538 prie;
1701 1487 1825 1522 cum
1844 1482 2021 1523 tamen
2041 1474 2249 1524 dicatur
2263 1474 2432 1524 homo
2448 1476 2613 1533 DeuS,

1541 1554 1593 1594 et
1614 1545 1852 1595 Verbum
1892 1546 2037 1595 Deus
2075 1545 2414 1596 dissimiliter
2448 1562 2465 1596 z
2490 1546 2615 1613 quia

1542 1615 1709 1666 homo
1741 1617 2049 1683 adoptione,
2084 1617 2327 1667 Verbum
2364 1617 2617 1668 naturali-

1542 1697 1639 1739 ter.
1665 1689 1742 1750 Si,
1774 1689 1971 1755 inquit,
2000 1689 2236 1755 adoptivi
2279 1689 2380 1740 filii
2413 1689 2498 1740 dii
2533 1689 2615 1739 di-

1544 1772 1761 1822 cuntur,
1785 1778 1951 1828 quare
1974 1764 2232 1814 naturalis
2268 1763 2448 1814 Filius
2472 1763 2615 1814 Deus

1546 1849 1656 1882 non
1687 1832 1928 1884 dicatur?
1954 1834 2226 1899 Scriptura
2267 1833 2496 1899 quidem
2529 1849 2617 1884 sa·-

1544 1917 1632 1952 cra
1657 1903 1905 1954 attribuit
1933 1904 2254 1955 hominibus
2282 1904 2488 1956 sanctis
2516 1903 2622 1955 dei·

1543 1984 1705 2026 tatem
1729 1975 2090 2043 participative
2108 1977 2325 2037 dictam,
2351 1978 2449 2028 sed
2469 1976 2619 2029 Chri-

1545 2057 1629 2099 sto
1643 2049 1888 2102 attribuit
1900 2049 2152 2102 deitatem
2165 2050 2380 2116 proprie
2391 2050 2615 2101 dictam.

1546 2120 1854 2170 Secundum
1897 2120 2046 2172 enim
2087 2122 2479 2188 Augustinu'm,
2519 2120 2616 2172 tri-

1545 2196 1648 2246 bus
1670 2195 1848 2246 modis
1874 2192 2071 2247 dicitur
2094 2195 2238 2247 Deus
2269 2214 2283 2247 ε
2316 2205 2532 2258 natura,
2559 2205 2615 2247 ut

1547 2268 1691 2317 Deus
1735 2267 2117 2332 omnipotens;
2172 2267 2465 2333 adoptione
2489 2307 2503 2329 ,
2557 2277 2615 2318 ut

1548 2338 1810 2404 particeps
1829 2338 2060 2400 deitatis,
2081 2339 2148 2389 de
2170 2339 2371 2405 quibus
2393 2344 2455 2389 in
2479 2339 2616 2391 Psal-

1548 2408 1709 2459 mista
1746 2409 1941 2460 dicitur
1971 2426 1985 2460 ε
2012 2411 2111 2461 Dii
2143 2411 2308 2474 estis;
2338 2411 2615 2477 opinione,

1549 2495 1645 2529 seu
1694 2480 2103 2546 nuncupatione,
2140 2490 2201 2531 ut
2246 2481 2390 2532 idola
2415 2491 2473 2532 et
2509 2481 2619 2532 dae-

1550 2565 1758 2601 mones.
1793 2550 1996 2601 Deinde
2041 2552 2143 2602 hoc
2194 2552 2339 2603 idem
2385 2550 2621 2603 ostendit

1551 2637 1647 2687 per
1691 2621 1973 2684 rationem,
2014 2625 2215 2676 scilicet
2259 2640 2324 2675 ex
2364 2626 2621 2691 operibus

1552 2692 1723 2743 Patris
1763 2708 1886 2759 quae
1933 2694 2172 2748 faciebat.
2219 2694 2422 2745 Omnia
2452 2697 2618 2757 enim,

1551 2764 1847 2814 secundum
1889 2766 2309 2832 Philosophum,
2355 2766 2619 2817 determi-

1554 2844 1752 2885 nantur
1791 2836 2009 2900 proprio
2049 2852 2227 2903 opere,
2261 2846 2313 2887 et
2361 2836 2487 2888 ideo
2532 2850 2621 2903 per

1553 2905 1826 2972 propriam
1868 2906 2234 2971 operationem
2261 2904 2623 2958 certificamur

1553 2980 1620 3030 de
1664 2989 1849 3030 natura
1892 2979 1996 3043 rei3
2032 2979 2285 3031 Christus
2323 2989 2512 3030 autem
2543 2980 2623 3031 fa-

1551 3052 1723 3102 ciebat
1781 3068 1941 3118 opera
1996 3052 2294 3103 divinitatis
2368 3053 2622 3119 propria,

1552 3126 1753 3177 scilicet
1788 3127 2066 3188 miracula,
2108 3136 2273 3179 totam
2315 3127 2621 3179 facultatem

1553 3206 1807 3248 creaturae
1850 3199 2295 3258 transcendentia,
2337 3207 2389 3248 et
2423 3199 2623 3250 virtute

1553 3268 1785 3333 propria,
1823 3283 1933 3317 non
1976 3269 2154 3319 solum
2184 3269 2519 3319 obsecrando
2547 3268 2624 3318 di-

1550 3338 1733 3389 vinam
1763 3339 2075 3404 potentiam,
2099 3338 2192 3389 sed
2216 3338 2508 3404 aliquando
2528 3340 2623 3390 im·

1552 3410 1810 3476 perand03
1841 3426 1907 3462 ex
1933 3426 2043 3477 quo
2088 3411 2441 3472 concluditur,
2473 3410 2619 3478 quod

1551 3482 1607 3532 in
1633 3498 1696 3533 eo
1724 3497 1846 3533 vere
1871 3493 1984 3532 erat
2012 3492 2200 3532 natura
2219 3481 2424 3543 divina,
2450 3493 2506 3535 et
2528 3495 2620 3549 per

1551 3569 1886 3620 consequens
1909 3569 2020 3603 non
2045 3563 2157 3603 erat
2170 3553 2528 3619 *blasphemus
2546 3551 2620 3602 di-

1551 3626 1716 3676 cendo
1769 3641 1825 3676 se
1874 3640 1991 3675 esse
2046 3626 2239 3689 Deum,
2280 3626 2366 3676 vel
2414 3626 2617 3676 Filium

1551 3696 1667 3748 Dei.
1696 3698 1772 3747 Ac
1800 3696 1844 3747 si
1869 3696 2068 3746 diceret
2093 3712 2107 3745 ε
2135 3696 2255 3746 Non
2281 3705 2496 3747 tantum
2526 3709 2619 3762 per

1550 3771 1710 3822 verba
1745 3785 1832 3820 me
1858 3785 1974 3820 esse
1998 3769 2200 3820 Filium
2229 3770 2328 3820 Dei
2371 3768 2619 3827 credatis,

1550 3842 1643 3891 sed
1683 3841 1847 3891 etiam
1885 3855 1980 3906 per
2002 3856 2183 3906 opera,
2212 3854 2337 3906 quae
2365 3850 2421 3890 et
2458 3838 2620 3890 modo

1550 3927 1662 3978 quo
1704 3927 1765 3962 ea
1808 3910 1963 3977 facio,
2000 3920 2053 3962 et
2096 3910 2233 3961 facto
2282 3910 2405 3976 ipso
2434 3918 2620 3962 osten-
