2757 4413
335 312 438 378 592

335 428 496 477 nebat
548 426 683 477 scire
754 435 956 476 secreta
1005 424 1277 488 Ecclesiae,
1329 425 1397 474 de

333 500 533 565 quibus
563 510 673 549 erat
705 513 987 565 processus
1017 497 1264 548 Ecclesiae
1297 512 1395 548 us·-

334 586 439 636 que
467 571 531 620 ad
552 570 714 621 finem
736 570 946 631 mundi,
967 569 1095 636 quia
1124 571 1224 620 ista
1246 579 1399 619 erant

333 642 512 692 futura
536 641 590 690 in
617 642 799 691 divina
827 641 1182 706 dispositione
1210 656 1399 707 praeor-

333 713 544 774 dinata;
589 722 640 761 et
685 712 829 762 istud
880 720 1055 777 potest
1091 710 1180 761 hic
1220 710 1397 761 vocari

324 782 648 850 mysterium
694 781 853 847 regni
903 782 1175 844 coelorum,
1214 780 1268 830 id
1317 791 1401 832 est

332 862 596 903 secretum
645 852 907 902 Ecclesiae.
965 852 1171 903 Ceteris
1221 857 1397 901 autem

333 924 426 990 qui
459 922 589 972 foris
622 934 766 987 sunt,
798 923 892 989 qui
927 922 1122 973 clausis
1147 922 1397 972 sensibus

335 1013 445 1049 non
475 1008 662 1047 curant
681 997 875 1046 intrare
893 1005 946 1046 et
968 1009 1287 1061 cognoscere
1312 1010 1397 1045 ve·

331 1072 561 1131 ritatem,
610 1069 810 1120 scilicet
849 1067 1161 1133 vulgaribus
1200 1066 1393 1131 turbis,

328 1157 426 1193 seu
457 1144 617 1193 etiam
662 1139 860 1190 Scribis
897 1148 950 1188 et
989 1138 1271 1188 Pharisoeis
1302 1137 1395 1186 in-

330 1215 580 1277 credulis,
613 1229 722 1262 non
756 1221 836 1262 est
860 1211 1045 1260 datum
1075 1225 1248 1276 neque
1271 1225 1394 1260 con-

322 1302 540 1337 cessum
587 1286 688 1335 ista
731 1282 1048 1347 intelligere,
1084 1292 1136 1332 et
1175 1291 1394 1346 propter

330 1357 433 1407 hoc
461 1356 779 1423 loquebatur
805 1353 884 1403 eis
921 1351 1048 1402 talia
1072 1351 1390 1417 parabolice,

331 1436 391 1479 ut
422 1428 674 1488 videntes,
702 1426 755 1475 id
801 1435 882 1476 est
922 1424 1101 1475 videre
1137 1438 1194 1474 se
1225 1439 1390 1488 repu-

313 1511 518 1562 tantes,
555 1516 655 1551 non
690 1499 904 1549 videant
934 1497 1228 1547 secundum
1257 1496 1392 1546 veri-

329 1583 511 1633 tatem,
554 1578 605 1623 et
638 1571 929 1632 audientest,
975 1568 1030 1618 id
1068 1576 1151 1618 est
1184 1567 1392 1617 intelli-

318 1660 451 1711 gere
497 1659 554 1694 se
599 1652 862 1722 putantes,
908 1655 1010 1690 non
1062 1638 1389 1704 intellig-ant,

320 1713 651 1764 ,sententiam
711 1712 1045 1773 interiorem,
1102 1725 1226 1760 nam
1277 1709 1393 1759 haec

329 1797 410 1837 est
452 1801 562 1836 una
598 1798 876 1834 causarum
921 1798 1086 1849 quare
1125 1783 1393 1833 Dominus

329 1858 648 1924 loquebatur
695 1856 752 1904 in
778 1854 1063 1921 paraboliS,
1096 1864 1156 1904 ut
1193 1854 1394 1905 scilicet

330 1928 523 1980 veritas
567 1926 923 1976 occultaretur
957 1925 1131 1988 maliS,
1174 1934 1226 1975 et
1262 1924 1392 1975 boni

322 2002 392 2050 ad
417 2000 804 2067 inquirendum
823 2008 1196 2049 exercerentur
1218 1998 1276 2047 in
1296 1999 1392 2049 εἰς.

331 2072 488 2122 Unde
528 2070 811 2136 sequitur:
848 2069 958 2129 Qui
991 2069 1162 2131 habet,
1193 2068 1395 2119 scilicet

329 2157 568 2192 amorem
605 2140 774 2200 verbi,
824 2138 1039 2189 dabitur
1088 2139 1154 2202 ei,
1194 2138 1396 2190 scilicet

330 2213 684 2279 intelligentia
718 2211 867 2262 verbi
913 2211 1096 2271 amati,
1134 2217 1186 2261 et
1222 2212 1394 2262 abun-

329 2288 495 2349 dabit,
565 2286 766 2336 scilicet
825 2300 987 2336 sensu
1035 2285 1393 2351 intelligendi,

329 2360 457 2426 quia
493 2359 819 2410 habentibus
858 2358 1201 2409 devotionem
1238 2368 1290 2409 et
1326 2357 1396 2408 fi-

327 2433 450 2482 dem
496 2432 653 2482 datus
716 2441 795 2481 est
844 2445 1004 2481 verus
1043 2445 1202 2481 sacrae
1250 2430 1397 2480 Scri-

327 2511 498 2565 pturae
541 2502 857 2552 intellectus.
906 2501 1113 2551 Dicitur
1149 2500 1294 2551 enim
1334 2501 1394 2550 in

329 2574 491 2634 Luca,
534 2575 679 2641 quod
716 2573 928 2639 aperuit
969 2573 1049 2623 eis
1091 2587 1300 2623 sensum
1338 2579 1397 2623 ut

329 2645 690 2711 intelligerent
710 2644 1055 2708 Scriptura&
1076 2653 1129 2693 et
1145 2660 1211 2693 ex
1230 2644 1397 2694 abun·

329 2717 475 2766 danti
534 2718 796 2767 revelatus
857 2725 938 2766 est
1004 2716 1083 2766 eis
1144 2716 1395 2767 Ecclesiae

320 2803 624 2854 processus,
647 2790 798 2851 Item,
832 2788 924 2854 qui
944 2787 1099 2838 habet
1117 2802 1272 2854 opu3,
1305 2790 1397 2841 da-

331 2858 478 2909 bitur
499 2858 549 2907 ei
569 2858 869 2907 intellectus
889 2864 942 2907 et
957 2857 1248 2909 abundabit
1273 2874 1397 2926 aug-

331 2937 511 2977 mento
568 2926 854 2993 profectus·
907 2928 1057 2988 Item,
1111 2930 1203 2994 qui
1241 2930 1397 2982 habet

316 2998 571 3064 «gratiam,
591 2997 809 3047 dabitur
838 2998 889 3047 ei
913 3001 1317 3063 perseverantia,
1345 3010 1397 3052 et

328 3068 620 3118 abundabit
660 3067 831 3132 gloria
857 3083 874 3117 z
903 3068 1032 3133 quia
1067 3071 1310 3135 gratiam
1342 3079 1395 3123 et

328 3137 564 3204 gloriam
591 3136 746 3187 dabit
768 3137 1047 3201 Dominus,
1069 3139 1144 3189 ait
1171 3141 1396 3193 Psalmi-

327 3219 431 3259 sta.
479 3209 584 3269 Qui
618 3214 794 3258 autem
834 3223 936 3259 non
979 3209 1155 3275 habet,
1192 3213 1395 3265 scilicet

328 3294 568 3329 amorem
613 3278 782 3339 verbi,
822 3285 874 3328 et
920 3280 1062 3345 quod
1100 3283 1257 3334 habet
1301 3296 1395 3335 aut

327 3350 541 3400 videtur
566 3350 781 3413 habere,
814 3348 1017 3401 scilicet
1044 3354 1314 3404 naturali
1301 3372 1394 3405 in-

331 3423 508 3490 genio,
547 3425 631 3473 vel
667 3423 965 3473 litterarum
1005 3426 1204 3488 studio,
1231 3430 1396 3495 aufe-

328 3500 480 3544 retur
518 3494 587 3544 ab
627 3508 713 3557 ec,
770 3492 897 3559 quia
938 3495 1083 3545 nulla
1122 3512 1259 3548 veroe
1304 3514 1396 3549 sa-

329 3565 547 3631 pientiae
601 3565 855 3631 gaudebit
899 3565 1199 3618 dulcedine.
1247 3570 1399 3621 Unde
1421 3596 1434 3611 ·

331 3653 442 3686 non
495 3636 820 3687 habentibus
855 3634 1018 3687 fidem
1055 3648 1107 3689 et
1150 3639 1399 3691 devotio-

330 3723 452 3757 nem
498 3710 563 3759 ad
610 3709 815 3759 Christi
856 3709 1152 3761 doctrinam
1186 3711 1400 3763 intelle-

314 3788 444 3828 xctus
481 3781 763 3846 Scripturae
820 3781 1028 3833 Veteris
1071 3783 1401 3833 Testamenti

322 3848 532 3899 ablatus
560 3862 657 3910 est,
691 3862 907 3916 propter
932 3868 1119 3904 eorum
1149 3853 1402 3905 incredu-

326 3917 558 3982 litatem3
588 3930 642 3970 et
670 3921 825 3973 datus
851 3932 934 3974 est
963 3924 1244 3987 Gentibus,
1271 3940 1403 3991 pro-

923 310 1165 361 PRIMAE
1219 308 1468 359 PART1S
1505 308 1740 361 CAPUT
1776 310 1961 364 LXIV.

1500 434 1615 490 pter
1643 440 1829 482 eorum
1858 427 2039 480 fidem.
2056 431 2207 491 Item,
2225 432 2319 496 qui
2345 447 2452 484 non
2474 433 2559 485 ha·

1501 497 1582 546 bet
1617 511 1774 562 opus,
1826 498 1880 548 id
1920 501 2065 566 quod
2100 501 2311 552 videtur
2348 504 2558 565 habere,

1502 569 1703 620 scilicet
1753 569 2124 638 intelligentia,
2174 575 2453 639 auferetur
2497 578 2562 628 ab

1500 654 1578 702 e0,
1610 640 1739 705 quia
1763 641 1910 708 fides
1937 644 2053 694 sine
2079 646 2328 709 operibus
2355 652 2562 698 mortua

1502 715 1599 759 est.
1642 711 1792 772 Item,
1821 713 1962 764 sicut
2001 728 2192 764 avarus
2235 716 2434 766 multas
2461 717 2563 767 ha-

1502 781 1591 831 bet
1612 798 1741 848 opes
1767 794 1822 835 et
1855 786 2058 850 nullas3
2088 786 2166 838 sic
2192 788 2289 853 qui
2327 805 2440 839 non
2475 789 2565 838 di-

1499 853 1684 905 vinam
1738 858 2059 923 sapientiam
2113 860 2294 921 habet,
2362 863 2566 914 nullam

1499 926 1678 989 habet,
1733 930 1880 995 quia,
1927 933 2222 983 secundum
2282 935 2568 1001 Hierony-

1499 1013 1658 1062 mum,
1719 999 1922 1051 litteras
1990 1003 2178 1063 nescit,
2247 1005 2342 1071 qui
2396 1020 2569 1056 sacras

1500 1068 1730 1133 ignorat.
1758 1071 2066 1122 Secundum
2093 1075 2494 1139 Ambrosium,
2483 1092 2569 1125 in—

1498 1139 1772 1205 telligitur,
1814 1143 1955 1207 quod
1997 1143 2171 1204 habet,
2212 1144 2265 1193 id
2307 1157 2389 1195 est
2428 1146 2569 1212 quod

1496 1223 1553 1259 se
1611 1221 1762 1275 putat
1811 1212 2026 1264 habere.
2071 1215 2328 1266 Seorsum
2375 1226 2570 1277 autem,

1502 1280 1742 1332 scilicet
1730 1299 1788 1333 in
1811 1283 1994 1344 domo,
2024 1284 2305 1350 discipulis
2331 1287 2450 1337 suis
2477 1286 2575 1337 dis·

1493 1352 1698 1403 serebat
1724 1355 1926 1405 omnia.
1957 1357 2111 1407 Unde
2134 1367 2277 1422 patet
2295 1359 2445 1424 quod
2471 1374 2574 1409 non

1494 1423 1671 1473 solum
1696 1425 1988 1490 parabolas,
2010 1428 2075 1477 de
2103 1427 2304 1494 quibus
2331 1443 2462 1479 eum
2490 1428 2574 1479 in-

1492 1497 1849 1563 terrogabant,
1885 1500 1979 1549 sed
2010 1500 2173 1551 etiam
2201 1502 2332 1551 alias
2367 1502 2570 1553 ibidem

1494 1567 1574 1617 eis
1611 1568 1878 1633 exposuit,
1909 1569 2033 1620 licet
2059 1571 2126 1621 de
2153 1571 2381 1621 aliarum
2410 1587 2573 1638 expo-

1496 1638 1694 1689 sitione
1727 1639 1934 1690 mentio
1961 1657 2073 1691 non
2099 1641 2209 1693 fiat.

1566 1725 1630 1774 14
1653 1711 1935 1762 Pmnem
1949 1728 2017 1762 nr:
2046 1728 2321 1765 ruasauno
2348 1729 2573 1765 assem«-

1495 1796 1639 1840 nrro,
1690 1797 1744 1840 ιΝ
1793 1797 1908 1840 Qua
1963 1799 2313 1834 pascnan-ua
2357 1798 2573 1847 surus,

1498 1852 1766 1902 Ecassm
1801 1868 1933 1903 pos-r
1961 1869 2399 1905 Ριυεῡιοιιτιοκειι
2443 1870 2573 1905 Aro-

1496 1925 1922 1975 sronicam—Et
1951 1934 2080 1975 tunc
2102 1927 2262 1976 etiam
2308 1926 2366 1976 in
2407 1942 2566 1993 para-

1497 1995 1637 2045 bolis
1677 1995 1889 2046 locutus
1921 2006 2004 2046 est
2031 1996 2332 2063 discipuliS,
2369 2013 2573 2063 propo-

1498 2065 1715 2131 suitque
1766 2066 1847 2117 eis
1888 2076 1997 2118 tres
2050 2067 2328 2133 parabolas
2382 2068 2515 2120 alias
2543 2082 2573 2118 a

1498 2138 1784 2204 praedictis.
1830 2140 1892 2190 In
1945 2155 2176 2206 quarum
2223 2140 2417 2205 prima,
2461 2155 2576 2208 quae

1497 2219 1579 2261 est
1607 2212 1673 2262 de
1711 2211 1964 2262 thesauro
1995 2212 2311 2262 abscondito
2331 2211 2393 2262 in
2420 2228 2564 2279 agr0,

1498 2283 1805 2350 designatur
1843 2294 2015 2335 status
2058 2285 2304 2335 Ecclesiae
2344 2300 2577 2352 sequens

1499 2365 1621 2420 post
1635 2355 1974 2420 praedictum3
2005 2355 2154 2421 quia,
2181 2355 2454 2420 divulgata
2475 2355 2576 2407 fide

1499 2425 1556 2474 in
1581 2426 1711 2476 orbe
1736 2435 1999 2477 terrarum
2018 2441 2112 2492 per
2137 2426 2568 2490 praedicationem

1499 2497 1832 2561 Sanctorum,
1862 2495 2022 2546 multi
2058 2497 2294 2547 valentes
2333 2506 2389 2547 et
2427 2497 2573 2548 litte-

1498 2566 1599 2617 rati
1631 2567 1754 2628 viri,
1790 2577 1852 2618 ut
1888 2567 2227 2634 Augustinus
2270 2577 2326 2617 et
2364 2568 2481 2631 alii,
2510 2567 2574 2618 ad

1496 2639 1659 2690 fidem
1697 2639 2014 2690 catholicam
2057 2640 2321 2701 conversi,
2353 2640 2576 2707 incepe-

1499 2722 1626 2762 runt
1644 2727 1703 2762 se
1723 2727 1985 2772 exercere,
2019 2722 2072 2762 et
2099 2712 2389 2763 scientiam
2418 2729 2572 2764 suam

1498 2783 1565 2833 ad
1593 2781 1874 2833 utilitatem
1904 2783 2207 2834 animarum
2250 2795 2575 2835 convertere.

1501 2852 1783 2903 Assimilat
1834 2868 1965 2919 ergo
2020 2868 2248 2920 reg-num
2301 2855 2574 2918 coelomm,

1499 2927 1554 2978 id
1602 2936 1684 2978 est
1721 2927 1991 2978 coelestem
2035 2927 2279 2993 patriam,
2325 2928 2576 2979 thesauro

1496 3001 1805 3053 abscondito
1830 3001 1885 3052 in
1908 3015 2072 3067 agr-0,
2094 3000 2192 3067 qui
2218 3016 2360 3067 ager,
2390 3001 2578 3052 omni·-

1498 3072 1601 3123 bus
1634 3072 1884 3133 venditis,
1916 3072 2131 3133 emitur,
2182 3082 2244 3123 ut
2293 3073 2577 3125 thesaurus

1497 3146 1702 3196 ibidem
1759 3145 2018 3197 inventus
2085 3145 2366 3196 habeatur.
2421 3148 2576 3212 Ager

1496 3217 1597 3267 iste
1621 3216 1773 3267 labor
1795 3225 1876 3267 est
1903 3217 1962 3267 ἰιι
1996 3216 2249 3267 exercitio
2287 3216 2413 3267 vitae
2453 3216 2578 3267 acti-

1494 3301 1596 3346 vae,
1618 3295 1675 3336 et
1693 3286 1951 3352 operibus
1988 3286 2246 3337 omnibus
2267 3285 2576 3338 misericor-

1498 3357 1635 3408 diae·
1621 3372 1681 3407 in
1699 3356 1963 3423 regimine
1981 3355 2226 3407 Ecclesiae
2244 3372 2263 3420 ;
2290 3356 2574 3406 thesaurus

1498 3436 1682 3478 autem
1751 3426 2100 3477 absconditus
2149 3436 2232 3477 est
2285 3425 2568 3490 proemium

1497 3499 1732 3561 coelesoe,
1759 3499 1914 3564 cujus
1938 3499 2144 3550 divitiae
2176 3500 2424 3549 nondum
2445 3513 2572 3548 om-

1501 3571 1666 3622 nibus
1713 3580 1972 3636 apparent
2015 3569 2314 3632 manifeste,
2375 3583 2572 3621 secun—

1502 3643 1635 3693 dum
1682 3641 1816 3693 illud
1856 3641 2055 3693 Psalmi
2098 3657 2115 3692 z
2157 3641 2333 3702 Quam
2369 3652 2571 3706 magna

1503 3712 1785 3765 multitudo
1806 3711 2104 3764 dulcedinis
2127 3718 2437 3777 tuae„quam
2455 3709 2574 3761 abs·

1506 3785 1737 3835 condisti
1762 3784 2062 3836 timentibus
2088 3784 2173 3835 te!
2201 3782 2472 3833 Invenitur
2490 3791 2572 3832 ta·

1507 3871 1631 3905 men
1654 3855 1755 3906 iste
1782 3855 2088 3915 thesaurus,
2107 3853 2207 3905 etsi
2229 3870 2339 3905 non
2363 3854 2429 3903 ad
2456 3851 2570 3917 ple-

1509 3942 1665 3990 num,
1685 3926 1944 3993 quoniam
1973 3929 2293 3979 Sanctorum
2332 3922 2570 3977 doctrina
