2757 4413
342 297 448 365 594

328 412 473 462 ravit
520 424 653 474 eam,
693 425 786 475 per
828 406 1056 474 propriae
1104 405 1399 456 voluntatis

341 483 756 547 subjectionem!
798 481 804 487 “
836 515 840 519 -

406 555 468 605 16
507 557 785 605 PARABOLA
823 569 889 602 DE
918 568 1116 603 sAoENA
1158 567 1306 601 mssa
1349 567 1403 599 m

335 645 495 687 MARE,
522 644 576 677 m
606 644 715 684 Qun
740 641 975 676 PRAEsENs
999 625 1266 674 Eccmzsuss
1294 639 1407 672 sm-

331 715 433 749 ·rus
462 713 822 748 nssscmmrun.
847 724 909 733 —
931 696 997 745 Et
1021 694 1150 761 quia
1180 695 1280 744 iste
1307 703 1407 742 sta-

335 782 423 822 tus
464 774 750 822 duraturus
793 779 872 820 est
922 785 1094 835 usque
1137 769 1198 818 ad
1242 767 1407 816 finem

337 843 547 901 mundi,
581 843 698 892 ideo
729 858 839 891 non
873 840 1094 907 ponitur
1120 839 1222 889 alia
1250 854 1408 904 para-

338 913 466 964 bola
495 924 615 978 post
641 912 819 972 istam,
848 911 954 960 nisi
984 909 1075 960 illa
1097 925 1216 975 quae
1243 909 1406 958 finem

338 983 529 1034 mundi
564 981 846 1048 significat,
894 995 1017 1047 quae
1052 991 1132 1030 est
1157 981 1222 1030 de
1251 995 1409 1045 sage-

338 1071 405 1104 na
448 1056 504 1104 in
534 1069 679 1103 mare
715 1053 898 1103 missa.
942 1051 1109 1117 Igitur
1145 1051 1271 1116 quia
1308 1049 1410 1098 sub

341 1124 592 1191 parabola
637 1122 873 1173 thesauri
908 1132 960 1171 et
994 1121 1290 1186 margaritae
1322 1120 1410 1168 in-

338 1197 491 1246 duxit
540 1211 638 1245 nos
694 1196 757 1244 ad
811 1204 1018 1244 aeternae
1063 1191 1412 1242 beatitudinis

336 1282 593 1325 amorem,
628 1275 1015 1331 consequenter
1044 1265 1145 1314 sub
1179 1262 1411 1328 parabo-

338 1342 387 1390 la
411 1355 634 1406 sagenae,
667 1339 878 1388 inducit
913 1354 1013 1387 nos
1044 1337 1102 1386 in
1140 1337 1409 1393 timorem,

338 1421 399 1462 ut
421 1410 561 1460 mala
584 1425 864 1460 caveamus
892 1418 945 1458 et
964 1408 1105 1458 bona
1128 1417 1410 1457 sectemur.

338 1485 618 1536 Assimilat
678 1498 803 1548 ergo
855 1497 1081 1548 regnum
1138 1482 1410 1542 coelorum,

342 1556 489 1622 quod
543 1555 632 1604 hic
676 1562 824 1603 notat
867 1563 1187 1618 praesentem
1231 1552 1415 1601 Eccle-

340 1628 496 1689 siam,
523 1640 761 1692 sagenoe,
787 1625 915 1690 quia
946 1624 1304 1691 piscatoribus
1337 1631 1416 1671 est

341 1697 646 1758 commissa,
691 1705 743 1744 et
786 1711 880 1760 per
922 1711 1038 1744 eam
1080 1693 1310 1760 quisque
1350 1692 1415 1740 ad

344 1779 603 1819 aeternum
643 1781 871 1830 regnum
917 1766 983 1815 de
1010 1763 1289 1830 praesentis
1331 1777 1419 1811 se·

345 1840 450 1890 culi
507 1837 760 1887 fluctibus
801 1837 1050 1895 trahitur,
1103 1850 1170 1903 ne
1209 1844 1418 1886 aeternae

348 1911 541 1962 mortis
583 1909 850 1975 profundo
899 1917 1187 1972 mergatur,
1234 1906 1420 1956 missoe

344 1985 397 2034 in
443 1996 606 2042 mare,
629 1980 684 2029 id
718 1989 797 2030 est
831 1980 888 2029 in
911 1979 1195 2037 mundum,
1227 1977 1319 2044 qui
1343 1978 1423 2026 di-

343 2056 480 2105 citur
533 2069 678 2103 mare
735 2063 950 2118 propter
995 2051 1420 2117 magnitudinem

344 2136 395 2175 et
416 2134 629 2190 propter
651 2123 1086 2185 amaritudinem;
1111 2129 1162 2173 et
1185 2137 1260 2172 ex
1280 2121 1424 2171 omni

343 2211 541 2263 genere
572 2195 819 2262 piscium,
873 2194 926 2243 id
981 2203 1061 2245 est
1113 2192 1420 2253 hominum,

343 2267 716 2334 congreganti,
735 2266 938 2317 scilicet
956 2268 1225 2316 bonorum
1246 2276 1298 2315 et
1316 2280 1426 2313 ma-

345 2340 542 2398 lorum,
585 2338 712 2404 quia
746 2337 912 2388 missa
946 2338 1003 2387 in
1050 2338 1211 2403 hujus
1259 2336 1420 2386 seculi

350 2410 624 2468 fluctibus,
663 2410 875 2457 nullum
918 2408 1141 2474 respuit,
1174 2407 1265 2457 sed
1303 2422 1424 2455 ma-

345 2480 428 2530 los
452 2497 574 2530 cum
602 2480 759 2530 bonis
788 2480 946 2544 capit,
978 2490 1029 2529 et
1054 2479 1234 2529 omnis
1261 2493 1423 2544 gene-

348 2552 424 2601 ris
449 2551 700 2600 homines
719 2551 783 2600 ad
803 2549 1014 2600 veniam
1035 2559 1200 2599 vocat.
1230 2550 1421 2609 Quam,

345 2635 462 2670 cum
492 2620 707 2685 impleta
754 2625 910 2680 esset,
942 2619 1087 2684 quod
1111 2618 1211 2667 erit
1240 2618 1296 2667 in
1321 2617 1426 2668 fine

348 2689 530 2748 seculi,
559 2691 770 2756 quando
797 2691 1019 2739 humani
1049 2689 1258 2754 generis
1283 2704 1427 2737 sum-

357 2775 446 2809 ma
474 2760 828 2820 concluditur,
861 2770 912 2811 et
946 2775 1208 2811 numerus
1237 2760 1427 2809 electo-

354 2848 475 2881 rum
507 2832 781 2897 impletur,
813 2836 1111 2896 educenteS,
1136 2832 1336 2883 scilicet
1359 2833 1426 2882 de

345 2903 481 2954 mari
517 2914 567 2953 et
599 2904 666 2953 de
705 2905 960 2957 fluctibus
988 2908 1111 2957 vitae
1153 2907 1335 2971 hujuS,
1372 2915 1425 2955 et

348 2974 620 3023 trahentes
687 2976 751 3024 ad
802 2975 952 3026 littus
1001 2976 1124 3026 vitae
1162 2975 1381 3025 alterius
1408 2993 1423 3040 3

347 3043 492 3109 quia,
523 3046 822 3095 secundum
849 3046 1118 3111 Glossam,
1151 3047 1286 3096 sicut
1320 3062 1429 3097 ma-

348 3129 405 3165 re
430 3117 691 3180 seculum,
723 3116 796 3166 ita
821 3116 972 3167 littus
999 3117 1160 3167 maris
1185 3126 1266 3167 est
1299 3117 1427 3167 finis

349 3187 539 3251 seculi;
556 3194 608 3239 et
617 3203 770 3240 secus
785 3190 936 3240 littus
945 3191 1199 3254 sedentes,
1216 3206 1308 3256 per
1319 3190 1428 3240 im-

350 3257 748 3318 mortalitatem,
767 3259 1045 3324 elegerunt
1072 3261 1235 3311 bonos
1264 3260 1318 3309 in
1340 3275 1429 3310 va-

347 3343 413 3379 sa
441 3343 558 3393 sua,
575 3330 747 3381 malos
774 3337 949 3382 autem
961 3332 1130 3397 foras
1149 3332 1423 3382 miserunt.

349 3399 505 3450 Nunc
547 3400 694 3450 enim
750 3402 921 3452 malos
953 3403 1232 3468 bonosque
1269 3419 1424 3454 com-

352 3470 592 3521 muniter
606 3472 760 3537 quasi
779 3473 1074 3538 permixtos
1091 3473 1264 3538 pisces
1280 3489 1425 3539 sage-

342 3557 413 3592 na
439 3541 564 3592 fidei
600 3544 866 3608 continet3
898 3544 991 3594 sed
1019 3545 1173 3594 littus
1223 3545 1425 3595 indicat

351 3628 492 3678 quos
513 3628 706 3679 sagena
725 3614 980 3665 Ecclesiae
1001 3615 1263 3678 trahebat.
1286 3616 1422 3664 Nam

353 3682 494 3733 sicut
520 3698 628 3732 non
653 3684 1063 3751 distinguuntur
1092 3685 1219 3735 boni
1253 3684 1423 3749 pisces

349 3767 381 3801 a
425 3753 600 3814 malis,
637 3756 880 3821 quandiu
920 3771 1115 3822 sagena
1159 3765 1239 3805 est
1285 3755 1425 3805 intra

350 3837 544 3887 aquas;
576 3824 654 3875 sic
681 3826 738 3876 in
762 3826 993 3878 Ecclesia
1017 3826 1281 3876 militante
1301 3840 1424 3891 per-

350 3894 512 3945 mixti
539 3908 667 3949 sunt
703 3900 833 3950 mali
866 3915 990 3951 cum
1018 3898 1195 3951 bonis,
1225 3899 1329 3950 Sed
1365 3898 1420 3948 in

945 292 1187 343 PRIMAE
1232 289 1486 340 PARTIS
1540 290 1773 342 CAPUT
1807 293 1986 343 LXIV.

1509 405 1614 456 fine
1659 409 1848 457 mundi
1887 409 2128 458 trahetur
2175 408 2240 458 ad
2275 408 2437 458 littus
2483 424 2575 474 per

1509 490 1752 544 apertum
1786 481 2062 546 judicium,
2094 481 2220 547 quia
2256 490 2387 531 tunc
2422 493 2574 531 erunt

1513 551 1792 601 manifesta
1822 552 2131 601 abscondita
2157 552 2425 602 cordium.
2460 553 2572 602 Un-

1511 623 1576 673 de
1617 624 1866 674 subditur
1904 642 1917 675 :
1959 625 2053 675 Sic
2088 626 2192 676 erit
2230 626 2282 675 in
2326 640 2576 675 consum-

1513 696 1742 746 matione
1764 696 1945 760 seculi,
1967 696 2020 745 id
2050 706 2129 747 est
2153 696 2209 745 in
2233 696 2342 746 fine
2366 697 2574 755 mundi,

1514 776 1565 815 et
1600 766 1799 816 dicitur
1828 767 2221 817 consummatio
2246 767 2532 831 tripliciter
2561 783 2576 816 t

1512 837 1595 887 vel
1636 836 1763 902 quia
1805 846 1933 887 tunc
1982 840 2278 903 completus
2330 838 2437 887 erit
2476 854 2578 886 nu-

1515 926 1697 960 merus
1737 911 2051 974 electorum3
2097 912 2179 963 vel
2218 910 2350 977 quia
2397 910 2580 960 termi-

1517 982 1733 1032 nabitur
1761 993 1927 1033 status
1961 983 2305 1048 meritorum3
2345 984 2431 1033 vel
2461 981 2579 1048 quia

1515 1054 1747 1104 cessabit
1792 1056 2054 1105 successio
2111 1071 2290 1104 rerum
2341 1054 2579 1105 mutabi-

1516 1125 1669 1174 lium.
1700 1125 1949 1175 Exibunt
1975 1125 2191 1191 Angeli,
2222 1127 2288 1175 de
2318 1126 2457 1175 coelo
2483 1140 2583 1173 em·

1519 1213 1682 1262 pyreo
1708 1197 1771 1247 ad
1802 1197 2202 1248 convocandum
2227 1199 2494 1264 populum
2514 1198 2583 1262 ju·

1518 1268 1821 1326 dicandum,
1853 1276 1906 1318 et
1939 1270 2265 1334 separabunt
2305 1269 2487 1319 malos
2523 1268 2585 1317 de

1519 1338 1690 1388 medio
1718 1338 2010 1405 justorum.
2044 1340 2091 1389 Ο
2117 1355 2276 1404 quam
2323 1341 2465 1389 dura
2500 1353 2583 1387 se-

1521 1408 1721 1474 paratio
1753 1409 1954 1474 quippe
1984 1409 2165 1459 malis!
2197 1410 2327 1475 quia
2362 1410 2581 1459 irreme-

1520 1480 1750 1544 diabilis,
1781 1481 1908 1546 quia
1941 1481 2319 1531 irrevocabilis
2350 1482 2430 1531 Et
2465 1481 2582 1529 mit-

1523 1559 1629 1603 tent
1661 1567 1766 1614 eOS,
1795 1552 1993 1602 scilicet
2026 1554 2211 1612 ma105,
2243 1554 2296 1603 in
2321 1553 2582 1604 caminum

1522 1624 1671 1689 ignis
1727 1623 1942 1682 inferni,
1991 1626 2271 1674 torrendos
2323 1635 2380 1674 et
2418 1623 2583 1673 exsic-

1524 1693 1739 1754 candos,
1767 1703 1817 1742 et
1840 1693 1916 1743 sic
1940 1693 2177 1744 Ecclesia
2206 1705 2434 1760 purgata
2456 1692 2584 1743 offe-

1523 1775 1669 1813 retur
1731 1765 1842 1814 Deo
1905 1765 2047 1814 Patri
2108 1766 2224 1815 sine
2280 1765 2491 1815 macula
2537 1772 2584 1812 et

1525 1849 1681 1900 ruga3
1707 1843 1837 1884 tunc
1866 1835 2013 1884 enim
2045 1837 2173 1886 boni
2209 1836 2495 1886 mittentur
2531 1836 2583 1885 in

1527 1923 1647 1958 vasa
1692 1909 1987 1958 coelestium
2025 1910 2393 1970 mansionum,
2437 1909 2585 1959 malis

1527 1980 1782 2044 separatis
1822 1990 1872 2029 et
1926 1981 2157 2031 detrusis
2198 1981 2250 2030 in
2291 1981 2582 2031 infernum.

1528 2051 1613 2100 Sic
1666 2050 1983 2100 introductis
2027 2051 2389 2116 prudentibus
2426 2051 2587 2117 virgi-

1529 2122 1709 2182 nibuS,
1741 2130 1791 2170 et
1832 2122 2060 2171 exclusis
2097 2122 2277 2180 fatuiS,
2318 2123 2590 2172 claudetur

1530 2194 1683 2259 janua
1728 2192 1877 2258 regni
1931 2192 2179 2244 coelestis,
2224 2193 2296 2243 Et
2347 2192 2591 2243 subditur

1532 2267 1597 2316 de
1638 2266 1812 2332 poenis
1854 2267 2137 2335 malorum,
2176 2283 2298 2316 cum
2341 2267 2538 2316 dicitur
2573 2280 2585 2311 ε

1532 2339 1616 2388 Ibi
1652 2338 1755 2387 erit
1766 2339 1949 2405 fletuS,
1983 2354 2091 2403 prae
2131 2338 2335 2396 ardore,
2377 2346 2430 2389 et
2462 2336 2586 2387 Stri-

1533 2408 1633 2459 dor
1655 2408 1902 2470 dentium,
1923 2424 2028 2473 prae
2056 2407 2268 2473 frigore.
2296 2409 2455 2457 Tunc
2478 2420 2589 2456 sero

1535 2480 1656 2529 mali
1718 2480 2054 2545 poenitebunt
2110 2490 2162 2529 et
2218 2479 2584 2545 ingemiscent,

1532 2566 1650 2600 sero
1679 2549 1921 2614 sibiipsis
1951 2550 2246 2600 irascentur
2271 2561 2322 2600 et
2359 2549 2588 2615 indigna-

1531 2621 1735 2671 buntur
1770 2620 1914 2684 quod
1952 2630 2060 2669 tarn
2094 2620 2352 2685 pertinaci
2385 2621 2586 2685 impro-

1532 2693 1694 2742 bitate
1723 2691 2061 2757 deliquerint.
2095 2694 2288 2757 Aperte
2315 2692 2372 2741 in
2411 2689 2588 2741 multis

1530 2762 1664 2812 locis
1689 2777 1848 2811 sacrae
1873 2762 2163 2827 Scripturae
2184 2763 2382 2812 dicitur
2406 2764 2470 2812 de
2493 2771 2586 2810 tor-

1532 2834 1728 2883 mentis
1749 2833 2031 2893 malorum,
2063 2849 2129 2883 ne
2154 2834 2279 2899 quis
2300 2849 2355 2883 se
2382 2839 2587 2883 excuset

1531 2919 1624 2969 per
1658 2902 2035 2969 ignorantiam,
2074 2913 2127 2953 et
2156 2902 2315 2953 toties
2346 2916 2586 2953 comme-

1534 2984 1811 3024 morantur
1851 2973 2113 3038 supplicia
2153 2973 2488 3038 gehennalia,
2531 2980 2586 3018 ut

1532 3046 1780 3096 sitiamus
1835 3056 1886 3096 et
1930 3045 2244 3095 anhelemus
2292 3046 2356 3095 ad
2404 3041 2588 3111 gaudia

1532 3118 1781 3169 coelestia.

1602 3205 1663 3256 17
1696 3190 1976 3239 Docronns
2012 3205 2117 3239 Non
2164 3205 2367 3239 onnam-r
2403 3200 2587 3239 Aumar:

1534 3275 1780 3320 ‘mm-uu,
1842 3276 1934 3310 sno
1988 3276 2056 3309 ετ
2107 3275 2475 3309 mrssnmossnss.
2531 3283 2587 3293 -

1531 3334 1737 3384 Deinde
1767 3332 1984 3399 ponitur
2022 3331 2293 3382 conclusio
2326 3331 2585 3398 principa-

1532 3403 1600 3454 lis
1628 3420 1641 3453 ε
1674 3403 1738 3453 ad
1775 3403 1877 3454 hoc
1920 3403 2068 3452 enim
2109 3402 2166 3452 in
2200 3402 2465 3467 praedictis
2496 3414 2586 3465 pa-

1532 3474 1731 3524 rabolis
1785 3473 2129 3539 praescriptus
2189 3479 2267 3523 est
2317 3469 2589 3537 processus

1534 3544 1782 3594 Ecclesiae
1810 3541 2114 3604 militantiS,
2139 3552 2201 3593 ut
2228 3541 2469 3607 Apostoli
2498 3536 2580 3605 qui

1532 3625 1682 3665 erant
1718 3614 1889 3680 ipsius
1923 3612 2227 3663 fundatores
2266 3621 2385 3678 post
2430 3608 2584 3661 Chri-

1530 3697 1676 3738 stum
1692 3686 2052 3751 intelligerent
2067 3685 2377 3751 hujusmodi
2393 3695 2586 3750 proces-

1531 3774 1672 3810 sum.
1713 3758 1865 3809 Unde
1909 3757 2255 3823 subjungitur
2306 3772 2320 3805 ε
2373 3752 2578 3805 Intelle-

1528 3830 1698 3880 xistis
1722 3830 1837 3881 hoec
1854 3827 2076 3879 omnia?
2100 3827 2302 3878 scilicet
2319 3822 2584 3892 parabolas

1531 3900 1830 3965 praedictas.
1862 3898 2028 3959 Quasi
2056 3897 2195 3949 dicat
2218 3897 2335 3948 :Ad
2362 3910 2454 3947 vos
2482 3905 2582 3959 per-
