2757 4413
245 234 323 284 DE
349 234 837 287 IMPEDIMENTtS
868 224 1376 285 PERFECTtONIS
1411 235 1503 285 ET
1523 235 1875 296 SEQUELAE
1912 239 2209 291 CHRISTI.
2235 256 2353 310 497

171 365 240 415 pro
282 350 445 400 eadem
496 350 708 400 caritate
760 365 792 399 a
845 348 943 399 Dei
987 364 1170 399 amore

167 419 444 472 flectendum.
473 421 680 471 Fideles
716 420 922 487 quique
949 436 1166 486 compa·

164 493 318 544 tiantur
351 494 602 559 proximis
647 509 743 559 per
784 493 1076 556 caritatem,
1115 503 1169 544 et

162 576 295 616 tamen
319 567 378 616 de
396 567 478 616 via
500 566 595 617 Dei
621 583 727 616 non
754 566 1057 616 exorbitent
1072 582 1168 632 per

159 639 542 705 compassionem.
573 659 601 686 η
637 640 943 690 Secundum
985 639 1164 705 impe-

159 709 401 761 dimentum
415 749 430 769 ,
474 711 634 761 etiam
678 710 826 774 juxta
851 710 1164 761 Matthaeum

158 793 277 845 supra
314 780 567 846 positum,
618 790 700 830 est
741 795 895 829 amor
936 780 1165 830 carnalis

155 851 413 916 voluptatis,
458 862 511 902 et
537 853 640 902 hoc
668 852 908 918 tangitur
930 867 963 902 a
998 852 1163 912 Luca,

156 935 244 974 cum
265 923 493 972 subditur
523 939 537 972 ε
566 923 644 973 Et
685 923 776 988 qui
819 938 922 974 non
956 923 1166 990 bajulat

155 1005 311 1042 coracem
342 1007 487 1042 suam
516 999 578 1043 et
612 993 759 1043 vetit
776 999 906 1059 post
932 1007 1029 1054 me,
1058 1008 1163 1043 non

149 1068 280 1125 potest
314 1077 450 1113 meus
493 1078 612 1114 esse
661 1063 973 1130 discipulus.
1004 1064 1162 1123 Nam,

151 1146 194 1185 ut
205 1136 262 1186 ait
277 1137 698 1202 Chryso-stoma,
724 1136 983 1202 perfectus
1001 1137 1163 1187 Chri-

151 1206 198 1256 sti
227 1207 497 1274 discipulus
544 1219 627 1258 est
665 1207 759 1275 qui
808 1207 993 1259 omnia
1022 1208 1163 1258 mala

148 1279 296 1342 patitur
322 1290 406 1330 aut
434 1281 541 1346 pati
575 1289 795 1347 paratus
817 1279 914 1331 'est
946 1291 1163 1346 propter

149 1348 382 1400 Christum.
417 1351 495 1401 De
542 1351 632 1402 his
670 1351 883 1402 duobus
918 1351 1160 1417 impedi-

146 1421 295 1470 mentis
317 1421 417 1485 jam
447 1437 613 1486 supra
641 1420 848 1471 dictum
865 1432 950 1472 est
976 1422 1157 1482 latius,

145 1489 276 1541 simile
303 1493 454 1542 etiam
496 1493 668 1545 habes
708 1492 848 1543 infra
886 1504 1011 1544 ante
1040 1494 1159 1544 Do-

145 1561 240 1613 mini
261 1565 787 1632 transfigurationem,
813 1566 907 1616 sed
932 1581 1048 1616 non
1074 1576 1159 1617 est

143 1631 267 1683 idem.

183 1719 209 1769 7
245 1705 476 1757 Taurum
503 1723 908 1759 iuremusuruu
955 1724 1157 1759 »zam-

140 1786 294 1825 crroms
310 1793 375 1827 ar
405 1791 661 1836 stomin
691 1778 892 1828 Donum
912 1795 933 1829 2:
964 1795 1155 1831 moon-

140 1857 336 1896 smmra
354 1863 545 1897 uani-rs
565 1863 806 1898 Lava-As.
826 1876 889 1886 —
908 1849 1154 1901 Tertium

137 1911 521 1980 impedimentum
607 1928 687 1969 est
771 1918 1157 1972 inconsiderata

138 1983 272 2036 levitas
299 1989 523 2049 mentis,
568 2003 676 2054 qua
703 1988 827 2054 quis
859 1989 1154 2055 impeditur

136 2063 509 2122 aperseverantia
530 2062 656 2112 vitae
678 2073 988 2128 assumm,
1016 2065 1150 2115 dum

138 2126 458 2184 inconsiderate
483 2133 795 2199 aggreditur
821 2133 964 2184 viam
985 2151 1150 2201 quam

136 2215 208 2250 non
224 2215 376 2268 potest
401 2202 674 2270 perficere.
715 2204 870 2256 Unde
897 2204 1027 2257 huic
1052 2208 1149 2274 qui

135 2274 372 2335 aggreditur
397 2276 544 2325 viam
580 2274 925 2340 perfeetionis
965 2292 1151 2328 neces-

134 2341 229 2392 saria
265 2355 337 2395 est
373 2344 658 2405 discretio,
688 2354 748 2394 ut
770 2346 1072 2398 consideret
1097 2349 1147 2398 si

133 2409 272 2463 habeat
290 2414 417 2466 illud
445 2416 597 2482 quod
621 2415 685 2465 ad
706 2416 808 2466 hoc
836 2417 1146 2482 requiritur,

133 2486 234 2547 quod
256 2499 326 2538 est
358 2488 624 2539 fortitudo
652 2488 824 2539 animi
859 2490 926 2540 ad
972 2492 1147 2541 relin-

130 2558 342 2617 quendum
396 2560 588 2626 omnia
652 2568 705 2609 et
765 2559 1146 2612 sustinendum

128 2625 289 2679 adversa
314 2647 406 2695 pro
439 2632 561 2681 Deo
590 2647 605 2681 ;
634 2646 705 2680 ne
730 2641 942 2696 propter
970 2631 1147 2684 indis-

129 2696 356 2749 cretionem
417 2700 627 2752 resiliat
685 2701 754 2750 ab
788 2700 1019 2767 incept0.
1079 2704 1146 2753 Et

129 2763 198 2815 hoc
235 2772 451 2822 ostendit
485 2787 585 2837 per
627 2771 1045 2823 similitudinem
1076 2774 1144 2824 de

127 2835 282 2889 volente
307 2842 568 2892 aedificare
596 2841 811 2902 turrim,
845 2840 903 2890 id
927 2853 1008 2894 est
1041 2858 1143 2909 ag—

126 2907 229 2968 gredi
261 2912 641 2976 perfectionem
679 2912 1052 2978 Evangelicam
1090 2924 1144 2965 et

124 2977 208 3056 Vitae
228 2985 624 3045 sublimitatem,
654 3000 750 3051 per
772 3000 937 3051 quam
975 2986 1142 3036 Chri-

127 3058 171 3095 δῦ
190 3066 351 3105 sumus
373 3055 651 3121 discipuli.
685 3055 791 3115 Qui
823 3070 953 3121 ergo
973 3055 1143 3106 Chri-

125 3117 167 3166 sti
182 3121 449 3191 discipulus
477 3142 598 3177 esse
628 3136 682 3176 et
721 3125 826 3175 dici
856 3126 1139 3187 desiderat,

125 3190 252 3243 ⁵0th
301 3198 450 3262 prius
507 3206 561 3247 et
610 3205 886 3261 computet
904 3235 921 3256 ,
970 3196 1028 3246 id
1060 3206 1141 3248 est

126 3256 362 3317 deliberans
389 3268 697 3319 consideret
719 3268 771 3318 si
788 3268 980 3319 habeat
997 3284 1142 3318 sum-

124 3339 209 3390 Pms
232 3338 508 3403 requisitos
536 3337 613 3388 ad
644 3337 1055 3405 perficiendum3
1090 3336 1137 3388 si

125 3397 447 3477 t{iscipulorum
474 3409 644 3461 vitam
679 3418 882 3470 tenere,
926 3410 1140 3475 patien-

125 3475 210 3523 tum
234 3476 416 3531 habere
432 3519 448 3542 ,
485 3480 728 3530 laborem
768 3479 1056 3544 sustine-ne,
1085 3491 1140 3531 et

125 3542 239 3599 simul
255 3567 369 3603 cum
394 3556 475 3605 eis
504 3553 702 3604 turrim
719 3553 980 3604 virtutum
995 3553 1138 3604 aedi-

125 3613 244 3688 ficare,
271 3639 448 3679 contra
481 3629 664 3679 hostes
694 3643 929 3693 pugnare
963 3637 1017 3679 et
1044 3644 1136 3678 ce-

125 3694 195 3741 teri
224 3710 330 3761 quae
381 3709 689 3767 sequuntur
744 3713 897 3763 ager-e
943 3698 1133 3750 valeat,

127 3757 309 3828 Mflgnam
370 3772 573 3823 etenim
622 3768 820 3821 turrim
870 3769 1134 3820 aedificare

131 3834 390 3913 ncipinqui
430 3847 594 3913 huius
637 3844 831 3900 mundi
874 3844 1132 3906 honores..

1274 348 1489 400 divitias
1554 360 1606 401 et
1654 353 1944 419 dignitates
1971 367 2340 417 contemnens„

1273 423 1461 470 omnia
1506 422 1799 489 relinquit,
1851 436 1906 476 et
1957 429 2346 493 Apostolorum·

1267 489 1435 540 vitam
1474 506 1534 541 ac
1571 495 1960 546 monachorum
1981 501 2344 550 conversatio-

1270 575 1395 610 nem
1424 562 1719 628 promittit3
1755 566 1848 615 sed
1876 567 1979 617 iste
2007 569 2158 634 prius
2185 586 2339 620 com-

1271 640 1458 696 putare
1499 633 1657 684 debet
1684 650 1847 701 quarn
1878 648 2076 688 arctam
2105 649 2158 691 et
2183 641 2341 691 labo-

1269 702 1469 753 riosam
1502 705 1645 756 viam
1675 708 2038 773 aggrediatur,
2080 720 2132 761 et
2172 728 2338 778 quam

1269 789 1528 839 magnum
1568 787 1622 826 et
1651 777 1869 829 difficile
1898 795 2036 845 opus
2067 796 2221 846 agere
2247 784 2350 832 in-

1268 843 1448 910 cipiat.
1487 847 1649 907 Quia,
1668 850 1964 900 secundum
1988 852 2336 919 &egoi-ium,

1269 931 1433 966 omne
1458 919 1606 983 quod
1632 921 1872 986 agimus,
1915 924 2207 988 praevenire
2247 942 2346 992 per

1268 985 1511 1036 studium
1562 990 2005 1043 considerationis
2058 995 2338 1047 debemus.

1269 1056 1477 1107 Sedens
1505 1057 1688 1124 igitur,
1718 1061 1773 1110 id
1801 1072 1882 1111 est
1905 1078 1938 1112 a
1963 1064 2073 1114 vita
2100 1067 2263 1116 veteri
2290 1078 2345 1118 et

1267 1141 1300 1176 a
1344 1127 1669 1179 tumultibus
1701 1131 1892 1181 mundi
1933 1141 1986 1182 et
2026 1135 2341 1199 passionum

1268 1199 1540 1264 quietatus
1565 1212 1618 1251 et
1646 1203 1956 1269 quiescens,
1997 1215 2259 1275 computet
2290 1221 2345 1261 et

1266 1271 1553 1337 diligenter
1579 1273 1844 1325 discernat
1870 1281 2194 1344 erogandam
2225 1297 2346 1332 esse

1267 1342 1625 1395 substantiam
1658 1349 2006 1411 temporalem
2024 1388 2037 1409 ,
2085 1359 2139 1400 et
2178 1366 2269 1401 cor
2309 1368 2343 1403 a

1265 1416 1650 1482 cupiditatibus
1693 1421 2074 1485 avertendum,
2117 1432 2168 1473 et
2213 1425 2348 1474 ani-

1265 1503 1412 1537 mam
1458 1497 1642 1539 contra
1678 1490 1842 1540 seculi
1879 1491 2097 1542 adversa
2127 1509 2338 1560 praepa-

1264 1559 1507 1609 randam.
1560 1560 1729 1611 Debet
1776 1561 1938 1611 etiam
1985 1564 2219 1629 cogitare
2288 1566 2333 1615 si

1262 1630 1456 1681 habeat
1483 1643 1732 1698 sumptus
1754 1633 2057 1699 spirituales
2073 1635 2336 1687 virtutum

1261 1711 1315 1752 et
1341 1702 1612 1752 bonorum
1639 1719 1881 1768 operum,
1915 1715 2168 1771 sumptus
2185 1708 2338 1758 enim

1261 1774 1579 1838 temporales
1628 1774 1809 1839 potius
1855 1777 2139 1842 spargendi
2189 1789 2339 1839 sunt,

1259 1853 1545 1908 antequam
1585 1845 1980 1911 congregandi3
2027 1846 2078 1896 si
2120 1848 2332 1909 habeat,

1259 1913 1504 1981 inquam,
1544 1915 1620 1965 ad
1646 1917 2027 1982 perficiendum
2066 1933 2201 1984 opus
2242 1920 2340 1969 in-

1259 1995 1499 2047 tentum,
1535 1986 1593 2036 id
1621 1997 1703 2037 est
1729 1987 1776 2037 si
1805 1988 2190 2049 humilitatem,
2234 2007 2332 2057 pa-

1257 2059 1537 2120 tientiam,
1577 2060 1965 2123 obedientiam,
1999 2072 2054 2112 et
2085 2078 2340 2128 perseve-

1256 2130 1488 2180 rantiam
1514 2144 1636 2196 quoe
1670 2142 2033 2191 consummat,
2070 2142 2250 2184 tenere
2277 2144 2330 2185 et

1255 2203 1523 2255 custodire
1573 2203 1771 2265 valeat,
1805 2203 1932 2255 ‘sine
1981 2203 2184 2271 quibus
2226 2208 2331 2257 hoc

1253 2273 1539 2328 aedificium
1574 2272 1753 2339 perfici
1779 2290 1894 2324 ,non
1928 2284 2119 2339 potest.
2164 2277 2332 2326 Sum-

1253 2355 1378 2411 ptus
1396 2344 1618 2409 quidem
1637 2354 1766 2393 sunt
1786 2359 1847 2393 ea
1871 2359 1993 2410 quae
2011 2344 2173 2395 debes
2195 2346 2339 2410 Dec,

1252 2414 1372 2474 tibi,
1398 2413 1663 2479 proximo,
1696 2413 1988 2463 AEdificans
2018 2429 2145 2479 ergo
2172 2414 2328 2481 spiri·

1251 2486 1484 2545 tualiter,
1511 2484 1795 2534 considera
1829 2484 1874 2534 si
1911 2485 2119 2547 sobrie,
2150 2492 2202 2535 et
2231 2486 2334 2551 pie

1251 2564 1302 2608 et
1317 2558 1471 2625 juste
1491 2556 1718 2621 vixeris;
1758 2570 1822 2607 ne
1840 2562 2190 2623 posteaquam
2219 2572 2325 2622 po-

1251 2628 1421 2680 suerit
1440 2626 1873 2694 fundamentum,
1907 2627 2052 2692 quod
2078 2628 2326 2678 consistit

1250 2703 1308 2753 in
1338 2702 1680 2753 observantia
1707 2702 2101 2760 mandatorum,
2129 2707 2183 2751 et
2222 2716 2326 2752 non

1243 2774 1481 2838 potuerit
1497 2774 1777 2841 perficere,
1808 2787 1839 2823 a
1868 2772 2010 2822 bono
2048 2773 2331 2839 proposito

1247 2844 1603 2904 declinando,
1662 2853 1716 2894 et
1769 2843 1827 2893 in
1883 2842 2114 2893 aedificio
2168 2844 2327 2895 bone

1248 2910 1579 2980 operationis
1632 2912 1928 2964 deficiendo
1943 2951 1959 2973 ,
2012 2913 2325 2964 irrisionem

1249 2987 1493 3054 patiatur,
1507 2987 1581 3037 ab
1595 2986 1834 3038 inimicis
1852 2985 2056 3036 scilicet
2069 2985 2328 3052 malignis

1245 3060 1562 3126 spiritibus,
1614 3059 1816 3111 nostris
1857 3058 2018 3110 bonis
2069 3060 2327 3126 operibus

1247 3147 1461 3197 semper
1487 3130 1895 3189 insidiantibus»,
1933 3140 1987 3180 et
2014 3144 2079 3179 ex
2121 3130 2326 3181 nostris
2371 3157 2375 3161 ·

1245 3202 1543 3254 defectibus
1587 3202 2013 3267 gratulantibus;
2055 3207 2107 3251 et
2142 3216 2328 3252 omnes

1243 3274 1337 3339 qui
1367 3273 1600 3324 viderint
1624 3288 1749 3323 eum
1776 3270 2026 3333 deficere,
2063 3271 2323 3338 incipiant

1245 3344 1473 3395 illudere
1493 3344 1562 3407 ei,
1591 3353 1684 3394 aut
1712 3343 1966 3394 homines
1987 3344 2046 3393 in
2073 3342 2201 3405 vita,
2228 3351 2322 3392 aut

1243 3415 1513 3465 daemones
1542 3414 1602 3464 in
1624 3424 1817 3475 morte,
1843 3424 1935 3464 aut
1964 3413 2236 3464 Dominus
2260 3412 2320 3466 in

1241 3484 1468 3550 iudicio,
1513 3494 1566 3535 et
1613 3484 1775 3536 etiam
1821 3485 1999 3535 Sancti
2035 3484 2131 3550 qui
2159 3498 2322 3549 super

1241 3573 1366 3609 eum
1411 3557 1664 3608 ridebunt
1683 3596 1699 3618 ,
1736 3558 1975 3608 dicentes
2005 3574 2019 3607 ε
2053 3556 2197 3617 Quia
2233 3553 2322 3605 hic

1239 3629 1395 3680 homo
1422 3629 1582 3694 coepit
1601 3628 1896 3696 aedificare,
1928 3628 2028 3678 iter
2046 3623 2321 3693 perfectio-

1240 3703 1327 3756 nis
1350 3705 1703 3768 assumendo,
1743 3712 1799 3755 et
1832 3719 1935 3755 non
1974 3701 2151 3769 potuit
2185 3713 2317 3750 con-

1240 3789 1526 3839 summare,
1563 3775 1622 3825 in
1665 3774 1880 3841 incepto
1913 3769 2315 3839 perseverando,

1239 3848 1344 3900 Sed
1368 3847 1509 3915 quid
1534 3847 1584 3899 ei
1611 3848 1837 3914 coepisse
1861 3846 2097 3913 prodest,
2139 3842 2187 3895 si
2210 3842 2319 3893 sal·
