2757 4413
286 315 373 366 DE
400 316 605 367 VERB.
636 315 829 379 DOM„
865 315 1064 367 PROP.
1090 314 1259 375 QUAE
1291 313 1565 374 QUIDAM
1591 313 1834 366 RETRO
1865 313 2227 365 ABIERUNT
2279 311 2386 381 647

185 429 333 480 Filius
358 429 464 480 Dei
484 439 595 480 erat
628 429 687 478 in
714 440 854 480 terra
886 429 943 479 in
970 439 1213 496 suscepta

185 515 334 559 carne,
364 500 534 550 Filius
577 499 819 550 hominis
869 500 926 549 in
974 501 1107 551 coela
1134 500 1209 550 'in

186 569 360 620 unitate
401 585 657 636 personae.
685 589 713 616 n
745 570 898 621 Unde
935 579 987 620 et
1034 570 1211 620 Theo-

180 643 338 710 philus
356 662 372 695 :
399 664 427 692 «
455 645 576 694 Non
600 660 724 709 ergo
749 655 963 711 propter
989 644 1094 694 hoc
1121 659 1214 708 pu·

184 724 249 764 tes
288 716 424 780 quod
478 715 545 765 de
586 717 720 765 coelo
770 730 962 781 corpus
1009 713 1213 765 Christi

182 786 507 848 descenderit3
553 787 645 836 sed
673 786 800 853 quia
824 802 969 837 unus
992 796 1045 836 et
1070 785 1211 835 idem

183 869 271 909 erat
290 859 453 909 Filius
481 859 579 908 Dei
600 870 652 910 et
676 859 935 910 hominis.
956 879 984 907 n
1008 858 1214 909 Deinde

182 932 325 982 dicit:
356 933 599 997 Spiritus
630 940 710 983 est
740 933 831 998 qui
856 933 1110 999 vivificat,
1157 932 1211 981 id

181 1012 244 1052 est
260 1004 409 1053 verba
428 1004 724 1053 secundum
739 1003 1074 1069 spiritualem
1094 1017 1214 1052 sen-

182 1088 280 1123 sum
316 1074 579 1124 intellecta
627 1073 892 1124 vivificant
945 1083 996 1124 et
1049 1073 1213 1123 vitam

183 1143 309 1206 dant3
340 1159 465 1194 caro
494 1151 672 1194 autem
697 1159 797 1194 non
815 1145 1043 1209 prodest
1069 1143 1216 1210 quid-

184 1229 313 1280 quam
341 1215 457 1265 sine
484 1213 702 1280 spiritu,
729 1214 783 1262 id
811 1223 891 1264 est
922 1214 1213 1264 secundum

184 1288 416 1337 carnalem
468 1302 693 1336 sensum
749 1286 1014 1336 intellecta
1079 1284 1217 1334 nihil

185 1359 463 1425 proderunt,
497 1359 616 1408 imo
645 1367 853 1407 nocent.
884 1357 1030 1408 Sicut
1057 1355 1222 1407 scien·

187 1431 247 1480 tia
271 1431 378 1480 sine
426 1429 648 1479 caritate
678 1428 845 1498 inflat,
888 1429 978 1478 sed
1006 1443 1100 1494 per
1132 1442 1219 1477 ca-

185 1499 364 1550 ritatem
392 1497 646 1562 aedificat;
682 1499 756 1549 ita
785 1500 943 1549 verba
965 1513 1085 1564 quae
1116 1511 1220 1562 ego

188 1569 362 1620 locutus
412 1586 536 1621 sum
605 1570 752 1621 vobis
809 1569 875 1618 ad
934 1569 1219 1619 utilitatem

186 1653 399 1703 vestram,
434 1644 502 1693 de
557 1642 792 1706 Corpore
838 1654 958 1689 meo
987 1639 1221 1690 mandu-

186 1716 343 1777 cando,
372 1725 423 1766 et
451 1715 730 1780 Sanguine
759 1713 1010 1774 bibendo,
1052 1713 1221 1780 spiri-

188 1794 255 1840 tus
274 1797 320 1841 et
353 1791 462 1841 vita
517 1796 658 1851 sunt,
692 1789 745 1838 id
779 1797 858 1839 est
890 1786 1219 1853 spiritualem

185 1861 354 1912 habent
381 1861 740 1921 intellectum,
789 1871 840 1911 et
878 1859 1224 1926 spiritualiter

186 1941 225 1981 et
241 1948 334 1981 non
360 1933 424 1982 ad
463 1932 701 1983 litteram
732 1929 1076 1995 intelligenda
1096 1938 1223 1978 sunt

186 2015 227 2055 et
253 2005 531 2056 vivificant.
573 2005 781 2054 Littera
826 2004 962 2053 enim
992 2002 1185 2053 occidit
1202 2018 1223 2065 ,·

187 2078 382 2142 spiritus
412 2085 596 2129 autem
638 2077 891 2146 vivificat.
923 2077 1059 2126 Nam
1087 2075 1223 2125 sicut

189 2150 310 2215 palea
335 2149 705 2212 frumentum3
729 2148 804 2198 sic
827 2158 878 2198 et
898 2148 1072 2198 littera
1094 2145 1226 2212 tegit

190 2221 428 2285 spiritum.
462 2221 611 2271 Hinc
638 2221 785 2270 enim
821 2220 992 2270 voluit
1020 2216 1225 2267 intelli-

191 2305 290 2355 gere
314 2292 724 2342 manducatores
742 2301 793 2341 et
822 2298 1088 2356 potatores
1113 2291 1228 2336 car-

190 2359 259 2411 nis
279 2372 327 2413 et
357 2360 643 2427 sanguinis
690 2360 794 2419 sui,
820 2370 881 2410 ut
903 2359 959 2409 in
992 2358 1085 2408 illo
1111 2372 1227 2406 rna-

192 2444 344 2494 neant,
369 2444 421 2483 et
452 2434 573 2499 ipse
594 2432 651 2482 in
676 2431 802 2481 illis.

241 2504 265 2554 5
319 2507 557 2555 Fanvuu
608 2504 773 2553 Pmnt
817 2516 1116 2552 RESPONSIO.
1166 2526 1229 2536 —

189 2575 271 2626 Ex
306 2577 399 2627 hoc
441 2582 621 2627 autem
666 2575 819 2624 multi
846 2572 1228 2639 discipulorum

191 2648 283 2712 ejus
305 2648 358 2697 in
405 2646 652 2698 doctrina
680 2645 794 2710 ejus
825 2661 934 2695 non
964 2642 1228 2710 perfecto-

190 2732 305 2779 rum,
334 2719 426 2785 qui
450 2719 522 2768 ad
547 2718 873 2767 audiendum
896 2715 1009 2778 ejus
1030 2711 1230 2763 doctri-

189 2803 290 2838 nam
334 2790 519 2855 ipsum
571 2797 851 2853 sequentes
896 2785 1227 2842 videbantur,

193 2862 266 2911 sed
291 2878 392 2912 non
434 2871 591 2912 erant
616 2875 739 2911 vere
786 2856 1055 2923 discipuli,
1084 2855 1232 2905 abie-

193 2939 298 2983 runt
343 2941 664 2994 retrorsum,
720 2940 772 2980 et
816 2935 1232 2979 retrocesserunt

192 3012 233 3055 et
265 3008 379 3073 jam
432 3021 539 3057 non
573 3020 688 3056 cum
738 3003 833 3054 illo
893 3002 1234 3052 ambulabant

191 3077 455 3137 credentes,
481 3076 565 3125 vel
603 3090 695 3141 per
735 3072 1099 3140 poenitentiam
1142 3085 1232 3119 re·-

192 3145 410 3199 deuntes.
442 3146 615 3198 Dixit
644 3159 779 3210 ergo
802 3144 965 3194 Jesus
996 3142 1070 3191 ad
1095 3141 1231 3191 duo-

193 3216 337 3267 decim
378 3236 396 3268 .·
442 3216 722 3282 Numquid
756 3222 805 3265 et
830 3229 922 3264 vos
951 3227 1088 3279 quos
1108 3226 1232 3276 spe-

192 3284 371 3337 cialiter
427 3287 585 3353 elegi,
640 3286 805 3336 vultis
853 3282 1051 3335 abire?
1113 3283 1230 3332 Non

191 3357 305 3421 petit
323 3358 479 3424 quasi
506 3358 779 3423 ignorans,
801 3357 892 3406 sed
912 3365 970 3405 ut
991 3353 1235 3404 ostendat

192 3440 239 3476 se
262 3428 332 3478 eis
360 3445 469 3479 non
521 3428 789 3494 indigere,
833 3425 960 3492 quia
988 3425 1139 3491 ponit
1174 3424 1231 3476 in

190 3512 355 3551 eorum
389 3501 611 3567 optione
656 3516 779 3550 cum
818 3498 937 3549 aliis
970 3496 1233 3548 recedere.

189 3571 256 3621 Et
294 3575 492 3624 Petrus
519 3573 611 3640 qui
652 3582 762 3623 erat
793 3570 1153 3638 principalior,
1184 3582 1235 3619 et

191 3643 425 3695 obediens
445 3660 502 3694 ac
529 3644 719 3694 firmus
741 3643 882 3693 sicut
903 3651 1067 3707 petra,
1094 3651 1146 3691 et
1174 3641 1231 3690 in

192 3716 427 3767 omnibus
452 3717 685 3767 maxime
710 3717 775 3766 ad
792 3713 1230 3780 interrogandum

194 3786 470 3839 Dominum
488 3830 501 3853 ,
574 3791 732 3856 eique
802 3787 1232 3854 respondendum

196 3871 474 3926 promptuS,
502 3878 566 3913 ex
624 3861 831 3912 fervore
878 3857 1109 3909 caritatis
1137 3874 1233 3923 pro

199 3942 246 3979 se
282 3941 332 3981 et
376 3931 496 3983 aliis
540 3932 816 4000 respondit
857 3948 873 3982 .·
903 3930 1146 3992 Domine,
1175 3928 1233 3978 in

1315 429 1466 494 cujus
1492 429 1697 480 ditione
1724 438 1912 481 cuncta
1933 439 2059 479 sunt
2090 428 2280 494 posita,
2310 428 2386 479 ad

1316 515 1465 565 quem
1522 499 1762 551 ibimus?
1815 499 1943 566 quia
1992 516 2101 550 non
2148 508 2229 549 est
2278 500 2388 549 dux

1318 573 1564 624 veritatis
1594 573 1700 622 nisi
1730 583 1807 624 tu.
1836 571 1999 631 Quasi
2030 571 2263 621 diceret:
2296 570 2386 621 Si-

1318 647 1503 696 milem
1534 646 1611 696 tui
1644 645 1884 696 invenire
1910 660 2018 694 non
2059 659 2383 710 possumus3

1318 728 1377 769 tu
1403 719 1551 768 solus
1571 717 1772 767 sufficis
1796 715 1972 774 nobiS‚
1990 725 2205 780 propter
2221 730 2385 781 quem

1320 789 1505 839 omnia
1551 788 1903 855 reliquimus;
1943 797 1995 837 et
2023 803 2147 837 cum
2176 802 2282 836 non
2311 786 2386 836 sit

1320 861 1518 912 similis
1560 860 1682 917 tibi.
1713 877 1822 910 non
1852 870 1932 910 est
1957 875 1986 909 a
2015 869 2084 919 te,
2111 847 2203 908 sed
2241 859 2307 908 ad
2336 866 2388 909 te

1317 932 1574 983 eundum.
1632 931 1787 982 Unde
1836 930 2177 997 Augustinus
2220 947 2237 980 .·
2271 928 2387 979 «Si

1319 1019 1420 1054 nos
1448 1002 1660 1068 repellis
1687 1017 1716 1051 a
1757 1012 1835 1065 te,
1879 1002 1946 1051 da
1973 1000 2130 1050 nobis
2154 999 2382 1050 alterum

1319 1086 1369 1126 te
1392 1089 1553 1141 quem
1581 1088 1885 1139 sequamur.
1907 1073 1965 1121 ln
2001 1071 2136 1121 Petri
2164 1086 2385 1135 respon·

1319 1145 1472 1196 sione
1519 1142 1836 1208 exprimitur
1892 1142 2127 1192 maxima
2166 1139 2383 1191 dilectio

1324 1215 1389 1266 ad
1418 1213 1716 1265 Christum.
1744 1231 1771 1259 »
1797 1211 1956 1263 Unde
1985 1221 2037 1260 et
2068 1211 2393 1279 Chrysosto·

1321 1302 1441 1338 mus
1491 1303 1506 1337 .·
1555 1303 1583 1332 ι(
1637 1285 1845 1345 PetruS‚
1892 1282 2118 1333 fratrum
2151 1292 2358 1333 amator
2376 1321 2392 1342 ,

1325 1359 1577 1411 amicitiae
1617 1366 1971 1416 conservator,
2005 1372 2100 1422 pro
2152 1365 2262 1405 toto
2309 1370 2395 1405 re-

1326 1433 1552 1499 spondet
1571 1431 1793 1497 collegio
1828 1448 1842 1480 :
1875 1429 2118 1492 Domine,
2149 1429 2225 1478 ad
2243 1442 2394 1494 quem

1325 1508 1516 1558 ibimus
1530 1506 1565 1556 P
1583 1526 1610 1552 n
1628 1507 1742 1555 Hoc
1765 1513 1939 1554 autem
1966 1503 2190 1554 verbum
2210 1502 2396 1551 multae

1326 1576 1580 1628 amicitiae
1615 1586 1695 1625 est
1725 1573 2086 1635 ostensivum3
2114 1572 2219 1636 jam
2244 1570 2392 1620 enim

1327 1647 1575 1699 Christus
1595 1646 1672 1696 eis
1702 1643 2071 1695 honorabilior
2099 1651 2207 1692 erat
2225 1655 2390 1706 quam

1325 1730 1498 1786 patres
1523 1729 1573 1769 et
1594 1719 1806 1768 matr‘es.
1842 1717 2011 1766 Verba
2032 1715 2156 1765 vitoe
2174 1719 2396 1764 aeternae

1325 1794 1504 1855 habeS,
1523 1791 1574 1840 id
1606 1801 1685 1840 est
1713 1790 1870 1840 verba
1899 1787 2023 1838 vitae
2043 1796 2252 1836 aeternae
2278 1798 2396 1848 pro-

1326 1866 1562 1926 missiva,
1583 1875 1634 1914 et
1658 1865 1722 1914 ad
1744 1879 1860 1914 eam
1882 1860 2169 1919 inductiva,
2194 1857 2395 1923 quibus

1328 1937 1423 2006 qui
1456 1942 1565 1986 no'n
1595 1933 1893 1993 crediderit,
1925 1932 1978 1981 in
2011 1940 2273 1982 aeternum
2299 1943 2395 1993 pe-

1328 2008 1474 2059 ribit.
1507 2006 1612 2066 Qui
1636 2005 1692 2055 in
1718 2001 2117 2054 ministratione
2139 1996 2395 2063 Corporis

1327 2089 1380 2130 et
1429 2075 1717 2143 Sanguinis
1764 2074 1843 2124 tui
1891 2070 2163 2139 promittis
2207 2069 2394 2128 vitam,

1328 2153 1490 2203 etiam
1533 2151 1591 2200 in
1632 2149 1811 2199 verbis
1853 2143 2246 2213 praedicationis
2292 2153 2397 2191 tuae

1332 2222 1602 2290 promittis
1642 2236 1779 2279 eam,
1809 2218 1980 2269 virtus
2008 2215 2155 2266 enim
2188 2212 2285 2264 Dei
2316 2220 2397 2261 est

1332 2297 1389 2346 in
1419 2292 1748 2357 Evangelio;
1787 2292 1997 2356 Moyses
2023 2286 2213 2337 habuit
2235 2284 2396 2335 verba

1330 2365 1448 2424 Dei,
1468 2362 1719 2413 similiter
1741 2361 2045 2411 habuerunt
2069 2367 2119 2408 et
2152 2354 2399 2420 Prophe-

1330 2448 1417 2495 tae,
1457 2435 1548 2484 sed
1582 2448 1700 2482 raro
1728 2431 1888 2482 verba
1918 2428 2041 2478 vitae
2071 2436 2278 2477 aeternae
2301 2442 2318 2489 ‚·
2339 2433 2398 2475 tu

1328 2521 1456 2556 vero
1478 2502 1749 2569 promittis
1774 2500 1937 2551 vitam
1963 2508 2232 2548 aeternam.
2255 2494 2398 2553 Quid

1332 2590 1458 2640 ergo
1488 2574 1632 2623 aliud
1660 2572 1831 2636 majus
1861 2565 2192 2635 quaerimus?
2212 2563 2400 2629 Expri-

1336 2647 1504 2697 mitur
1545 2645 1692 2695 enim
1747 2643 1803 2692 in
1860 2639 2001 2690 Petri
2047 2636 2399 2703 responsione

1332 2732 1458 2768 vera
1486 2714 1746 2765 confessio
1780 2710 1923 2770 fidei,
1955 2725 2075 2759 cum
2108 2705 2398 2757 subditur:

1334 2788 1414 2837 Et
1447 2801 1543 2836 nos
1567 2783 1831 2835 credimus
1859 2780 2033 2837 corde,
2063 2784 2115 2828 et
2138 2774 2402 2842 cognovi-

1337 2872 1453 2908 mus
1487 2856 1766 2921 signorum
1797 2849 2108 2907 virtute,vel
2134 2846 2402 2898 credimus

1335 2926 1778 2993 etcognovimuS,
1809 2921 1936 2988 quia
1963 2921 2029 2970 de
2057 2919 2267 2970 credere
2286 2932 2404 2982 pro-

1337 3000 1475 3051 cedit
1500 3008 1551 3048 et
1578 2996 1895 3061 intelligere,
1918 2992 2048 3059 quia
2079 2998 2137 3042 tu
2164 3005 2221 3041 es
2252 2987 2404 3039 Chri-

1337 3077 1471 3132 stus,
1517 3078 1778 3135 quantum
1806 3065 1871 3115 ad
1901 3063 2310 3120 humanitatem,
2344 3058 2401 3109 in

1338 3157 1443 3208 qua
1486 3149 1678 3189 unctus
1717 3152 1774 3187 es
1809 3135 2065 3186 unctione
2104 3132 2316 3183 deitatis
2345 3139 2406 3181 ut

1337 3228 1430 3263 rex
1467 3221 1536 3261 et*
1564 3209 1824 3270 sacerdOS‚
1865 3207 2045 3257 Filius
2082 3206 2186 3255 Dei
2232 3201 2405 3253 Patris

1340 3282 1599 3334 naturalis
1628 3290 1893 3347 quantum
1936 3278 1999 3327 ad
2048 3275 2404 3337 divinitatem,

1339 3364 1392 3404 et
1418 3369 1512 3419 per
1539 3365 1874 3416 consequens
1904 3347 2126 3413 aequalis
2157 3345 2204 3395 ei
2231 3345 2288 3394 in
2320 3359 2409 3394 na·

1338 3435 1458 3474 tura
1485 3433 1536 3473 et
1579 3421 1838 3488 potentia,
1880 3419 1934 3468 id
1969 3427 2065 3477 est,
2107 3416 2404 3466 secundum

1337 3495 1722 3560 Augustinum,
1756 3490 1883 3558 quia
1918 3490 2034 3555 ipsa
2075 3488 2183 3539 vita
2211 3497 2408 3537 aeterna

1340 3577 1399 3617 tu
1437 3581 1517 3629 es;
1550 3575 1600 3616 et
1634 3580 1740 3619 non
1785 3563 1880 3612 das
1922 3561 1980 3610 in
2009 3574 2164 3610 carne
2188 3567 2238 3607 et
2275 3571 2407 3605 san-

1339 3636 1521 3703 guine,
1554 3634 1659 3685 nisi
1695 3633 1840 3701 quod
1871 3647 1946 3690 es,
1990 3629 2193 3680 scilicet
2239 3626 2406 3677 vitam

1340 3720 1616 3759 aeternam.
1968 3762 1971 3768 ³

1403 3780 1436 3830 6
1480 3781 1691 3832 Connus
1719 3778 1939 3828 Cnmsn
1985 3787 2265 3823 suMENnuM
2308 3785 2406 3823 Esr

1340 3871 1395 3905 m
1430 3870 1658 3905 omn-ru
1684 3853 1951 3901 Eccm-:sxffi
1980 3863 2045 3895 m·
2073 3862 2242 3895 sni-u
2266 3862 2406 3897 GRA-

1339 3942 1460 3979 TtAE.
1481 3954 1542 3964 -
1572 3926 1766 3975 Panem
1793 3936 1853 3972 ac
1872 3933 2087 3970 carnem
2108 3928 2159 3969 et
2186 3918 2406 3985 sangui-
