2757 4413
400 289 503 359 706

398 418 576 460 autem
604 403 858 472 pertingit
898 402 962 452 ad
990 400 1247 457 animam,
1273 407 1326 448 et
1366 413 1456 448 sa-

398 489 487 530 nat
542 493 730 528 omnes
787 481 1050 541 quotquot
1121 469 1344 519 veniunt
1394 467 1456 518 ad

394 551 594 617 ipsum,
628 549 740 600 nisi
761 556 962 613 ponant
994 541 1456 611 impedimentum.

394 622 522 673 Haec
546 621 725 687 itaque
754 616 956 684 piscina
990 627 1185 664 sanans
1224 611 1459 661 infirmi-

394 702 549 750 tates,
571 687 832 740 invisibili
854 685 1049 735 virtute
1072 681 1313 748 apparuit
1338 692 1459 731 ante

395 762 729 828 Baptismum
777 755 997 818 Christi,
1033 755 1098 803 ad
1132 753 1457 818 signandum

394 833 647 883 virtutem
696 828 855 892 hujus
900 822 1180 890 Baptismi,
1233 822 1478 888 quinque

387 903 631 969 porticus
676 898 889 958 habenS,
932 895 984 944 id
1028 904 1106 944 est
1142 893 1317 943 aditus
1364 909 1458 958 per

392 989 529 1040 quos
547 972 825 1037 signantur
838 968 963 1026 Lex,
987 964 1284 1031 Prophetae,
1299 965 1458 1030 Agio-

390 1044 608 1110 grapha,
643 1038 1011 1104 Evangelium,
1052 1048 1104 1086 et
1152 1036 1457 1102 Apostolica

389 1111 629 1163 doctrina
659 1128 672 1160 ε
704 1111 819 1159 haec
857 1108 1002 1159 enim
1039 1107 1278 1173 quinque
1312 1122 1458 1156 men-

388 1186 594 1235 tionem
642 1182 841 1232 faciunt
895 1181 962 1230 de
1016 1179 1218 1229 Christi
1283 1179 1457 1244 Bapti-

391 1265 576 1313 smate‚
629 1252 781 1318 quasi
817 1251 881 1300 ad
933 1251 1108 1316 ipsum
1157 1250 1456 1314 praebentes

389 1327 616 1386 aditum,
665 1326 765 1375 tria
812 1324 984 1390 prima
1014 1322 1307 1388 figurative,
1344 1324 1453 1373 duo

389 1398 491 1447 alia
530 1396 840 1448 exhibitive.
888 1394 989 1443 Per
1032 1392 1297 1458 Angelum
1352 1393 1452 1443 de-

390 1471 729 1520 scendentem
788 1468 844 1517 in
881 1466 1161 1532 piscinam,
1209 1465 1454 1531 signatur

390 1541 656 1599 Christu5‚
688 1539 782 1604 qui
802 1538 1017 1597 dicitur,
1039 1535 1225 1601 magni
1243 1537 1454 1587 consilii

387 1611 651 1677 Angelus,
697 1611 815 1674 Ipse
851 1607 994 1657 enim
1039 1607 1363 1656 descendens
1394 1607 1449 1656 in

386 1683 610 1733 Jordane
660 1681 770 1730 vim
825 1678 1233 1744 regenerativam
1306 1678 1453 1729 dedit

386 1753 542 1819 aquis
617 1761 758 1801 tactu
850 1749 1201 1800 sanctissimae
1277 1750 1452 1800 carnis

387 1839 515 1874 suae.
538 1823 640 1872 Sed
667 1822 924 1888 quoniam
945 1821 1124 1871 divina
1146 1822 1317 1871 virtus
1342 1838 1451 1871 non

386 1893 634 1958 alligatur
679 1890 1050 1952 sacramentis;
1085 1891 1204 1940 ideo
1243 1892 1307 1941 ad
1349 1892 1450 1942 hoc

384 1964 799 2031 significandum
868 1963 1149 2029 languidus
1221 1964 1320 2015 iste
1387 1967 1452 2015 de

384 2051 493 2103 quo
514 2035 602 2084 hic
638 2034 811 2100 agitur
839 2049 947 2083 non
981 2031 1084 2084 fuit
1116 2045 1329 2084 sanatus
1359 2051 1452 2100 per

383 2109 695 2158 descensum
766 2106 822 2155 in
886 2105 1173 2171 piscinam,
1224 2109 1314 2157 sed
1357 2123 1452 2172 per

384 2178 586 2232 Christi
632 2193 956 2238 sermonem,
999 2193 1119 2228 cum
1174 2178 1222 2229 ei
1273 2178 1448 2231 dixit:

384 2251 585 2315 Surge,
608 2250 733 2299 tolle
753 2248 1044 2315 grabatum
1063 2255 1225 2312 tuum,
1254 2256 1304 2299 et
1332 2265 1450 2300 am-

385 2323 543 2373 bula:
571 2321 725 2372 Multi
773 2332 923 2371 erant
976 2320 1051 2371 ibi
1098 2321 1320 2382 infirmi,
1356 2324 1448 2373 sed

380 2409 524 2460 unus
556 2393 871 2457 sanabatur5
909 2392 1036 2458 quia
1061 2393 1208 2442 solus
1244 2392 1301 2442 in
1333 2393 1450 2443 uni-

380 2475 486 2515 tate
526 2464 647 2514 fidei
706 2475 756 2514 et
788 2464 1053 2523 Ecclesiae,
1097 2480 1217 2530 quae
1273 2481 1446 2515 unum

379 2537 552 2587 Deum
590 2536 718 2587 colit
743 2575 755 2596 ,
802 2537 1100 2586 consistens
1122 2574 1134 2596 ,
1191 2538 1447 2600 justifica-

378 2617 465 2658 tur
501 2624 515 2657 :
559 2608 710 2656 Unus
747 2606 891 2656 enim
929 2606 1207 2668 Dominae,
1248 2622 1354 2657 una
1372 2608 1449 2674 fi-

379 2680 490 2741 deS,
530 2695 685 2729 unum
718 2679 1017 2745 Baptisma.
1051 2679 1143 2729 Vae
1171 2694 1295 2744 ergo
1340 2680 1447 2732 illis

378 2753 472 2819 qui
514 2753 777 2803 unitatem
803 2752 1011 2813 odiunt,
1040 2762 1091 2802 et
1121 2752 1175 2802 in
1212 2752 1447 2804 homini-

379 2824 480 2873 bus
508 2834 681 2888 partes
707 2822 923 2873 faciunt.

439 2908 476 2956 4
505 2894 733 2942 Sanum
765 2909 1069 2943 PARALv'rrcr
1097 2910 1164 2943 AD
1207 2910 1445 2946 Prscmax

375 2976 630 3012 memus.
655 2990 720 3017 —‚
737 2963 882 3012 Erat
912 2969 1086 3013 autem
1115 2964 1204 3026 ibi,
1230 2965 1444 3030 quidam

376 3032 548 3094 homo,
576 3029 912 3098 paralyticus,
952 3034 1127 3098 jacens
1162 3035 1217 3084 in
1267 3036 1444 3101 graba-

375 3112 451 3162 to,
502 3112 554 3152 et
602 3102 834 3169 triginta
888 3110 1003 3154 octo
1041 3120 1210 3156 annos
1247 3106 1444 3157 habens

377 3173 431 3222 in
462 3172 772 3238 infirmitate
808 3188 923 3223 sua.
962 3176 1020 3224 In
1060 3192 1169 3241 quo
1198 3178 1442 3227 ostendi-

376 3253 462 3293 tur
504 3241 700 3292 infirmi
747 3244 1021 3308 patientia,
1050 3247 1143 3313 qui
1179 3259 1257 3298 tot
1283 3250 1443 3300 annis

375 3315 693 3382 exspectavit
721 3317 874 3383 eripi,
897 3329 948 3368 et
978 3336 1086 3370 non
1124 3321 1437 3387 desistebat;

374 3399 424 3439 et
447 3404 542 3454 per
562 3388 663 3438 hoc
691 3388 904 3454 dignior
928 3390 991 3439 ad
1020 3394 1316 3444 sanandum
1351 3409 1443 3460 ap-

373 3461 608 3529 parebat.
630 3462 733 3511 Iste
759 3461 904 3511 enim
932 3472 1147 3528 propter
1165 3476 1438 3529 peccatum

370 3532 674 3598 praecedens
711 3531 1078 3584 infirmitatem
1123 3535 1436 3597 incurrerat,

372 3614 425 3656 et
474 3604 569 3655 diu
617 3605 836 3671 punitus
875 3605 1074 3669 fuerat;
1102 3617 1154 3657 et
1180 3609 1306 3673 quia
1335 3626 1440 3675 poe-

372 3695 498 3730 nam
529 3678 789 3745 patienter
838 3680 1177 3742 sustinuerat,
1216 3683 1333 3734 ideo
1362 3685 1440 3734 di-

368 3765 537 3815 gnum
574 3760 686 3800 erat
725 3760 784 3800 ut
822 3751 870 3800 ei
899 3752 1286 3804 subveniretur.
1316 3756 1438 3805 Pro-

367 3827 483 3883 pter
549 3821 693 3886 quod
764 3821 1030 3874 Dominus
1098 3841 1203 3874 non
1258 3826 1434 3876 solum

367 3887 521 3937 oculo
562 3891 824 3957 corporis,
867 3893 958 3944 sed
1003 3894 1163 3945 etiam
1198 3894 1424 3948 misera·
1486 3957 1494 3966 ³

973 283 1209 336 PRIMAE
1239 280 1487 331 PARTIS
1517 280 1752 334 CAPUT
1781 285 2059 338 LXXVIII.

1565 396 1734 449 tionis
1766 415 1888 450 eum
1919 401 2124 463 videns,
2145 401 2282 453 dixit
2302 403 2349 453 ei
2379 401 2491 454 :Vis
2516 418 2586 454 sa·

1565 484 1663 519 nus
1699 471 1834 536 fieri
1850 471 1886 522 P
1927 474 2092 533 Quasi
2141 473 2376 525 diceret:
2408 477 2458 524 In
2501 492 2583 526 vo-

1565 541 1767 591 luntate
1812 553 1904 594 tua
1953 554 2054 606 est3
2110 544 2239 610 quia
2281 555 2337 595 tu
2380 545 2468 595 tibi
2507 562 2584 611 per

1564 622 1832 675 peccatum
1888 613 2038 665 fuisti
2077 630 2234 665 causa
2278 614 2582 679 infirmitatis,

1562 691 1614 731 et
1636 681 1753 733 ideo
1789 685 2115 736 voluntatem
2152 686 2218 736 ad
2248 701 2330 736 me
2352 702 2376 734 a
2402 696 2582 751 peccato

1564 766 1833 816 converte,
1860 757 1995 806 sicut
2019 758 2084 807 ad
2104 758 2580 824 Auctorem-salutis,

1562 836 1613 875 et
1641 827 1928 878 curaberis.
1950 829 2070 878 Non
2109 829 2247 894 petit
2284 828 2428 894 quasi
2459 829 2583 878 dubi·

1561 905 1678 945 tans
1704 897 1770 947 de
1797 899 2093 964 voluntate3
2123 900 2217 949 sed
2251 909 2310 949 ut
2345 914 2460 949 eum
2497 899 2582 948 eri-

1561 978 1647 1033 gat
1675 969 1727 1019 in
1780 986 1930 1035 spem
1977 972 2239 1032 sanitatis,
2274 972 2340 1022 de
2369 987 2463 1037 qua
2496 973 2581 1037 jam

1560 1039 1712 1104 quasi
1742 1040 2082 1106 desperabat3
2116 1051 2169 1091 et
2192 1051 2251 1091 ut
2278 1043 2438 1108 magis
2469 1041 2579 1090 exci-

1559 1119 1634 1159 tet
1678 1110 2008 1162 desiderium
2049 1113 2195 1178 ejuS,
2229 1113 2353 1178 quia
2385 1128 2466 1178 per
2498 1112 2581 1160 hoc

1558 1181 1772 1246 dignior
1814 1181 2042 1232 efficitur
2089 1183 2327 1248 accipere
2369 1183 2456 1232 Dei
2497 1181 2579 1230 do-

1559 1268 1710 1302 num.
1731 1253 2028 1317 Respondit
2040 1254 2090 1304 ei
2113 1254 2417 1320 languiduS,
2443 1261 2568 1301 osten

1558 1325 1689 1374 den's
1734 1341 1892 1374 suurn
1943 1325 2270 1376 desiderium
2311 1343 2322 1375 ι
2365 1325 2579 1384 Domine,

1555 1398 1812 1448 hominem
1843 1414 1945 1449 non
1964 1399 2150 1462 habeo,
2172 1406 2243 1461 ut,
2264 1415 2374 1450 cum
2401 1399 2580 1448 turbata

1546 1470 1724 1535 suerit
1756 1486 1915 1535 aqua,
1951 1472 2129 1521 mittat
2170 1487 2251 1522 me
2291 1471 2341 1521 in
2363 1470 2579 1536 piscina,-

1556 1541 1680 1591 dum
1701 1542 1835 1592 enim
1863 1543 2015 1593 venio
2046 1557 2172 1610 ego,
2207 1543 2346 1593 alius
2383 1547 2491 1591 ante
2515 1551 2580 1588 me

1556 1617 1841 1668 descendit.
1894 1617 2061 1677 Quasi
2118 1618 2355 1669 diceret:
2386 1617 2579 1666 Multum

1555 1689 1798 1739 desidero
1853 1698 1905 1738 et
1961 1689 2095 1738 bene
2154 1690 2324 1740 habeo
2364 1689 2580 1739 volunta-

1558 1769 1684 1818 tem,
1709 1760 1800 1808 sed
1846 1759 2027 1824 inopia
2052 1770 2201 1810 tanta
2228 1771 2306 1810 est
2332 1759 2462 1826 quod
2492 1772 2577 1806 non

1556 1830 1727 1880 habeo
1785 1830 2122 1893 adjuvantem
2191 1841 2244 1880 et
2291 1838 2575 1896 portantem3

1553 1912 1605 1951 et
1634 1917 1732 1967 ego
1776 1911 1884 1950 tarn
1929 1900 2124 1950 debilis
2164 1917 2303 1963 sum,
2354 1898 2482 1965 quod
2520 1897 2579 1946 ita

1554 1971 1658 2021 cito
1698 1971 1832 2020 sicut
1871 1970 1960 2021 alii
2001 1971 2183 2021 venire
2230 1987 2334 2021 non
2374 1982 2575 2036 possum.

1558 2042 1799 2092 Peccator
1821 2042 1965 2092 enim
1995 2042 2149 2091 omni
2190 2041 2477 2093 destituitur
2496 2053 2578 2087 au-

1553 2111 1682 2162 xilio
1707 2113 1964 2171 humano,
1999 2122 2050 2162 et
2083 2112 2189 2162 hoc
2239 2112 2446 2178 quidem
2480 2106 2579 2157 facit

1553 2193 1825 2246 peccatum
1852 2183 1908 2233 in
1950 2183 2176 2235 homine
2218 2183 2350 2249 ips0,
2374 2180 2486 2247 quia
2503 2177 2580 2227 tol·

1552 2255 1614 2305 lit
1655 2255 2093 2305 communionem
2149 2257 2465 2310 Sanctorum,
2501 2262 2577 2315 per

1553 2343 1716 2393 quam
1735 2327 1949 2377 deberet
1979 2327 2177 2377 habere
2199 2325 2495 2392 adjutorium
2521 2319 2575 2369 ab

1552 2397 1691 2460 ali03
1735 2408 1787 2447 et
1828 2398 2067 2447 vulnerat
2117 2397 2289 2463 ipsam
2338 2406 2574 2448 naturam,

1553 2485 1645 2535 per
1682 2484 1844 2535 quam
1877 2467 2091 2518 deberet
2135 2468 2327 2518 habere
2351 2462 2576 2516 auxilium

1551 2542 1607 2591 in
1653 2540 1849 2605 seips0.
1903 2540 2017 2589 Hoc
2061 2549 2238 2589 autem
2279 2537 2471 2587 dicebat
2496 2546 2574 2597 pa-

1553 2614 1822 2679 ralyticus,
1867 2611 1995 2676 quia
2038 2611 2253 2662 videbat
2287 2612 2453 2661 Jesum
2490 2604 2574 2653 for·

1553 2696 1658 2735 tem
1713 2694 1764 2733 et
1794 2692 1978 2748 aptum
2016 2682 2082 2731 ad
2121 2681 2428 2748 portandum
2453 2688 2571 2753 eum,

1550 2768 1600 2809 et
1629 2771 1885 2822 magnum
1931 2765 2216 2820 reputaret,
2245 2753 2289 2803 si
2335 2753 2385 2801 in
2424 2750 2510 2798 hoc
2533 2760 2570 2824 el

1551 2827 1744 2878 servire
1794 2827 1977 2887 vellet;
2026 2826 2118 2874 sed
2165 2824 2339 2875 statim
2379 2817 2574 2894 contulit

1550 2898 1598 2948 ei
1629 2898 1800 2963 majus
1834 2893 2172 2955 beneficium,
2198 2892 2426 2944 videlicet
2449 2901 2571 2938 sam-

1549 2978 1710 3019 tatem
1762 2965 2064 3032 perfectam.
2120 2965 2273 3015 Unde
2321 2959 2568 3025 sequitur:

1547 3039 1712 3089 Dixit
1757 3037 1806 3087 ei
1858 3037 2020 3086 Jesus
2043 3054 2060 3086 .-
2088 3036 2289 3102 .Surge,
2332 3029 2570 3081 restitutus

1549 3110 1800 3169 sanitati,
1871 3108 1995 3158 tolle
2064 3109 2348 3174 grabatum
2415 3109 2567 3153 tuum·

1549 3182 1826 3233 restitutus
1858 3179 2085 3245 pristino
2116 3177 2300 3245 vigori,
2342 3180 2391 3225 et
2412 3170 2569 3251 ambu-

1547 3256 1618 3317 la,
1667 3253 1733 3303 ad
1774 3252 2183 3302 declarationem
2228 3246 2389 3299 divini
2429 3253 2567 3292 mira·

1544 3328 1669 3379 culi.
1727 3326 2020 3377 Grabatum
2072 3324 2282 3389 Syriace
2333 3317 2504 3368 dicitur
2541 3325 2567 3358 a

1543 3398 1737 3465 graba,
1768 3396 1906 3462 quod
1948 3405 2027 3444 est
2050 3403 2224 3459 caput,
2258 3390 2376 3457 quia
2407 3394 2476 3435 est
2497 3382 2563 3460 le-

1544 3466 1978 3534 ctusportabilis,
2006 3466 2061 3514 in
2091 3480 2199 3531 quo
2220 3471 2414 3513 tantum
2440 3466 2562 3517 capl-

1542 3543 1580 3593 ti
1609 3539 1812 3606 aliquid
1840 3538 2167 3588 substratum
2207 3544 2301 3597 est,
2329 3540 2375 3582 et
2395 3525 2560 3610 ‘solum

1542 3622 1698 3679 caput
1740 3610 1797 3660 in
1828 3617 2120 3659 stramento
2163 3603 2446 3671 requiescit,
2471 3606 2560 3643 ειε-

1542 3694 1602 3734 ut
1650 3694 1904 3749 pauperes
1952 3676 2153 3727 infirmi
2190 3675 2375 3725 habere
2401 3666 2558 3738 solent·

1540 3755 1618 3804 Et
1666 3750 1844 3802 statim
1900 3762 2064 3798 sanus
2101 3747 2286 3812 factus
2329 3745 2419 3819 est,
2454 3741 2559 3812 qula

1537 3823 1719 3875 divina
1745 3821 1915 3871 virtus
1962 3816 2169 3867 infinita
2207 3824 2300 3877 est,
2341 3821 2389 3861 et
2408 3823 2457 3857 in
2482 3817 2556 3850 m-

1541 3893 1701 3949 stanti
1732 3899 2008 3959 operatur;
2048 3887 2241 3939 sanitas
2267 3892 2430 3935 autem
2454 3882 2555 3940 quae
