2757 4413
385 294 490 349 566

378 424 520 475 tum,
551 432 648 483 pro
681 433 791 485 quo
822 420 1025 484 templo
1049 422 1223 472 Judaei
1259 437 1318 472 se
1342 423 1445 472 Sa-

381 487 666 539 maritanis
680 490 1026 555 praeferebant
1040 509 1055 557 ;
1075 508 1107 543 e
1118 504 1303 544 contra
1318 509 1444 543 vero

379 561 701 611 Samaritani
744 575 984 614 montem
1025 566 1262 617 Garizim
1295 568 1443 632 juxta

375 634 596 685 Sichem
636 635 820 700 situm,
861 637 1007 702 juxta
1046 639 1248 689 fontem
1295 655 1442 705 prae-

375 707 585 759 dictum
613 710 677 759 ad
702 710 974 761 dexteram
993 751 1006 772 ,
1038 712 1096 762 in
1126 729 1236 779 quo
1265 724 1446 779 patres

377 793 565 829 eorum
589 781 967 843 adoraverunt3
1000 783 1128 848 quia
1155 794 1277 834 ante
1302 794 1445 834 tem-

377 849 455 916 pli
483 850 888 903 aedificationem
930 855 1102 905 Judaei
1134 855 1193 905 in
1234 856 1446 905 monti-

378 921 484 972 bus
519 923 736 973 adorare
763 934 816 974 et
842 925 1135 977 sacrificare
1164 942 1448 977 consueve-

378 1003 537 1057 runt,
582 1004 634 1044 et
673 995 795 1045 ideo
814 997 1103 1078 probabile
1150 1008 1249 1058 est,
1297 999 1444 1064 quod

377 1064 540 1114 Jacob
569 1074 620 1114 et
651 1063 748 1115 filii
781 1067 931 1152 ejus&
941 1067 1035 1134 qui
1068 1084 1233 1134 prope
1261 1069 1444 1118 locum

378 1136 537 1187 illum
566 1151 895 1200 manserunt,
916 1141 974 1191 in
998 1151 1185 1191 monte
1207 1142 1444 1192 Garizim

377 1208 649 1259 orationes
678 1218 730 1259 et
756 1211 1013 1262 sacrificia
1039 1211 1291 1263 fecerunt.
1337 1212 1443 1263 Ubi

378 1289 461 1331 est
482 1281 656 1332 adhuc
686 1282 869 1333 fanum
893 1284 1041 1335 Jovis
1067 1285 1352 1350 hospitale,
1378 1285 1445 1334 de

379 1366 491 1417 quo
528 1352 726 1404 dicitur
762 1356 997 1406 secundo
1043 1356 1182 1407 libro
1223 1356 1445 1407 Macha-

379 1422 637 1484 baeorum,
665 1434 727 1475 ut
757 1437 897 1492 patet
924 1427 1177 1479 intuenti.
1216 1428 1317 1476 Pro
1340 1426 1446 1476 hoc

376 1508 507 1561 ergo
567 1507 750 1547 monte
816 1498 1130 1549 Samaritani
1189 1498 1445 1549 adversus

374 1567 588 1619 Judaeos
629 1584 685 1618 se
726 1570 1006 1634 jactabant,
1034 1570 1127 1636 qui
1160 1570 1334 1620 adhuc
1362 1585 1446 1620 ce-

375 1639 542 1690 lebris
583 1640 732 1691 locus
772 1652 915 1705 erat;
958 1652 1010 1692 et
1044 1643 1300 1693 vocabant
1340 1643 1443 1692 Sa-

377 1711 627 1760 maritani
658 1721 831 1776 patres
867 1712 1076 1763 Veteris
1110 1714 1444 1763 Testamenti

377 1788 554 1845 patres
585 1795 730 1842 suos,
771 1781 900 1848 quia
939 1792 1244 1849 receperant
1275 1782 1444 1833 libros

379 1850 613 1916 Moysis,
659 1862 710 1901 et
752 1852 809 1901 in
862 1862 1009 1918 parte
1051 1862 1204 1902 erant
1254 1853 1443 1903 Judaei.

377 1919 665 1970 Sciendum
702 1931 881 1971 tamen
927 1922 1074 1988 quod
1115 1922 1265 1972 locus
1309 1937 1446 1972 con-

380 1990 683 2041 venientior
711 2002 822 2043 erat
858 1992 916 2043 in
955 1994 1276 2054 Jerusalem,
1318 1995 1447 2060 quia

378 2070 491 2112 erat
522 2076 552 2111 a
580 2061 691 2112 Deo
718 2063 916 2115 electus
933 2102 947 2125 ,
981 2073 1043 2115 ut
1072 2073 1211 2115 esset
1235 2064 1441 2116 oratio-

380 2131 470 2183 nis
494 2142 546 2183 et
573 2133 821 2184 sacrificii
853 2135 1019 2186 locus.

446 2203 474 2255 5
543 2205 803 2276 Deinceps
876 2206 1053 2259 Parma
1132 2224 1448 2260 Apomnus

378 2292 790 2331 enutritam-ren
824 2297 893 2331 m·
922 2297 1137 2341 umque.
1178 2309 1241 2320 —
1284 2282 1449 2333 Jesus

378 2355 573 2411 autem,
603 2350 960 2415 respondens,
1010 2352 1184 2416 dixit,
1233 2362 1448 2419 tempus

375 2419 607 2479 venisse,
636 2419 836 2472 scilicet
867 2422 1250 2488 publicationis
1284 2424 1450 2474 Evan-

375 2489 522 2556 gelii,
573 2491 785 2556 quando
832 2506 996 2558 neque
1040 2494 1094 2544 in
1142 2493 1464 2544 Jerusalem

374 2563 680 2614 adorabunt
723 2565 986 2629 homines,
1018 2566 1148 2632 quia
1189 2582 1448 2617 caeremo-

377 2631 483 2683 niae
528 2645 863 2686 cessaverunt
901 2635 1242 2698 Judaeorum,
1271 2652 1450 2703 neque

378 2703 434 2754 in
458 2712 633 2756 monte
656 2707 779 2771 hoc,
821 2707 952 2773 quia
985 2707 1239 2759 similiter
1270 2710 1448 2760 cultus

378 2776 605 2826 cessavit
634 2777 960 2841 Gentilium,
983 2778 1076 2828 sed
1108 2779 1224 2829 veri
1249 2779 1448 2830 adora-

380 2852 525 2897 tores
565 2848 869 2899 adorabunt
903 2850 1125 2901 Patrem
1161 2850 1216 2900 in
1251 2850 1449 2917 spiritu

380 2923 433 2970 et
450 2919 692 2969 veritate.
714 2919 857 2971 Dicit
873 2931 1051 2970 autem
1072 2922 1299 2986 Patrem,
1320 2922 1451 2988 quia

381 2989 619 3041 adoratio
654 2991 816 3058 Legis
853 3008 959 3042 non
992 3002 1104 3044 erat
1142 2993 1317 3054 Patri,
1354 2996 1448 3045 sed

379 3060 614 3112 Domino
631 3078 645 3110 t
663 3079 763 3113 nos
780 3063 926 3115 enim
941 3063 1244 3125 adoramus,
1255 3073 1316 3115 ut
1328 3063 1448 3126 filii,

383 3147 480 3200 per
532 3148 803 3201 amorem3
845 3135 926 3186 illi
960 3151 1086 3187 vero
1122 3136 1447 3197 adorabant,

380 3213 444 3255 ut
467 3204 627 3264 servi,
659 3221 753 3271 per
776 3205 1046 3257 timorem.
1078 3205 1221 3257 Dicit
1247 3206 1408 3257 etiam
1432 3225 1446 3258 ε

382 3272 437 3323 in
461 3274 673 3338 spiritu,
705 3291 798 3341 per
827 3276 973 3342 quod
1000 3277 1360 3327 excluduntur
1383 3276 1450 3327 fi-

382 3345 592 3410 gurales
611 3355 664 3396 et
690 3348 928 3398 carnales
941 3346 1270 3398 caeremoniae
1290 3347 1451 3414 Legis

380 3423 435 3465 et
457 3415 787 3468 Judaeomm.
813 3417 1009 3468 Subdit
1038 3427 1217 3468 autem
1243 3435 1257 3468 ε
1292 3425 1345 3468 et
1369 3433 1454 3469 ve-

380 3486 559 3550 ritate,
598 3503 692 3553 per
731 3489 877 3554 quod
915 3488 1215 3539 excluditur
1248 3488 1452 3539 falsitas

379 3568 435 3611 et
451 3575 599 3611 error
619 3560 948 3620 idololatriae,
969 3561 1064 3627 qui
1086 3570 1198 3612 erat
1221 3560 1278 3611 in
1305 3562 1454 3612 cultu

381 3632 703 3697 Gentilium,
733 3633 860 3700 quia
881 3643 1174 3700 utrumque
1201 3643 1280 3683 est
1295 3649 1452 3683 amo-

380 3712 498 3756 tum
519 3720 613 3772 per
633 3705 929 3757 Christum.
960 3706 1009 3757 A
1033 3716 1277 3771 tempore
1305 3705 1454 3756 enim

379 3777 775 3843 praedicationis
808 3776 1010 3828 Christi
1041 3776 1243 3843 incepit
1270 3777 1457 3842 praedi-

382 3846 521 3896 catio
552 3848 847 3915 Evangelii,
888 3863 982 3915 per
1008 3863 1172 3915 quam
1201 3846 1456 3897 introdu-

385 3924 504 3968 ctus
534 3927 617 3970 est
642 3933 800 3971 verus
827 3920 1005 3974 cultus
1027 3917 1276 3983 divinus;
1306 3927 1361 3970 et
1388 3933 1455 3970 ex

1015 301 1259 352 PRIMAE
1292 301 1542 352 PARTIS
1572 302 1808 355 CAPUT
1831 304 1992 357 LXII.

1552 424 1750 476 Judaeis
1774 434 1827 476 et
1857 425 2124 477 Gentibus
2154 425 2327 478 factus
2354 437 2439 478 est
2478 444 2623 482 unus

1553 497 1786 562 populus
1844 497 2202 548 ChristianuS.
2255 498 2396 548 Cum
2462 514 2622 565 erg0‚

1551 567 1748 617 umbra
1773 567 1963 631 ablata,
1986 568 2078 618 lux
2112 567 2352 618 veritatis
2378 568 2508 619 fidei
2530 585 2623 620 ra·

1552 636 1738 697 diavit,
1766 638 2052 703 apparebat
2078 654 2188 688 non
2219 654 2338 689 esse
2359 639 2537 690 Deum
2563 639 2622 690 in

1552 706 1683 756 locis
1710 707 2092 767 materialibuS,
2112 708 2206 759 sed
2235 708 2420 773 potius
2447 708 2507 758 in
2532 725 2626 776 pu-

1552 779 1629 829 ris
1664 780 1958 831 mentibus.
1990 780 2152 840 Quasi
2197 781 2452 831 diceret:
2500 782 2626 832 Non

1552 850 1779 915 praefero
1821 851 1999 900 locum
2050 852 2168 901 loco
2217 851 2276 901 in
2317 852 2625 916 adorando;

1551 921 1756 987 ubique
1807 921 2057 971 adoretur
2105 922 2251 971 Deus
2305 931 2524 972 tantum
2571 922 2628 974 in

1552 991 1748 1072 spiritu
1776 997 1828 1042 et
1850 991 2091 1053 veritate,
2118 991 2173 1041 id
2205 1001 2287 1041 est
2315 991 2374 1041 in
2417 991 2629 1045 fervore

1550 1062 1791 1127 spiritus,
1822 1073 1875 1113 et
1903 1078 1967 1113 ex
1994 1061 2303 1123 dilectione,
2343 1078 2444 1113 seu
2481 1063 2628 1113 cari-

1551 1143 1675 1193 tate,
1695 1150 1815 1200 quae
1843 1145 1924 1185 est
1944 1149 1976 1183 a
1994 1134 2190 1200 spiritu
2211 1150 2228 1199 ;
2259 1149 2356 1199 pro
2378 1134 2469 1185 his
2499 1149 2627 1200 quae

1550 1220 1673 1255 vere
1713 1214 1857 1266 sunt,
1900 1205 1956 1255 id
1995 1214 2078 1255 est
2118 1220 2215 1271 pro
2248 1205 2496 1268 aeternis3
2544 1206 2630 1256 vel

1551 1277 1606 1328 in
1634 1277 1833 1344 spiritu
1854 1284 1908 1328 et
1932 1279 2173 1342 veritate,
2196 1277 2252 1327 id
2288 1287 2371 1327 est
2397 1277 2456 1327 in
2485 1278 2630 1329 inti-

1551 1364 1644 1399 mo
1693 1350 1871 1400 cordis
1909 1349 2124 1416 speciali
2176 1350 2522 1410 adoratione,
2572 1365 2632 1402 ac

1547 1422 1771 1473 veritate
1796 1421 1919 1473 fidei
1945 1433 1997 1474 et
2020 1424 2137 1487 ejus
2164 1423 2489 1489 cognitione.
2521 1424 2633 1474 Nec

1552 1495 1750 1560 putetis
1815 1495 2117 1545 orationem
2169 1511 2287 1546 esse
2341 1495 2634 1546 meliorem

1551 1565 1759 1615 ratione
1803 1566 2095 1631 corporalis
2137 1566 2262 1625 loci,
2306 1567 2400 1617 sed
2449 1567 2634 1632 magis

1550 1637 1758 1687 ratione
1802 1635 2026 1687 fervoris
2072 1646 2125 1687 et
2168 1636 2441 1688 desiderii.
2481 1637 2634 1688 Cum

1551 1707 1698 1757 enim
1737 1708 1886 1758 Deus
1911 1708 1985 1757 sit
2019 1709 2268 1773 spir-itm,
2298 1719 2352 1759 et
2376 1724 2486 1758 non
2521 1724 2636 1759 cor·

1552 1793 1673 1844 pus,
1702 1777 2036 1843 spiritualem
2067 1778 2265 1837 locum,
2301 1777 2510 1828 scilicet
2544 1793 2636 1828 cor

1553 1849 1820 1899 mundum
1867 1857 1921 1899 et
1972 1849 2227 1900 devotum
2246 1887 2260 1909 ,
2310 1864 2370 1898 ac
2430 1865 2633 1916 puram

1552 1932 1808 1983 mentem,
1834 1931 1887 1973 et
1914 1937 2026 1973 non
2046 1922 2242 1982 fictam,
2269 1922 2487 1988 quaerit3
2519 1939 2634 1974 non

1551 1996 1884 2061 corporalem
1918 1995 2095 2046 locum
2130 2006 2184 2047 et
2232 2004 2474 2046 montem
2496 2036 2514 2059 ,
2549 1997 2635 2048 vel

1551 2067 1832 2132 templum,
1865 2067 1919 2117 in
1938 2083 2048 2133 quo
2075 2066 2336 2118 orandum
2368 2066 2459 2126 sit,
2495 2067 2637 2134 quia

1551 2137 1702 2187 locus
1731 2152 1844 2187 non
1870 2148 1951 2189 est
1987 2138 2054 2187 de
2085 2136 2385 2188 substantia
2417 2139 2636 2189 oratio-

1553 2208 1664 2271 nis;
1694 2208 1788 2259 sed
1822 2209 1937 2273 ejus
1976 2209 2240 2275 templum
2281 2219 2363 2259 est
2399 2208 2640 2275 spiritus

1552 2295 1737 2347 purus,
1760 2279 1818 2331 in
1842 2296 1951 2347 quo
1978 2291 2157 2332 oretur
2184 2283 2249 2332 de
2275 2281 2416 2332 veris
2447 2282 2638 2343 bonis,

1554 2350 1755 2402 scilicet
1798 2350 2034 2410 aeterniS,
2083 2367 2191 2402 non
2244 2351 2310 2401 de
2366 2351 2530 2402 vanis
2587 2365 2642 2404 et

1553 2422 1894 2473 transitoriis.
1943 2421 2048 2480 Qui
2091 2423 2229 2472 sicut
2279 2421 2488 2487 ubique
2532 2433 2636 2481 est,

1554 2494 1629 2544 ita
1673 2492 1878 2559 ubique
1914 2492 2122 2543 adorari
2171 2493 2286 2543 vult
2330 2501 2383 2542 et
2430 2503 2640 2559 potest.

1555 2564 1708 2615 Unde
1734 2563 1904 2615 David
1942 2563 2017 2614 ait
2051 2581 2065 2614 ε
2093 2564 2157 2615 In
2179 2563 2323 2616 omni
2363 2563 2482 2615 loco
2531 2565 2642 2616 do-

1554 2634 1863 2685 minationis
1896 2633 2013 2702 ejus
2052 2634 2264 2686 benedic
2292 2634 2477 2684 anima
2514 2649 2640 2687 mea

1553 2706 1803 2758 Domino.
1841 2707 1998 2758 Unde
2045 2706 2370 2774 Theophilus
2407 2723 2427 2758 .·
2464 2726 2492 2754 α
2533 2710 2643 2759 Sa-

1555 2777 1946 2827 maritanorum
2005 2788 2118 2828 erat
2184 2776 2397 2843 opinio,
2482 2777 2641 2844 quod

1553 2850 1699 2899 Deus
1725 2849 1842 2898 loco
1862 2848 2286 2908 concluderetur,
2317 2859 2371 2898 et
2391 2849 2547 2913 quod
2579 2848 2643 2898 in

1556 2920 1659 2969 hoc
1701 2920 1818 2969 loco
1864 2918 2037 2969 Deum
2095 2918 2314 2969 adorare
2354 2929 2640 2983 oporteat;

1554 3002 1739 3044 contra
1780 3007 1919 3059 quos
1954 2992 2113 3052 dicit,
2151 2992 2297 3058 quod
2335 2992 2455 3042 veri
2492 2993 2643 3044 ado-

1553 3059 1783 3125 rator-est,
1809 3077 1917 3112 non
1955 3062 2211 3122 localiter,
2245 3061 2339 3111 sed
2369 3061 2643 3126 spiritua-

1555 3136 1692 3200 liter,
1710 3137 1951 3187 adorant.
1972 3137 1999 3186 J
2004 3135 2168 3186 udaeis
2186 3150 2310 3185 vero
2325 3135 2517 3186 omnia
2533 3136 2646 3186 sub

1557 3205 1726 3273 figura
1752 3215 1931 3267 erant;
1952 3215 2004 3256 et
2034 3206 2153 3256 ideo
2182 3205 2314 3256 dicit
2343 3206 2497 3272 quod
2521 3207 2649 3257 veri

1557 3279 1876 3330 adoratores
1933 3295 2044 3329 non
2090 3277 2147 3328 in
2199 3279 2371 3345 figura
2424 3280 2648 3330 adora-

1560 3350 1703 3410 bunt,
1748 3349 1846 3400 sed
1893 3348 1948 3400 in
1999 3348 2240 3400 veritate.
2294 3348 2436 3408 Quia
2482 3349 2648 3400 enit'n

1557 3419 1708 3470 Deus
1730 3419 1956 3486 spiritus
1977 3425 2078 3483 est,
2100 3418 2410 3485 spirituales
2433 3420 2647 3470 adora-

1557 3498 1701 3540 tores
1727 3489 1951 3555 quaerit;
1993 3488 2121 3554 quia
2149 3488 2364 3547 veritas,
2404 3503 2592 3539 veros.
2617 3508 2646 3534 ι

1558 3562 1715 3614 Unde
1747 3570 1799 3612 et
1835 3562 2178 3627 Augustinus
2205 3578 2224 3611 .·
2263 3578 2291 3608 ι(
2320 3560 2369 3612 O
2397 3560 2444 3610 si
2476 3560 2648 3611 inve-

1560 3634 1754 3693 nirem,
1810 3632 2041 3692 dicebas,
2097 3640 2337 3683 montem
2388 3629 2649 3696 aliquem

1560 3706 1729 3757 altum
1782 3712 1837 3754 et
1884 3702 2215 3766 solitarium;
2273 3702 2429 3752 credo
2483 3701 2649 3752 enim

1561 3777 1689 3844 quia
1734 3775 1792 3827 in
1820 3775 1929 3827 alto
1976 3784 2057 3826 est
2092 3774 2277 3826 Deus:
2323 3773 2496 3839 magis
2547 3788 2650 3826 me

1568 3847 1784 3898 exaudit
1805 3862 1870 3898 ex
1895 3845 2034 3897 alto!
2079 3844 2218 3904 Quia
2243 3844 2301 3894 in
2329 3852 2515 3893 monte
2557 3858 2647 3904 es,

1564 3918 1935 3986 propinquum
1962 3926 2016 3969 te
2036 3915 2147 3968 Deo
2170 3924 2346 3983 putas,
2373 3923 2427 3966 et
2442 3912 2559 3965 cito
2586 3924 2648 3967 te
