2757 4413
682 306 775 356 DE
810 305 1256 357 DAEMONIACO
1290 305 1501 356 CAECO
1537 307 1633 356 ET
1663 307 1890 358 MUTO.

197 422 524 473 Considerate
551 422 789 472 fructum
812 422 1023 473 arboris
1050 423 1209 472 bonae
1227 461 1241 483 ,

195 504 242 544 et
288 493 516 544 fructum
571 494 777 544 arboris
822 495 976 543 malae
998 532 1017 554 ,
1070 503 1132 542 ut
1180 509 1245 543 ex

193 566 351 617 fructu
393 567 729 632 cognoscatis
770 576 954 616 utrum
990 566 1062 616 sit
1100 567 1243 617 bona

190 654 247 688 an
284 641 418 688 mala
449 654 463 686 ε
498 638 772 704 Siquidem
810 653 886 688 ex
911 639 1104 704 fructu
1151 653 1242 688 ar·-

191 711 271 760 bor
305 710 648 776 agnoscitur.
695 710 959 761 Similiter
1003 710 1242 760 conside-

188 792 282 831 rate
336 798 478 848 opus
531 782 743 841 actoriS,
790 792 974 832 utrum
1019 782 1091 832 sit
1150 783 1244 832 bo-

188 870 303 903 num
339 870 407 903 an
440 854 673 913 malum,
699 853 826 919 quia
863 870 1000 920 opus
1034 855 1241 904 bonum

187 927 410 991 procedit
446 942 477 976 a
520 927 667 976 bono
704 927 994 992 principie,
1039 937 1095 978 et
1133 943 1242 977 ma·

185 999 280 1048 lum
312 1015 344 1048 a
376 999 560 1062 ma103
594 1009 647 1048 et
670 997 747 1048 sic
775 1013 840 1048 ex
867 998 1104 1049 bonitate
1124 1015 1246 1064 ope·

183 1085 287 1119 rum
335 1085 460 1135 quae
502 1084 601 1134 ego
641 1068 807 1133 facio,
846 1069 1070 1135 potestis
1117 1086 1243 1135 per-

182 1143 400 1206 pendere
442 1141 590 1207 quod
630 1141 802 1191 virtus
848 1156 941 1206 per
971 1157 1137 1207 quam
1183 1158 1246 1193 ea

180 1212 320 1271 faci0,
352 1228 466 1261 non
497 1222 577 1260 est
600 1212 758 1271 mala,
788 1212 883 1262 sed
901 1212 1072 1278 bona3
1099 1223 1151 1262 et
1177 1228 1243 1263 ex

178 1283 426 1348 operibus
456 1297 582 1348 quae
621 1281 759 1332 fiunt
796 1298 890 1348 per
918 1293 1087 1333 artem
1119 1300 1241 1334 ma-

178 1357 372 1422 gicam,
405 1372 532 1405 cum
561 1356 670 1406 sint
697 1357 837 1406 mala
873 1367 924 1407 et
948 1373 1114 1417 vana,
1142 1373 1242 1422 po-

177 1429 318 1478 testis
354 1429 686 1494 perpendere
712 1443 832 1494 quae
872 1429 1010 1479 fiunt
1046 1429 1244 1479 virtute

175 1498 427 1564 maligna.
481 1499 635 1563 Opus
681 1514 807 1564 ergo
840 1499 1084 1563 ejiciendi
1129 1501 1242 1550 dae-

176 1571 372 1630 monia,
416 1585 542 1619 cum
579 1569 651 1620 sit
694 1571 919 1630 bonum,
950 1586 1061 1620 non
1101 1581 1185 1620 est
1213 1585 1243 1620 a

175 1643 310 1691 malo
354 1640 641 1707 principio,
695 1642 852 1706 quale
902 1652 982 1692 est
1041 1643 1244 1691 daemo-

177 1714 354 1773 nium3
401 1713 496 1762 sed
535 1727 566 1762 a
596 1713 742 1762 bono
777 1712 1067 1779 principiO,
1096 1715 1242 1778 quod

177 1797 250 1838 est
259 1786 496 1851 Spiritus
511 1786 895 1835 Sanctus.Male
906 1802 1034 1851 ergo
1043 1787 1241 1850 dicitis,

175 1858 295 1924 quia
323 1872 430 1921 ego
460 1857 514 1906 in
544 1857 839 1922 Beelzebub
877 1857 1030 1923 ejicio
1053 1858 1245 1909 doemo-

176 1930 281 1979 nia.
327 1928 436 1979 Ubi
465 1929 808 1993 Augustinus
832 1946 850 1979 .-
880 1949 903 1975 ιι
931 1930 992 1978 In
1017 1929 1119 1979 hoc
1141 1930 1242 1979 ad-

174 2001 386 2051 monuit
454 2017 555 2050 nos
616 2000 890 2052 Dominus
963 2013 1023 2052 ut
1091 2003 1243 2053 bonae

173 2073 387 2122 arbores
436 2071 641 2136 simus3
695 2081 756 2122 ut
817 2073 991 2123 bonos
1040 2073 1243 2124 fructus

173 2144 369 2194 habere
416 2143 706 2209 possimus·
754 2142 856 2195 Ubi
898 2144 1046 2193 enim
1100 2144 1173 2194 ait
1226 2161 1240 2193 :

174 2214 365 2265 Facite
402 2215 653 2264 arborem
692 2216 878 2266 bonam
916 2223 969 2266 et
994 2217 1242 2282 fructum

172 2286 287 2353 ejus
335 2286 558 2348 bonum,·
604 2294 685 2335 est
729 2298 1053 2353 praeceptum
1093 2290 1242 2339 salu-

174 2359 284 2416 bre,
335 2356 421 2405 cui
468 2356 773 2407 obedientia
811 2360 1104 2409 necessaria
1147 2370 1244 2411 est.

176 2427 317 2488 Quia
343 2437 522 2477 autem
560 2427 690 2478 dicit
731 2446 746 2479 2
782 2428 974 2479 Facite
1000 2430 1244 2480 arborem

172 2500 390 2560 malam,
413 2505 462 2548 et
477 2497 726 2562 fructum
755 2499 870 2565 ejus
889 2501 1083 2550 malum
1093 2518 1113 2564 ,·
1136 2518 1245 2550 non

171 2581 251 2621 est
284 2579 609 2635 praeceptum
638 2580 699 2620 ut
737 2570 970 2632 faciatiS,
1005 2572 1097 2621 sed
1128 2588 1248 2622 mo-

171 2643 316 2693 nitio
344 2652 403 2692 ut
442 2642 665 2693 caveatis
705 2661 718 2693 z
761 2663 789 2691 n
833 2644 945 2694 haec
975 2647 1248 2712 Augusti-

173 2729 294 2765 nus·
351 2713 557 2763 Deinde
608 2713 762 2780 quasi
811 2715 1145 2780 explanando
1196 2728 1248 2767 et

172 2785 409 2850 aptando
438 2783 635 2833 dictam
665 2784 1084 2836 similitudinem
1111 2788 1249 2838 Pha-

172 2854 364 2914 risaei3‚
394 2854 625 2904 ostendit
666 2853 912 2905 falsitatis
941 2872 1127 2906 eorum
1160 2874 1248 2908 ra-

171 2925 371 2974 dicem.
408 2924 580 2974 Radix
620 2925 765 2974 enim
801 2925 904 2975 ista
944 2937 1056 2977 erat
1102 2928 1250 2979 invi-

170 2995 263 3044 dia
311 3005 361 3044 et
404 2995 628 3057 odium;
674 2996 802 3062 quia
842 2996 965 3046 licet
991 2996 1249 3049 Pharisaei

171 3076 224 3115 et
285 3065 604 3131 Legisperiti
671 3067 850 3131 primo
906 3070 1252 3134 cognoverint

173 3135 480 3195 Christum,
510 3146 690 3186 tamen
721 3136 849 3203 quia
880 3139 1042 3204 coepit
1067 3155 1251 3205 repre-

173 3206 416 3255 hendere
446 3206 576 3257 vitia
610 3221 817 3268 eorum,
852 3209 972 3260 ideo
1004 3225 1255 3277 concepe-

173 3286 311 3327 runt
382 3277 572 3328 odium
639 3289 691 3330 et
752 3280 1011 3331 invidiam
1074 3295 1255 3334 contra

175 3348 394 3415 ipsum;
426 3366 490 3400 ex
528 3351 729 3417 quibus
756 3354 1016 3415 excaecati,
1049 3356 1256 3406 cecide-

176 3430 311 3471 runt
354 3437 384 3471 a
430 3423 604 3488 prima
650 3424 843 3476 notitia
890 3426 948 3475 in
1000 3443 1254 3489 errorem,

177 3492 314 3559 quia
356 3493 483 3544 talia
528 3506 841 3560 pervertunt
879 3496 1139 3562 judicium
1182 3516 1258 3551 ra-

177 3563 350 3614 tionis
394 3575 631 3632 rectum;
676 3577 727 3619 et
773 3584 836 3618 ex
885 3580 1012 3620 tunc
1055 3570 1262 3637 incepe-

178 3643 312 3685 runt
351 3635 537 3686 omnia
577 3636 713 3688 facta
760 3639 876 3703 ejus
924 3641 1258 3706 interpretari

178 3701 238 3752 in
269 3704 497 3767 malum,
527 3705 594 3754 ad
626 3706 1018 3759 diffamandum
1056 3708 1256 3775 ipsum.

181 3775 441 3825 Ostendit
469 3792 595 3843 ergo
631 3778 753 3830 illos
788 3796 903 3832 esse
941 3783 1137 3832 malam
1172 3798 1260 3832 ar-

180 3845 374 3896 borem
406 3862 470 3896 ex
496 3849 638 3900 mala
666 3851 856 3916 radice,
880 3864 931 3903 et
951 3854 1123 3904 malos
1143 3854 1259 3905 fru-

181 3927 304 3968 ctus
356 3917 508 3985 dare,
562 3935 687 3972 cum
735 3922 1030 3976 intentione
1083 3926 1259 3977 cordis

2312 309 2420 377 673

1355 438 1547 471 eorum
1573 423 1782 473 malitia
1805 424 2044 474 abundet
2068 424 2304 487 invidiae,
2328 428 2431 477 di-

1354 509 1478 542 cens
1510 510 1525 544 ε
1555 494 1859 560 Progenies
1893 511 1988 546 seu
2028 498 2303 562 genimina
2341 500 2432 551 vi—

1347 581 1626 632 perarum,
1655 568 1708 618 id
1746 579 1830 620 est
1852 571 2097 620 venenati
2129 570 2228 621 filii
2256 589 2424 624 vene-

1353 648 1604 688 natorum
1637 640 1977 707 Judaeorum3
2008 643 2134 708 quia
2160 659 2425 694 venenum

1353 708 1569 759 invidiae
1615 725 1678 760 ex
1723 712 1915 762 vestris
1957 714 2271 778 parentibus
2313 726 2428 767 tra-

1352 778 1530 839 xistiS,
1576 779 1671 846 qui
1711 783 1969 846 persecuti
2017 793 2143 833 sunt
2191 785 2425 851 Prophe-

1353 860 1431 900 tas
1457 867 1521 900 ex
1553 850 1775 912 invidia,
1816 862 1867 903 et
1892 869 1990 904 vos
2030 871 2097 905 ex
2127 858 2310 907 eadem
2347 873 2427 908 ra-

1352 920 1498 971 tione
1579 923 1964 989 persequimini
2048 942 2137 977 me
2218 939 2423 993 patrem

1354 991 1652 1052 Christum,
1711 1002 1764 1042 et
1810 1005 2037 1045 matrem
2098 997 2386 1048 Ecclesiam
2406 1037 2423 1059 ,

1353 1064 1614 1128 quomodo
1647 1067 1878 1128 potestis
1919 1067 2055 1117 bona
2103 1068 2263 1133 loqui,
2306 1083 2426 1120 cum

1352 1132 1477 1182 sitis
1505 1133 1634 1183 mali
1653 1134 1688 1184 i>
1714 1135 1880 1194 Quasi
1908 1136 2104 1187 diceret
2135 1155 2149 1187 ι
2185 1141 2309 1189 Non
2338 1157 2430 1206 po·

1354 1204 1507 1254 testis
1557 1206 1623 1255 de
1679 1221 1767 1255 me
1816 1207 1951 1256 bona
1997 1209 2167 1273 loqui,
2228 1211 2427 1267 invidia

1352 1279 1704 1344 prohibente,
1749 1273 1872 1329 dum
1910 1281 2058 1331 enim
2100 1283 2220 1335 sitis
2265 1286 2428 1336 arbor

1352 1353 1510 1412 mala,
1538 1368 1649 1401 non
1680 1353 1925 1418 poteritis
1953 1352 2185 1406 fructum
2217 1358 2427 1408 bonum

1350 1422 1519 1486 ferre;
1552 1423 1708 1473 utilia
1753 1423 1975 1489 quidem
2025 1427 2146 1476 aliis
2197 1440 2428 1493 possunt

1351 1495 1521 1560 loqui,
1566 1497 1660 1544 sed
1705 1512 1814 1546 non
1858 1498 2131 1549 meritoria
2161 1501 2284 1552 sibi.
2317 1503 2424 1552 Ubi

1354 1565 1778 1632 Chrysostomus
1809 1583 1826 1618 .·
1862 1586 1890 1614 α
1925 1569 2047 1618 Non
2092 1581 2268 1635 potest
2304 1572 2422 1623 fieri

1350 1647 1412 1686 ut
1456 1637 1559 1688 alia
1603 1638 1843 1705 germina
1891 1641 2271 1705 producantur,
2316 1644 2421 1694 nisi

1352 1707 1531 1773 qualis
1556 1707 1722 1758 fuerit
1748 1709 1899 1759 radix
1930 1710 1987 1759 in
2019 1721 2176 1763 terra.
2205 1714 2426 1767 Volun-

1352 1787 1433 1826 tas
1487 1777 1636 1828 enim
1703 1778 1992 1830 hominum
2088 1784 2241 1834 radix
2315 1796 2427 1849 est·,

1350 1849 1513 1899 verba
1540 1860 1720 1901 autem
1750 1861 1805 1900 et
1839 1867 2019 1917 opera,
2060 1853 2269 1906 fructus
2297 1868 2426 1909 sunt

1352 1920 1662 1973 voluntatis,
1721 1923 1843 1972 Ideo
1895 1926 2053 1990 quale
2109 1942 2198 1976 cor
2248 1944 2425 1980 unus-

1350 1990 1584 2058 quisque
1612 1993 1879 2054 habuerit,
1908 1995 2034 2045 talia
2070 2006 2124 2046 et
2149 2000 2307 2049 verba
2339 2002 2428 2051 10-

1349 2063 1554 2129 quitur,
1579 2075 1630 2115 et
1654 2081 1815 2131 opera
1841 2067 1968 2119 facit
1999 2086 2013 2119 :
2044 2089 2072 2117 η
2107 2070 2222 2122 haec
2254 2073 2434 2142 Chry-

1348 2137 1636 2186 sostomus.

1420 2224 1487 2272 14
1543 2209 1666 2268 Quo
1734 2226 1896 2261 sensu
1966 2228 2034 2262 nx
2086 2229 2432 2268 anonumum

1351 2296 1538 2331 connis
1580 2298 1643 2331 os
1696 2299 2000 2341 LOQUATUR.
2059 2314 2120 2324 —-
2178 2287 2250 2337 Et
2310 2290 2435 2340 ideo

1353 2352 1607 2402 subditur
1665 2370 1679 2403 ε
1735 2356 1837 2404 Ex
1902 2356 2235 2407 abundantia
2289 2360 2426 2410 enim

1352 2423 1537 2473 cordis
1589 2438 1652 2473 os
1707 2425 1976 2491 loquitur5
2023 2427 2151 2491 quia
2199 2429 2425 2480 verbum

1351 2494 1585 2545 exterius
1628 2505 1709 2545 est
1747 2496 2167 2562 significativum
2198 2499 2431 2551 interio-

1352 2568 1430 2618 ris
1476 2579 1784 2636 conceptus.
1816 2570 1984 2630 Quasi
2032 2572 2231 2623 diceret
2275 2574 2433 2625 :Cor

1354 2652 1596 2693 vestrum
1666 2646 1885 2710 plenum
1942 2654 2024 2695 est
2081 2662 2286 2697 veneno
2310 2687 2323 2708 ‚
2376 2659 2430 2699 et

1354 2725 1559 2765 eructat
1582 2717 1647 2766 de
1676 2719 1850 2783 pleno,
1881 2720 1927 2767 A
1955 2727 2102 2782 parte
2127 2730 2307 2769 autem
2338 2731 2429 2770 to-

1355 2796 1473 2837 tum
1524 2788 1780 2855 intellige,
1828 2789 2030 2839 scilicet
2076 2806 2169 2855 per
2198 2792 2431 2843 locutio-

1358 2873 1483 2907 nem
1538 2859 1678 2921 oris,
1723 2860 2051 2911 locutionem
2111 2862 2314 2923 cordiS‚
2378 2874 2431 2914 et

1356 2928 1683 2980 locutionem
1734 2932 1930 2996 operis.
1979 2932 2077 2981 Per
2123 2933 2235 2983 oris
2279 2935 2432 2986 enim

1357 3001 1684 3051 locutionem
1703 3042 1717 3063 ‚
1761 3004 2008 3054 universa
2035 3019 2156 3070 quae
2178 3015 2316 3067 actu,
2347 3010 2432 3059 vel

1358 3072 1609 3137 cogitatu,
1638 3074 1722 3123 vel
1750 3090 1996 3125 sermone
2032 3075 2099 3125 de
2127 3078 2286 3127 corde
2318 3094 2437 3143 pro·

1359 3140 1608 3192 feruntur
1651 3144 1918 3195 Dominus
1967 3145 2251 3211 significat.
2293 3150 2429 3200 Narn

1361 3216 1588 3265 verbum
1624 3233 1722 3282 pro
1764 3218 1900 3269 facto
1946 3222 2271 3287 quandoque
2301 3223 2432 3288 poni

1363 3286 1515 3337 solet.
1550 3287 1705 3337 Unde
1733 3290 1899 3339 Isaias
1928 3291 1994 3339 de
2024 3291 2249 3341 Ezechia
2269 3309 2282 3341 ε
2305 3293 2435 3342 Non

1353 3355 1477 3421 suit
1532 3359 1748 3409 verbum
1797 3362 1938 3425 quod
1986 3377 2090 3412 non
2135 3363 2438 3413 ostenderet

1366 3430 1463 3490 eis,
1515 3429 1571 3479 id
1619 3441 1699 3481 est
1743 3448 1828 3483 res
1884 3434 2047 3500 digna
2091 3435 2273 3485 verbo,
2326 3434 2433 3484 Ubi

1370 3500 1797 3569 chrysostomus
1827 3522 1844 3555 .·
1888 3525 1911 3550 «
1951 3505 2017 3554 Et
2045 3504 2170 3555 vide
2212 3505 2277 3554 ad
2311 3520 2437 3554 ma·-

1365 3570 1535 3635 jorem
1599 3574 1986 3625 accusationem
2032 3575 2326 3634 maiorum,
2382 3583 2436 3624 et

1369 3640 1630 3706 majorem
1683 3645 1897 3695 laudem
1945 3646 2232 3702 bonorum,
2287 3644 2437 3709 quod

1366 3712 1498 3762 dicit
1529 3731 1543 3764 ε
1579 3714 1680 3765 Ex
1708 3716 2036 3766 abundantia
2066 3713 2246 3764 cordis
2272 3728 2335 3764 os
2365 3714 2437 3765 lo-

1367 3786 1577 3850 quitur,
1630 3788 1683 3837 id
1727 3799 1807 3839 est
1852 3804 1975 3838 cum
2020 3786 2185 3836 homo
2224 3786 2439 3838 locutus

1375 3856 1543 3908 fuerit
1570 3851 1798 3909 verbum
1827 3858 2031 3908 bonum
2064 3858 2148 3907 vel
2196 3859 2432 3921 malum;

1370 3943 1439 3980 ne
1468 3941 1624 3997 putes
1651 3929 1780 3996 quia
1812 3938 2022 3980 tantum
2051 3928 2182 3980 boni
2204 3931 2291 3983 vel
2314 3945 2437 3981 ma-
