2757 4413
452 368 546 419 DE
581 369 1038 421 REFECTLONE
1080 369 1434 428 QUATUOR
1463 370 1767 422 MILLIUM
1797 367 2176 422 Ι-ΙΟΜῙΝΠΜΗ

182 500 319 535 num
361 485 428 534 ad
462 486 675 535 laudem
713 485 834 545 Dei,
865 495 917 535 et
952 484 1018 536 ad
1046 484 1256 535 utilita-

179 569 290 610 tem
334 558 586 608 omnium
627 560 1028 624 proximorum3
1063 569 1113 609 et
1143 559 1255 613 haec

180 640 263 681 est
273 630 462 696 pietas
487 646 609 696 quae
642 632 717 681 ad
760 632 939 682 omnia
973 631 1121 681 utilis
1153 636 1249 694 est,

178 711 230 752 et
260 701 508 767 procedit
541 717 604 751 ex
645 701 736 767 pio
763 702 938 762 corde,
969 717 1077 767 quo
1109 701 1252 750 Deus

177 783 394 824 tantum
421 773 725 838 invenitur3
759 774 1049 840 corporalis
1071 783 1248 823 autem

172 844 510 905 exercitatiO,
541 845 740 895 scilicet
783 844 902 894 sine
945 844 1155 909 pietate,
1182 843 1247 893 ad

178 916 461 967 modicum
500 918 648 967 utilis
690 928 787 968 est.
818 947 879 957 —··
907 918 1121 968 Tertius
1158 931 1248 982 pa·-

178 986 265 1036 nis
295 984 381 1036 est‘
399 988 603 1036 donum
632 988 887 1047 scientiae,
908 988 1012 1038 hoc
1040 988 1246 1037 donum

176 1056 471 1106 comitatur
507 1059 614 1108 duo
668 1059 939 1123 praedicta,
990 1058 1137 1124 quia,
1184 1066 1246 1108 ut

175 1127 315 1177 dicit
367 1128 807 1195 ChrysostomuS,
860 1145 1021 1182 nemo
1072 1136 1249 1196 potest

177 1213 370 1248 cavere
405 1200 628 1260 malum,
665 1200 770 1250 nisi
799 1200 1108 1267 cognitum,
1150 1214 1250 1249 ne-

177 1283 285 1333 que
324 1268 530 1317 bonurn
559 1269 728 1319 facere
750 1271 895 1336 quod
923 1270 1163 1336 ignorat;
1198 1277 1250 1319 et

177 1339 282 1389 hoc
307 1339 466 1388 datur
490 1355 584 1404 per
610 1341 816 1392 donum
844 1342 1084 1392 scientiae
1101 1380 1115 1402 ,
1141 1355 1250 1406 quo

175 1410 340 1459 datur
378 1409 590 1460 homini
632 1422 834 1462 rectum
886 1413 1081 1463 habere
1120 1410 1254 1475 judi-

173 1481 325 1531 cium
369 1482 435 1531 de
484 1482 604 1533 istis
642 1484 1003 1547 inferioribus,
1041 1485 1107 1535 ad
1136 1501 1253 1551 cog·

176 1554 517 1604 noscendum
564 1556 695 1620 quid
725 1556 970 1617 noxium,
1014 1566 1067 1606 et
1121 1558 1251 1622 quid

178 1626 472 1692 expediens
502 1627 574 1677 sit
601 1629 665 1678 ad
690 1630 933 1679 salutem.
969 1658 1030 1668 -
1073 1630 1250 1689 Quar-

178 1698 453 1763 tus=panis
478 1707 561 1749 est
591 1700 795 1750 donum
819 1700 1168 1761 fortitudinis,
1198 1711 1251 1751 et

181 1769 316 1817 bene
355 1768 616 1820 fortitudo
652 1772 898 1837 sequitur
935 1773 1244 1837 scientiam3

180 1855 310 1892 nam
349 1842 583 1906 cognitis
612 1859 716 1909 'per
759 1846 966 1894 donum
1002 1845 1249 1896 scientioe

179 1925 305 1977 quae
351 1913 495 1961 mala
539 1915 769 1964 cavenda
816 1925 973 1979 sunt,
1025 1926 1077 1966 et
1127 1931 1248 1982 quae

182 1984 327 2034 bona
350 1988 757 2051 prosequenda,
782 2003 919 2053 opus
954 1998 1039 2039 est
1071 1989 1248 2054 Spiri-

94 2099 99 2100 γ
179 2066 240 2107 tu
275 2057 630 2120 fortitudiniS,
660 2076 769 2125 quo
798 2062 969 2126 possit
992 2061 1247 2127 prosequi

178 2145 305 2197 quae
333 2131 605 2195 cognovit,
621 2142 731 2181 tam
757 2132 819 2181 in
841 2133 1106 2183 vincendo
1130 2148 1252 2182 ma·-

178 2204 247 2264 la,
278 2219 447 2270 quam
479 2202 535 2254 in
564 2204 916 2271 aggrediendo
942 2204 1096 2256 bona.
1134 2205 1248 2256 Hoc
1296 2264 1299 2273 η

178 2275 325 2325 dono
344 2275 514 2325 dotati
538 2276 762 2326 fuerunt
779 2277 946 2327 sancti
964 2287 1243 2344 martyreS,

180 2359 319 2410 quos
369 2346 520 2395 nulla
556 2356 832 2397 ‘tormenta
879 2357 1121 2412 poterant
1165 2363 1250 2396 su-

181 2432 380 2482 perare.
407 2447 469 2455 —
491 2418 727 2478 Quintus
755 2418 912 2484 panis
936 2429 1016 2469 est
1043 2419 1248 2469 donum

180 2488 429 2549 consilii,
464 2505 558 2555 per
585 2490 731 2556 quod
760 2492 939 2541 'homo
980 2490 1247 2556 dirigitur,

184 2560 334 2626 quasi
363 2563 592 2612 consilio
615 2579 647 2614 a
672 2564 786 2614 Deo
815 2572 1045 2628 accepte,
1077 2562 1133 2614 in
1160 2563 1249 2614 his

2320 370 2426 422 813

1369 485 1436 535 ad
1469 501 1590 551 qnae
1624 486 1862 538 humana
1899 487 2032 538 ratio
2076 504 2188 537 non
2217 486 2433 537 sufficit.

1369 560 1435 609 Et
1465 560 1600 609 bene
1626 560 1914 610 consilium
1949 562 2192 626 sequitur
2214 560 2430 611 fortitu-

1365 630 1568 691 dinem,
1587 633 1733 697 quia,
1754 634 2050 682 secundum
2083 634 2427 699 Gregorium,

1363 702 1514 751 valde
1559 701 1817 753 fortitudo
1849 704 2164 764 destruitur,
2197 704 2301 753 nisi
2338 719 2431 769 per

1365 772 1653 822 consilium
1695 773 1960 835 fulciatur,
1995 775 2121 840 quia
2158 779 2266 839 quo
2306 776 2427 839 plus

1364 856 1422 892 se
1453 857 1617 906 posse
1657 843 1947 908 conspicit,
1994 860 2055 894 eo
2095 844 2263 895 virtus
2312 844 2428 894 sine

1364 912 1730 963 moderamine
1788 913 1845 961 in
1902 930 2134 979 praeceps
2187 914 2325 976 ruit;
2378 924 2431 964 et

1365 998 1520 1032 mens
1584 997 1705 1048 quae
1767 982 1913 1032 intus
1978 985 2157 1034 sedem
2213 984 2428 1034 consilii

1365 1056 1621 1121 perdidit,
1660 1056 1801 1107 foras
1830 1072 1887 1107 se
1929 1073 2024 1122 per
2048 1057 2310 1108 desideria
2337 1056 2429 1106 in-

1365 1127 1769 1177 numerabiliter
1795 1128 2016 1193 spargit.
2045 1157 2105 1166 —
2134 1130 2323 1178 Sextus
2347 1143 2433 1193 pa-

1365 1197 1453 1247 nis
1507 1207 1586 1247 est
1638 1198 1843 1247 donum
1886 1198 2205 1259 intellectuS,
2249 1208 2300 1248 et
2357 1198 2430 1247 il-

1365 1271 1457 1319 lud
1528 1271 1741 1321 donum·
1808 1271 2109 1322 intellectus
2185 1271 2430 1337 sequitur

1363 1344 1571 1393 donum
1612 1343 1843 1403 consilii,
1886 1352 1937 1392 et
1983 1343 2090 1393 duo
2128 1344 2266 1392 bona
2306 1342 2431 1392 facit

1365 1416 1423 1465 in
1471 1414 1651 1465 anima
1689 1432 1702 1463 ε
1747 1414 2005 1479 primum,
2047 1413 2174 1479 quia
2198 1412 2430 1462 illustrat

1365 1487 1699 1537 intellectum
1729 1488 1795 1536 ad
1819 1502 1944 1537 sane
1965 1484 2285 1551 capiendum
2306 1498 2429 1531 con-

1365 1558 1551 1608 silium
1584 1558 1816 1624 Spiritus
1845 1557 2021 1609 Sancti
2065 1555 2425 1622 speculative3

1360 1631 1693 1692 secundum,
1742 1630 1868 1697 quia
1914 1630 2137 1696 depurat
2181 1626 2429 1676 affectum

1362 1704 1430 1753 ad
1461 1702 1727 1770 agendum
1749 1703 1976 1772 practice
2004 1701 2332 1752 consultum.
2365 1725 2427 1735 -—

1362 1775 1634 1860 Septimus
1675 1774 1831 1840 panis
1860 1782 1942 1824 est
1974 1773 2179 1822 donum
2203 1769 2426 1835 sapien-

1362 1848 1468 1910 tiae,
1498 1848 1644 1914 quod
1679 1848 1925 1914 sequitur
1963 1846 2170 1895 donum
2209 1843 2429 1893 intelle-

1363 1930 1498 1982 ετιιε,
1528 1931 1581 1971 et
1608 1920 1793 1970 omnia
1835 1920 1974 1969 dona
2013 1917 2133 1980 alia,
2164 1931 2284 1981 quae
2308 1914 2428 1964 sine

1358 1992 1624 2058 sapientia
1675 1991 1815 2042 nihil
1855 2000 1999 2040 sunt.
2044 1986 2314 2054 Sapientia
2348 1993 2428 2035 est

1362 2062 1598 2127 cognitio
1618 2061 1895 2112 suavitatis
1923 2060 2117 2110 divinae
2148 2073 2241 2123 per
2263 2071 2428 2122 expe-

1361 2132 1611 2182 rientiam
1659 2133 1874 2194 habita3
1924 2130 2069 2179 unde
2108 2127 2304 2177 dicitur
2341 2141 2429 2178 sa-

1362 2202 1582 2268 pientia,
1607 2202 1761 2269 quasi
1803 2200 1987 2282 sapida
2020 2198 2255 2249 scientia.
2288 2197 2427 2246 Nam

1362 2289 1458 2339 per
1482 2274 1685 2323 donum
1711 2271 1987 2338 sapientise
2004 2271 2215 2336 juvatur
2238 2268 2423 2326 homo,

1362 2364 1468 2397 non
1497 2348 1675 2397 solum
1704 2349 1768 2397 ad
1807 2344 2171 2411 cognitionem
2209 2339 2423 2390 divino-

1362 2433 1503 2477 rum,
1525 2419 1620 2468 sed
1652 2417 1814 2469 etiam
1842 2416 1908 2466 ad
1937 2412 2297 2482 gustationem
2325 2423 2421 2459 eo-

1363 2491 1629 2543 rumdem.

1159 2759 1443 2811 ORATIO

242 2951 482 3005 Domine
500 2951 634 3003 Jesu
672 2951 904 3011 Christe,
929 2952 1183 3005 miserere
1213 2970 1375 3020 super
1401 2956 1614 3007 turbam
1639 2951 2045 3021 poenitentium.
2077 2959 2131 3000 et
2160 2948 2423 3015 incipien-

187 3026 325 3079 tium
361 3025 653 3090 iustorum,
688 3035 740 3075 et
765 3024 1180 3091 proficientium,
1209 3027 1569 3093 perfectorum
1598 3037 1651 3079 et
1679 3022 2161 3090 contemplantium
2193 3037 2287 3087 per
2317 3020 2425 3072 tri-

187 3101 355 3153 duum
418 3099 778 3163 contritioniS,
821 3099 1176 3151 confessionis
1213 3112 1266 3152 et
1313 3101 1708 3164 satisfactioniS‚
1759 3115 1855 3166 per
1897 3097 2179 3150 victoriam
2215 3095 2423 3153 mundi.

185 3170 361 3223 camis
395 3180 447 3221 et
476 3169 707 3230 diaboli,
755 3186 848 3253 per
885 3170 1149 3223 visionem
1187 3173 1539 3238 corporalem,
1567 3171 1946 3238 imaginariam
2001 3178 2054 3220 et
2096 3167 2429 3235 spiritualem

184 3242 616 3310 aspectantium
652 3243 883 3303 veniam,
916 3244 1140 3309 gratiam
1177 3255 1229 3296 et
1277 3245 1521 3326 gloriam.
1552 3245 1728 3296 Refice
1761 3244 1966 3310 primos
2001 3257 2101 3307 per
2145 3240 2427 3290 discretam

189 3314 630 3374 sollicitudinem,
658 3314 937 3375 cautelam,
964 3314 1412 3382 indignationem,
1438 3316 1713 3377 timorem,
1743 3315 2091 3373 desiderium,
2121 3309 2423 3362 aemulatio-

185 3401 312 3438 nem
334 3394 386 3436 et
413 3385 722 3436 vindictam.
745 3384 920 3434 Refice
946 3387 1206 3437 secundos
1233 3403 1328 3452 per
1353 3387 1608 3472 spi-ritum
1625 3386 1862 3452 ¹timoris,
1898 3386 2127 3454 pietatis,
2164 3381 2421 3443 scientioe,

186 3459 538 3520 fortitudinis,
561 3459 792 3520 consilii,
823 3458 1117 3512 intellectus
1128 3471 1192 3511 et
1218 3462 1517 3527 sapientiae.
1537 3460 1717 3512 Refice
1745 3463 1940 3513 tertios
1966 3476 2059 3527 per
2079 3469 2185 3508 tres
2205 3457 2419 3518 animae,

189 3542 241 3586 et
269 3542 502 3599 quatuor
534 3533 771 3598 corporis
809 3533 977 3594 dotes,
1013 3533 1070 3587 in
1104 3536 1354 3599 praesenti
1386 3535 1606 3602 quidem
1623 3551 1746 3601 spe
1752 3550 1874 3604 quae
1902 3539 2335 3601 supereo-{crescat
2361 3529 2420 3580 in

190 3617 400 3674 septem
415 3617 636 3672 :sportas
660 3607 719 3658 in
738 3606 919 3659 futura
942 3600 1290 3661 beatitudine.
1319 3610 1511 3662 Amen„
