2757 4413
222 331 306 380 DE
335 331 681 391 QUATUOR
709 332 806 384 AD
837 332 1135 394 TURBAS,
1157 332 1255 383 ET
1283 333 1538 385 TRIBUS
1563 334 1658 384 AD
1678 335 1914 387 DISCIP.
1947 334 2193 387 PARAB.
2243 336 2340 388 581

145 447 360 499 cordibus
382 449 531 499 enim
553 450 704 500 duris
722 451 1044 517 quandoque
1066 451 1170 501 cito

145 523 194 571 ad
219 523 391 572 horam
422 523 657 573 nascitur
680 533 896 590 germen
922 540 1175 590 compun-

143 595 318 655 ctionis,
340 612 462 646 cum
491 598 714 647 verbum
736 596 1174 648 comminationis

144 669 358 729 audiunt,
392 681 447 721 et
475 671 655 721 statim
688 672 893 722 fervore
922 688 1172 738 persecu-

143 739 274 790 tionis
294 740 372 790 vel
412 741 697 805 cujuslibet
719 741 1088 792 tribulationis
1122 754 1174 794 et

140 809 412 860 tentationis
445 811 672 876 arescit;
712 827 832 862 curn
873 828 969 878 per
999 813 1174 879 impa-

140 880 346 930 tientiam
364 882 673 932 desolantur
690 892 741 933 et
757 882 1030 944 deficiunt,
1045 883 1174 950 quia

142 951 329 1001 verbum
368 952 766 1017 praedicationis
806 954 924 1004 sine
945 954 1172 1005 humore

141 1021 288 1086 gratiae
304 1032 354 1072 et
376 1038 562 1074 amore
577 1024 792 1075 virtutis
811 1040 921 1075 non
943 1025 1170 1091 proficit.

141 1092 273 1150 Echi
303 1094 520 1144 radices
563 1110 667 1147 non
724 1096 931 1159 habent,
968 1096 1174 1147 scilicet

141 1162 377 1225 profundae
403 1165 681 1217 firmitatis
709 1177 763 1217 et
782 1167 926 1218 firmi
956 1167 1172 1218 deside-
1214 1212 1215 1215 ,

140 1232 206 1293 rii,
230 1241 275 1284 et
297 1234 415 1286 ideo
443 1238 523 1287 ad
555 1244 760 1305 tempus
788 1240 1006 1290 credunt
1035 1244 1089 1291 et
1118 1241 1170 1289 in

143 1310 334 1370 tempore
370 1308 685 1358 tentationis
722 1310 1003 1376 recedunt,
1045 1311 1172 1378 quia

100 1391 106 1400 ·
141 1375 320 1425 verbum
345 1377 503 1442 prius
527 1390 799 1444 receptum
823 1393 1075 1433 renuunt.
1108 1383 1173 1433 Et

141 1446 249 1497 sicut
265 1449 417 1500 arbor
435 1466 563 1516 quae
580 1467 719 1518 saepe
737 1455 1169 1519 transplantatur,

137 1518 299 1570 radices
322 1519 456 1572 fixas
487 1539 599 1572 non
628 1523 813 1588 habet3
853 1525 930 1576 sic
973 1526 1033 1576 hi
1060 1526 1172 1576 fre-

138 1599 321 1651 quenter
346 1592 413 1642 de
440 1592 593 1643 bono
618 1593 676 1643 in
713 1595 919 1645 malum
950 1605 1171 1659 mutan-

137 1669 263 1710 turet
283 1661 336 1712 in
365 1663 518 1714 bono
545 1681 656 1715 non
686 1667 1010 1718 radicantur.
1034 1668 1172 1718 Ten-

137 1730 297 1782 tatione
341 1750 543 1800 nempe
580 1737 833 1802 probatur
869 1739 916 1788 si
944 1740 1168 1790 verbum

137 1798 207 1850 Dei
250 1804 448 1855 radices
506 1804 704 1868 fixerit,
765 1808 905 1859 sicut
962 1809 1168 1875 impetu

138 1883 377 1925 ventorum
440 1888 661 1942 apparet
718 1880 764 1930 si
819 1881 979 1932 arbor
1032 1883 1168 1933 bene

138 1943 322 1994 radicata
347 1946 439 1997 sit.
466 1948 625 1998 Tales
645 1948 924 2002 instabiles
950 1963 1079 2004 sunt
1102 1954 1168 2004 de

137 2011 294 2066 familia
311 2018 458 2084 regis
487 2019 631 2080 Saul,
656 2021 752 2086 qui
775 2021 915 2072 inter
936 2023 1168 2090 Prophe-

137 2094 195 2133 tas
217 2097 313 2138 erat
354 2089 621 2154 propheta
639 2129 653 2150 ,
700 2101 753 2142 et
789 2092 930 2144 inter
972 2097 1167 2147 stultos

136 2157 308 2209 stultus.
356 2187 418 2198 --
475 2160 555 2211 Et
593 2161 748 2213 aliud
792 2165 983 2217 cecidit
1028 2167 1166 2218 inter

135 2228 304 2294 spinas,
345 2231 400 2281 id
441 2243 527 2283 est
565 2232 623 2283 in
667 2236 826 2286 corda
853 2236 1163 2290 divitiarum

133 2301 379 2353 ambitione
407 2304 662 2366 sollicita,
699 2317 753 2356 et
790 2309 1167 2361 sollicitudini-

132 2369 205 2419 bus
232 2387 404 2423 mrum
434 2376 682 2438 lacerata,
708 2392 767 2427 ac
799 2378 943 2429 curis
963 2390 1166 2447 tempo-

133 2440 293 2493 ralibus
325 2444 498 2495 nimis
518 2446 704 2503 ,dedita
730 2462 825 2513 per
853 2450 1158 2515 avaritiam3

132 2518 168 2560 et
190 2516 327 2567 siml
360 2526 582 2570 exortae
610 2522 796 2586 spinae,
830 2521 885 2573 id
914 2535 995 2575 est
1026 2528 1166 2577 mul·-

132 2583 334 2649 tiplicatae
374 2590 617 2651 divitiae,
644 2593 1043 2659 suffocaverunt
1091 2598 1164 2647 iL-

136 2655 225 2718 lud,
265 2660 316 2709 id
366 2676 455 2712 est
514 2662 878 2728 impedierunt
926 2667 1162 2720 fructum

134 2727 503 2793 pmdicafionis,
546 2737 853 2800 occupando
903 2749 1159 2801 mentem,

132 2797 237 2848 utin
256 2816 311 2851 ea
330 2801 594 2868 proficere
625 2820 735 2855 non
760 2817 938 2872 posset
956 2809 1162 2861 fructus

134 2868 402 2931 spiritualiS.
436 2875 510 2925 Hi
557 2887 688 2927 sunt
727 2879 821 2944 qui
851 2882 1081 2933 audiunt
1113 2894 1164 2934 et

132 2938 420 3006 afficiuntur,
481 2956 535 2997 et
595 2960 905 3015 proponunt
956 2953 1163 3005 bonum

133 3008 287 3076 facere,
326 3020 421 3069 sed
484 3036 595 3070 non
654 3021 972 3088 proficiunt;
1036 3026 1165 3093 quia

132 3084 374 3139 suffocamr
392 3090 458 3140 in
476 3090 557 3140 eis
579 3091 785 3142 bonum
803 3096 1160 3161 propositum,

132 3159 499 3216 praevalentibus
529 3162 587 3212 in
607 3163 687 3215 eis
712 3166 854 3216 curis
886 3178 943 3217 et
959 3169 1165 3221 divitiis

134 3228 554 3295 etvoluptatibus.
590 3234 800 3287 Euntes
827 3238 966 3289 enim
991 3255 1022 3290 a
1044 3240 1164 3292 loco

135 3298 490 3356 ptaedicationis
542 3305 608 3354 ad
662 3308 959 3374 mundana,
1003 3312 1167 3381 suffo-

135 3374 288 3419 cantus·
324 3386 359 3422 a
406 3373 878 3441 sollicitudinibus,
910 3395 1030 3446 quae
1069 3382 1166 3433 im-

133 3448 303 3513 portant
350 3457 565 3494 avaram
612 3447 1029 3512 acquisitionem
1047 3491 1067 3514 ,
1114 3461 1166 3504 et

134 3503 315 3575 mitiis,
345 3528 470 3580 quae
501 3525 693 3567 notant
722 3533 934 3570 avaram
962 3537 1169 3574 conser-

133 3579 379 3651 yationem,
402 3593 456 3636 et
481 3588 847 3655 voluptatibus
869 3592 1012 3656 vitae,
1044 3612 1166 3662 quae

133 3659 386 3712 mportant
430 3657 685 3709 lascivam
726 3659 1069 3728 fruitionem3
1114 3673 1194 3717 et-

126 3711 325 3774 fructum
351 3741 453 3777 non
483 3729 745 3794 referunt,
780 3732 910 3798 quia
930 3734 1045 3787 haec
1066 3736 1168 3787 tria

135 3799 277 3842 semen
329 3797 609 3862 spirituale
679 3800 996 3858 fructificare
1057 3824 1165 3858 non

136 3857 301 3926 sinunt,
321 3870 463 3922 sicut
477 3873 646 3939 spinae
666 3890 731 3925 ex
753 3877 1167 3932 condensatione

136 3941 283 3987 semen
310 3938 619 3994 immissum
662 3942 927 4000 suffocant
953 3959 1007 4003 et
1033 3951 1164 4003 oriri

1282 467 1392 502 non
1421 453 1758 519 permittunt.
1801 454 2015 506 Divitiae
2060 456 2262 523 quippe
2297 469 2349 509 et

1278 523 1511 574 honores
1534 523 1701 590 spinae
1726 536 1869 589 sunt,
1898 526 2025 592 quia
2062 527 2205 578 sicut
2245 529 2348 595 spi-

1280 612 1363 646 nae
1384 597 1499 647 suis
1522 598 1905 664 punctionibus
1927 616 2121 665 corpus
2150 602 2350 653 laniant

1277 676 1330 715 et
1367 678 1667 731 cruentant,
1698 685 1756 720 ac
1795 679 1954 736 turpe
1977 681 2030 721 et
2058 671 2262 723 foedum
2291 674 2348 724 in

1277 738 1449 787 oculis
1480 738 1767 790 hominum
1795 742 2057 806 reddunt3
2096 742 2174 793 sic
2200 759 2352 795 amor

1279 818 1330 859 et
1358 809 1584 860 ambitio
1614 811 1923 863 divitiarum
1967 823 2019 864 et
2058 815 2348 877 honorum,

1277 880 1664 946 cogitationum
1700 899 1921 934 suarum
1951 886 2350 952 punctionibuS,

1277 965 1337 1000 ac
1387 952 1532 1001 curis
1581 963 1634 1004 et
1690 954 2178 1018 sollicitudinibuS,
2231 975 2351 1025 quae

1277 1031 1407 1070 sunt
1431 1037 1552 1088 spes
1578 1024 1912 1090 acquirendi,
1947 1042 2005 1076 ac
2041 1028 2206 1078 timor
2243 1045 2353 1094 per-

1278 1094 1477 1155 dendi,
1527 1105 1580 1145 et
1625 1097 1930 1148 sollicitudo
1976 1102 2349 1162 conservandi,

1277 1165 1515 1216 animam
1544 1168 1807 1232 lacerant;
1848 1181 1901 1220 et
1929 1186 2055 1221 cum
2082 1188 2257 1238 usque
2285 1175 2352 1224 ad

1277 1247 1551 1304 peccatum
1579 1241 1914 1305 pertrahunt,
1956 1243 2110 1309 quasi
2147 1244 2352 1295 inflicto

1276 1307 1499 1359 vulnere
1553 1320 1858 1371 cruentant,
1903 1327 1961 1362 ac
2003 1314 2257 1364 miseram
2301 1327 2353 1366 et

1278 1381 1544 1432 infelicem
1577 1398 1759 1434 coram
1801 1385 1970 1435 oculis
2006 1386 2101 1436 Dei
2132 1387 2350 1439 faciunt.

1277 1455 1347 1504 Et
1399 1464 1580 1507 tamen
1627 1458 1729 1508 sub
1788 1456 1877 1508 his
1934 1458 2181 1511 sentibus
2238 1478 2353 1512 esse

1276 1530 1497 1582 delicias
1535 1532 1691 1583 multi
1733 1542 2008 1598 reputant,
2043 1544 2094 1584 et
2140 1537 2353 1601 quando

1275 1601 1342 1650 de
1377 1600 1756 1666 spiritualibus
1801 1604 2031 1670 cogitare
2069 1605 2350 1671 incipiunt,

1277 1673 1457 1723 statim
1502 1690 1560 1725 se
1602 1676 1992 1742 temporalibus
2021 1677 2346 1739 immiscent,

1275 1757 1335 1792 ac
1358 1743 1604 1795 suffocati
1634 1756 1685 1795 et
1717 1746 1945 1796 emolliti
1978 1747 2214 1814 rigorem
2238 1749 2353 1799 vir—

1276 1823 1457 1865 tutum
1499 1814 1769 1867 amittunt.
1803 1817 1953 1868 Sicut
1980 1819 2098 1869 ovis
2125 1836 2352 1870 conver·—

1279 1900 1407 1936 sans
1454 1885 1595 1938 inter
1636 1887 1849 1954 spinas,
1892 1906 2104 1957 semper
2159 1892 2236 1942 ibi
2287 1893 2353 1943 de

1274 1958 1398 2008 lana
1431 1958 1691 2023 dimittit;
1724 1960 1802 2010 sic
1826 1977 2018 2012 vacans
2042 1962 2184 2013 curis
2209 1975 2351 2015 tem—

1275 2031 1550 2096 poralibus
1598 2042 1654 2083 et
1705 2035 1942 2095 mund0‚
1990 2038 2160 2087 multa
2212 2038 2352 2087 bona

1273 2101 1571 2166 spiritualia
1612 2103 1831 2155 amittit.
1872 2106 2039 2166 ,Unde
2069 2108 2351 2175 Chryses-

1275 2179 1447 2225 tomus
1475 2189 1492 2225 .·
1522 2191 1550 2222 ι(
1580 2173 2049 2235 Quemadmodum
2077 2177 2233 2243 spina
2255 2194 2351 2228 un-

1274 2245 1556 2311 decunque
1599 2246 1931 2309 detineatur,
1976 2249 2171 2314 pungit
2223 2265 2347 2300 eum

1280 2314 1374 2380 qui
1407 2315 1640 2379 detinet;
1674 2316 1748 2367 ita
1790 2327 1843 2367 et
1883 2319 2141 2369 secularia
2181 2321 2351 2370 unde·
2427 2353 2430 2356 >

1271 2402 1481 2453 cunque
1498 2387 1857 2450 detineantur,
1886 2391 2204 2441 contristant
2223 2407 2348 2442 eum

1270 2460 1365 2526 qui
1397 2460 1719 2527 constringit
1758 2477 1818 2513 ea
1844 2473 1897 2512 et
1937 2463 2096 2513 fovet.
2133 2466 2204 2513 At
2240 2480 2348 2514 non

1272 2530 1574 2595 spiritualia
1603 2532 1758 2595 talia;
1790 2533 1883 2583 sed
1916 2533 2216 2599 margaritae
2245 2533 2349 2584 ali-

1269 2600 1355 2650 cui
1384 2600 1755 2652 assimilantur
1773 2640 1786 2663 ,
1836 2619 1959 2670 quae
1987 2604 2348 2670 undecunque

1269 2671 1709 2726 circumvolveris
1749 2675 2012 2725 delectant
2055 2677 2242 2725 oculos
2273 2693 2286 2726 z
2319 2696 2345 2721 n

1270 2741 1389 2792 haec
1416 2742 1855 2809 ChrysostomuS.
1883 2745 2002 2802 Vel,
2027 2744 2230 2796 divitiae
2262 2745 2346 2795 di-

1271 2823 1473 2863 cuntur
1496 2814 1683 2879 spinae,
1697 2816 1825 2881 quia
1844 2828 2096 2883 pungunt
2108 2818 2348 2868 animam

1274 2886 1333 2936 in
1362 2889 1588 2949 mund0,
1625 2889 1683 2939 in
1709 2889 1909 2954 judicio
1943 2901 1996 2940 et
2025 2890 2082 2940 in
2116 2891 2347 2942 inferno.

1271 2961 1332 3011 In
1364 2962 1572 3012 mundo
1613 2963 1808 3029 triplex
1854 2975 1934 3014 est
1980 2980 2164 3014 earum
2210 2981 2348 3030 pun-

1270 3043 1437 3093 ctura,
1469 3033 1671 3085 scilicet
1704 3053 1718 3086 ε
1754 3035 1973 3098 laboriS,
2023 3037 2080 3086 in
2125 3036 2349 3103 acquisi-

1271 3102 1450 3166 tione;
1499 3103 1730 3169 timoris,
1781 3106 1840 3156 in
1874 3108 2245 3173 possessione3
2294 3118 2346 3157 et

1271 3173 1502 3234 doloriS,
1555 3174 1614 3224 in
1665 3175 1974 3227 amissione.
2032 3179 2091 3228 In
2147 3175 2346 3243 judicio

1273 3243 1437 3293 etiam
1462 3255 1706 3311 pungent
1730 3257 1987 3307 mentem,
2008 3248 2224 3313 quando
2245 3247 2346 3296 Do-

1273 3316 1459 3366 minus
1482 3317 1622 3369 dicet
1644 3319 1816 3370 avaris
1846 3337 1859 3369 z
1891 3321 2138 3382 Esar-ivi,
2167 3325 2219 3370 et
2241 3335 2343 3370 non

1272 3387 1498 3439 dedistis
1520 3390 1652 3441 mihi
1677 3392 2032 3456 manducare,-
2075 3392 2246 3455 sitivi,
2293 3397 2345 3443 et

1271 3477 1374 3512 non
1404 3461 1629 3513 dedistis
1656 3465 1786 3516 mihi
1830 3466 2034 3528 bibere,
2075 3475 2176 3516 etc.
2224 3464 2343 3515 lstae

1273 3541 1552 3596 puncturae
1585 3544 1741 3585 erunt
1782 3534 1856 3586 ita
1902 3551 2168 3600 poenosae,
2197 3534 2342 3600 quod

1272 3602 1374 3668 ipsi
1420 3602 1560 3653 avari
1602 3605 1755 3671 quasi
1801 3606 2023 3671 cupiant
2060 3622 2167 3655 non
2208 3619 2341 3663 esse,

1270 3671 1401 3738 quia
1426 3672 1604 3725 dicent
1631 3676 1892 3726 montibus
1913 3694 1930 3726 .-
1964 3675 2155 3725 Cadite
2181 3687 2345 3739 super

1271 3758 1402 3806 nos;
1432 3749 1485 3794 et
1513 3745 1737 3796 collibus
1766 3764 1784 3797 .·
1822 3746 2103 3813 Cooperite
2134 3758 2249 3794 nos.
2281 3743 2337 3793 In

1271 3813 1486 3866 inferno
1516 3815 1679 3867 etiam
1727 3817 1842 3868 istae
1893 3818 2060 3884 spinae
2105 3827 2344 3883 pungent

1270 3884 1509 3936 animam
1539 3897 1796 3953 perpetuo
1831 3887 2085 3946 cruciatu,
2123 3887 2251 3953 quia
2276 3902 2343 3938 ex

1272 3955 1350 4006 eis
1374 3967 1589 4024 paratur
1622 3957 1765 4025 ignis
1790 3975 1899 4029 quo
1928 3958 2190 4028 peccatrix
2216 3957 2340 4013 ani-
