2757 4413
371 294 464 346 DE
496 294 830 347 MISSIONE
857 294 1395 349 APOSTOLORUM
1428 296 1525 348 AD
1554 296 2103 348 PRAEDICANDUM.

2252 296 2360 364 463

1120 519 1391 571 ORATIO

206 687 427 738 Domine
455 689 581 740 Jesu
611 689 843 751 Christe,
874 691 1056 741 lumen
1087 688 1342 741 claritatis
1370 701 1601 751 aeternae,
1632 691 1881 745 illumina
1908 695 2094 745 oculos
2119 709 2269 745 meos
2295 694 2376 744 in-

146 758 373 819 teriores,
405 776 477 810 ne
504 776 751 826 unquam
793 760 1131 811 obdormiam
1161 760 1219 811 in
1254 772 1429 812 morte
1467 762 1679 823 animae,
1708 775 1771 815 ut
1810 781 1904 834 per
1949 777 2096 817 tuam
2149 764 2372 830 gratiam

146 832 498 903 illuminatus,
527 834 710 885 omnia
750 849 873 901 quae
908 833 1112 899 agenda
1148 845 1275 885 sunt
1317 835 1548 896 videam,
1580 846 1632 888 et
1669 854 1762 903 per
1795 841 2040 891 eamdem
2068 839 2281 904 adjutus
2308 838 2374 888 ad

147 893 476 969 implendum
514 920 635 970 quae
670 904 855 956 videro
900 905 1294 969 convalescam3
1335 921 1397 957 ac
1442 906 1569 958 inde
1605 918 1697 959 tua
1725 910 1981 962 beneficia
2021 924 2280 969 enarrem,
2310 909 2377 959 ad

148 975 218 1026 tui
245 974 476 1041 gloriam
505 985 561 1024 et
584 973 814 1025 aliorum
848 975 1152 1029 utilitatem.
1182 976 1345 1043 Aperi
1373 976 1535 1028 etiam
1570 979 1801 1032 Domine
1830 997 1890 1032 os
1929 996 2113 1032 meum
2141 990 2376 1040 mutum,

150 1056 345 1112 peccata
385 1060 509 1095 mea
551 1060 645 1111 per
675 1044 1005 1096 infusionem
1042 1046 1223 1112 gratiae
1264 1049 1568 1109 relaxand0‚
1596 1059 1648 1100 et
1692 1049 1928 1133 linguam
1971 1067 2147 1101 meam
2183 1050 2249 1100 ad
2287 1059 2379 1100 tua

149 1116 407 1181 praeconia
448 1118 728 1177 solvendo,
766 1127 827 1167 ut
868 1117 1124 1183 loquendi
1167 1119 1335 1183 gratia
1384 1130 1632 1186 percepta
1669 1137 1757 1173 me
1794 1122 1973 1189 ipsum
2016 1137 2290 1182 accusem,
2327 1131 2380 1171 te

150 1191 310 1242 Deum
338 1192 579 1251 laudem,
608 1189 916 1257 proximum
939 1188 1216 1250 aedificem‚
1248 1199 1301 1241 et
1327 1190 1609 1256 praedicem
1637 1192 1931 1246 veritatem.
1967 1197 2160 1246 Amen.

1004 1571 1338 1642 CAPUT
1387 1573 1484 1641 LI

394 1768 514 1836 De
559 1766 887 1835 missione
930 1767 1439 1859 Apostolorum
1476 1769 1571 1838 ad
1615 1769 2147 1861 praedicandum

731 1905 882 1952 cum
898 1893 1251 1975 potestate
1286 1886 1759 1956 curationum.

268 2103 566 2168 Matthaei
594 2123 731 2187 cap.
766 2126 804 2187 9
833 2118 893 2169 et
932 2126 1031 2177 10,
1066 2106 1268 2170 Marci
1297 2127 1433 2191 cap.
1472 2110 1510 2172 6
1540 2122 1599 2172 et
1631 2110 1820 2173 Lucae
1847 2129 1983 2193 cap.
2012 2131 2050 2192 9
2081 2119 2139 2170 et
2178 2127 2273 2169 10.

218 2361 238 2397 1
276 2347 527 2397 Vns-rto
567 2361 751 2397 cat-,ms
782 2361 877 2397 asr
915 2362 1055 2397 ωερε
1090 2363 1226 2398 cm.-

151 2434 215 2469 »A
260 2432 565 2480 rusa-onim.
602 2445 663 2455 —
710 2416 890 2468 Posita
928 2419 1227 2484 evangelica

149 2491 490 2558 legislatione
556 2504 651 2555 per
703 2489 905 2541 Christi
970 2491 1227 2556 praedica-

148 2563 382 2622 tionem,
430 2570 481 2611 et
535 2560 799 2626 descripta
853 2561 1090 2625 ejusdem
1134 2562 1230 2613 Le-

152 2633 238 2700 gis
265 2630 678 2683 confirmatione
717 2646 808 2697 per
847 2632 1227 2683 miraculorum

135 2703 549 2771 operationem,
567 2717 713 2752 nunc
734 2713 1118 2769 consequenter
1142 2720 1232 2770 po-

155 2778 310 2829 nitur
359 2774 621 2841 praedictae
674 2775 830 2841 Legis
870 2777 1230 2842 promulgatio

155 2865 255 2917 per
301 2847 699 2913 discipulorum
740 2847 1077 2901 missionem.
1125 2851 1229 2902 Ubi

158 2921 591 2987 Chrysostomus
651 2935 670 2969 .·
714 2937 742 2965 α
782 2920 1010 2970 Attende
1054 2932 1231 2973 autem

155 2990 623 3059 opportunitatem
696 2990 997 3042 missionis.
1072 2992 1234 3044 Post-

156 3081 337 3133 quam
363 3080 486 3115 eum
515 3064 767 3115 viderunt
793 3074 1039 3116 mortuos
1064 3067 1236 3118 susci-

156 3146 371 3187 tantem
389 3173 403 3194 ,
444 3149 590 3185 mare
639 3133 1021 3201 increpantem,
1057 3146 1110 3187 et
1142 3153 1234 3189 ce·-

157 3221 280 3261 tera
369 3207 679 3273 hujusmodi
702 3247 716 3269 ,
782 3218 834 3260 et
914 3209 1237 3262 sufficienter

158 3279 388 3332 virtutis
418 3280 532 3345 ejus
571 3280 1079 3333 demonstrationem
1109 3298 1236 3335 sus-

159 3362 429 3418 ceperunt
463 3366 555 3416 per
593 3350 754 3401 verba
796 3361 848 3402 et
886 3368 1062 3418 opera,
1104 3363 1234 3404 tunc

163 3439 262 3475 eos
325 3421 539 3473 emittit.
586 3441 614 3468 n
667 3421 822 3473 Unde
867 3433 920 3474 et
973 3424 1172 3475 Glossa
1218 3442 1236 3477 .-

166 3515 197 3544 αι
240 3495 370 3545 Non
414 3494 480 3544 ab
535 3492 693 3544 initio
749 3492 899 3545 misit
944 3495 1095 3557 illos,
1144 3497 1238 3548 sed

168 3575 465 3633 postquam
503 3564 750 3615 viderunt
783 3565 1099 3632 paralyticos
1140 3582 1240 3618 cu-

169 3647 320 3687 ratos
352 3645 404 3687 et
441 3644 688 3686 mortuos
718 3635 1017 3690 suscitatos.
1043 3656 1072 3685 »
1102 3638 1243 3698 Quia

172 3722 303 3773 ergo
327 3706 484 3757 multi
503 3707 686 3757 Jesum
717 3706 1098 3772 sequebantur,
1124 3719 1240 3759 tum

175 3788 395 3845 propter
432 3776 863 3844 praedicationem
901 3780 1241 3843 audiendam,

172 3861 294 3899 tum
337 3859 552 3915 propter
593 3847 969 3901 infirmitatum
1010 3852 1244 3906 curatio-

183 3937 313 3973 nem
363 3920 698 3985 habendam3
747 3920 900 3974 Jesus
944 3935 1123 3980 autem
1174 3925 1248 3977 ita

1333 2364 1536 2415 pauper
1561 2359 1690 2410 erat,
1725 2349 1871 2415 quod
1907 2364 2003 2399 nec
2038 2347 2396 2406 domicilium,

1333 2419 1428 2469 ubi
1458 2430 1614 2486 caput
1654 2420 1945 2479 reclinaret,
1977 2419 2231 2481 habebat3
2278 2417 2398 2468 ideo

1333 2490 1505 2540 turbae
1529 2499 1811 2553 sequentes
1834 2490 2008 2553 illum,
2029 2488 2251 2554 fatigati,
2273 2487 2399 2538 fessi

1335 2573 1389 2614 et
1410 2562 1581 2613 vexati
1611 2562 1714 2613 sub
1744 2563 1854 2623 dio,
1877 2578 2036 2629 super
2052 2572 2249 2613 terram
2274 2561 2403 2626 jace·

1338 2633 1485 2684 bant.
1518 2633 1738 2698 Propter
1781 2634 1927 2700 quod
1959 2633 2160 2695 videnS,
2204 2631 2402 2682 intuitu

1337 2705 1651 2765 clementiae,
1696 2707 1883 2757 turbas
1919 2706 1984 2756 ad
2022 2721 2077 2756 se
2113 2718 2403 2770 congrega-

1336 2787 1437 2837 taS,
1460 2777 1663 2828 viscera
1692 2777 2072 2828 misericordiae
2096 2774 2405 2842 expandens

1337 2851 1476 2901 circa
1513 2851 1673 2918 ipsas,
1702 2853 1954 2903 misertus
1995 2861 2047 2902 et
2093 2862 2406 2915 compassus

1339 2928 1421 2973 est
1457 2922 1536 2973 eis
1576 2940 1595 2975 .-
1636 2924 1764 2990 quia
1809 2928 1964 2974 erant
2003 2921 2193 2974 vexati
2226 2919 2409 2969 labore

1341 2995 1602 3061 corporali
1641 3004 1694 3046 et
1731 2995 1890 3046 etiam
1931 2993 2219 3061 spirituali,
2252 2990 2408 3042 scili-

1340 3076 1426 3117 cet
1457 3081 1742 3133 corporum
1772 3075 1825 3118 et
1852 3074 2207 3133 peccatorum,
2228 3073 2280 3114 et
2307 3062 2409 3112 ab-

1338 3138 1475 3203 iecte
1518 3138 1767 3203 jacentes,
1801 3137 1940 3189 sicut
1974 3151 2101 3188 oves
2139 3144 2407 3202 pastorem

1341 3207 1436 3274 qui
1470 3222 1564 3258 eos
1598 3208 1869 3275 dirigeret,
1900 3224 2008 3258 non
2044 3207 2319 3258 habentes.
2349 3203 2410 3254 In

1344 3294 1457 3362 quo
1483 3277 1763 3344 pontifices
1783 3278 2093 3330 Judaeorum
2118 3273 2408 3341 redarguit,

1343 3350 1440 3417 qui
1461 3351 1635 3417 magis
1653 3352 1786 3417 lupi,
1802 3366 1965 3418 quam
1986 3359 2223 3417 pastores
2246 3355 2412 3397 erant.

1344 3423 1501 3475 Unde
1520 3423 1930 3489 Hieronymus.-
1956 3441 1982 3469 α
1998 3420 2218 3472 Vexatio
2238 3416 2415 3484 gregis

1348 3504 1403 3545 et
1424 3493 1631 3555 ovium,
1661 3504 1819 3561 atque
1838 3493 2118 3544 turbarum
2140 3501 2413 3557 pastorum

1349 3564 1508 3630 culpa
1530 3574 1583 3615 et
1615 3564 1811 3615 vitium
1842 3563 2225 3630 magistrorum
2249 3565 2348 3607 est.
2385 3573 2415 3602 n

1348 3639 1661 3690 Sacerdotes
1702 3639 1846 3690 enim
1891 3647 1943 3688 et
1979 3636 2221 3686 doctores
2268 3629 2418 3680 illius

1349 3709 1628 3775 temporis,
1658 3709 1853 3761 intenti
1890 3705 2140 3769 avaritiae,
2179 3718 2290 3752 non
2317 3714 2420 3751 va-

1351 3782 1543 3833 cabant
1574 3782 1756 3834 debito
1788 3782 1952 3832 modo
1990 3793 2178 3830 eorum
2212 3771 2420 3824 doctri-

1352 3867 1452 3913 nae,
1500 3852 1592 3903 sed
1642 3861 1792 3904 erant
1833 3852 1972 3903 sicut
2022 3847 2135 3914 lupi
2183 3857 2420 3912 rapaces,

1353 3924 1643 3992 spoliantes
1672 3926 1934 3993 populum
1956 3921 2117 3974 bonis
2150 3930 2423 3985 tempora·
