2757 4413
347 259 465 325 ‚560

354 375 582 426 Domine
607 382 719 425 nom
747 380 829 425 est
866 374 965 425 tibi
997 389 1158 438 ειη-αι,
1184 384 1281 425 etc.
1311 374 1416 423 Ista

356 444 565 495 Martha
600 458 722 509 quae
749 444 1095 510 conqueritur
1129 445 1195 494 de
1235 459 1422 494 sorore

356 529 471 574 sua,
508 523 587 565 est
618 515 754 565 ratio
782 515 1025 576 inferior,
1057 515 1347 566 attendens·
1365 526 1417 564 et

355 585 541 636 videns
592 585 794 635 Filium
857 601 1019 637 suum
1070 587 1136 636 ad
1187 595 1418 635 mortem

354 659 739 726 comprehendi
766 660 907 710 inter
935 661 1050 711 haec
1080 661 1315 712 sollicita
1331 676 1422 710 na·

355 731 514 781 turali
538 731 925 796 compassione,
951 733 1103 798 quasi
1129 732 1426 797 satagebat

355 816 489 852 eum
528 802 786 865 liberare3
832 804 924 855 sed
963 805 1130 854 Maria
1167 813 1259 854 est
1281 803 1417 853 ratio

355 872 617 938 superior,
642 874 1002 938 contemplans
1036 874 1281 925 divinam
1314 889 1426 924 vo·-

355 943 639 1002 luntatem,
685 952 737 992 et
782 945 1061 994 attendens
1110 954 1284 995 totum
1333 942 1417 992 fa:-

356 1020 502 1062 cmm
527 1027 642 1061 esse
663 1027 728 1061 ex
748 1012 844 1062 Dei
869 1014 1223 1076 ordinatione,
1244 1011 1417 1078 quasi,

357 1083 546 1134 sedens
569 1097 722 1134 secus
734 1085 902 1149 pedes
925 1085 1057 1151 ejus,
1084 1085 1341 1135 audiebat,
1358 1098 1422 1133 ea

356 1167 479 1218 quae
492 1152 664 1202 Filius
707 1169 838 1204 suus
863 1155 1175 1219 praedixerat
1220 1155 1293 1203 de.
1323 1168 1426 1203 sua

360 1222 629 1286 Passione,
664 1232 715 1273 et
766 1224 1111 1275 conformans
1137 1240 1194 1275 se
1221 1223 1419 1274 divinae

353 1293 617 1344 voluntati
648 1295 1010 1347 consentiebat
1033 1295 1178 1362 quod
1211 1294 1289 1344 sic
1316 1293 1420 1344 fie-

356 1374 436 1415 ret
469 1383 483 1415 :
528 1365 601 1415 ita
647 1368 792 1432 quod
840 1367 992 1433 quasi
1035 1365 1421 1418 ratioinfierior

354 1434 519 1485 beatae
574 1436 817 1502 Virginis
870 1437 1299 1502 conquerebatur
1351 1436 1419 1486 de

354 1505 637 1572 superiori.
679 1507 784 1557 Sed
825 1507 957 1573 quid
991 1508 1277 1573 respondet
1302 1508 1422 1558 Do*-

355 1575 557 1636 minuS,
604 1577 886 1627 audiamus
922 1595 936 1628 ι
987 1577 1237 1641 Martha,
1266 1577 1420 1627 Mar·

354 1649 475 1712 tha,
499 1649 737 1699 sollicita
775 1664 851 1714 es,
895 1657 953 1702 et
993 1651 1228 1702 turbaris
1281 1665 1419 1716 erga

345 1721 605 1787 plurima,
639 1723 767 1788 quia
809 1724 963 1775 beata
986 1725 1154 1790 Virgo
1192 1723 1430 1774 sollicita,

354 1794 476 1855 fuit,
509 1796 755 1861 quando„
788 1798 1009 1864 Herode-
1049 1807 1417 1863 persequente,

355 1865 417 1916 in
461 1866 757 1931 AEgyptum
785 1867 940 1934 fugit,
988 1877 1040 1919 et
1069 1871 1284 1935 quando
1321 1870 1419 1920 Ju—

355 1935 499 1986 daeos
555 1936 754 1987 Filium
812 1954 980 1989 suum,
1040 1949 1419 2005 persequentes

356 2009 640 2073 cognovit3
663 2025 835 2077 porro
878 2027 1036 2062 unum
1076 2019 1157 2065 est
1183 2026 1420 2063 neeessa-

355 2079 513 2141 rium,
544 2109 604 2117 —
635 2089 691 2130 ut
722 2081 939 2134 scilicet.
970 2098 1115 2133 unus
1154 2084 1418 2135 moriatur

346 2166 453 2217 pro
508 2152 711 2219 populo
728 2191 746 2215 ,
815 2161 875 2205 et.
937 2169 1040 2205 non
1105 2161 1215 2206 tota
1280 2169 1417 2222 gens

349 2229 554 2287 pereat.
586 2223 659 2274 Et
683 2224 902 2289 Maria,
927 2225 1290 2277 scilicetratio
1319 2242 1417 2277 su-

354 2294 533 2359 perior
563 2334 576 2356 ,
625 2296 876 2361 optimam
934 2301 1149 2364 partem
1208 2298 1375 2364 elegit
1397 2337 1414 2361 ,

351 2367 550 2418 scilicet
592 2368 650 2417 in
686 2370 945 2420 omnibus
984 2370 1287 2421 consentire
1326 2370 1422 2421 di·-

351 2438 495 2489 vinae
540 2440 803 2493 voluntati
828 2456 855 2504 3,
890 2451 945 2491 et
975 2441 1096 2492 ideo
1136 2456 1238 2492 non
1268 2441 1420 2499 ause-

352 2516 504 2558 retur
556 2510 624 2559 ab
672 2524 761 2574 ea,
804 2512 933 2577 quia
991 2527 1007 2560 ι
1059 2511 1138 2561 sic
1183 2511 1419 2577 oportuit

356 2579 627 2630 Christum
675 2582 815 2647 pati,
856 2588 908 2632 et
962 2582 1041 2631 ita
1103 2581 1310 2632 intrare
1362 2583 1415 2632 in

354 2650 593 2715 gloriam
649 2667 819 2703 suam.
872 2652 1028 2702 Unde
1068 2652 1351 2703 Anselmus
1399 2671 1416 2703 .·

357 2739 385 2767 «
414 2722 530 2771 Hoc
553 2724 827 2773 castellum
854 2722 1005 2788 quod
1026 2721 1238 2773 intravit
1263 2724 1419 2773 lesus

354 2792 695 2859 singulariter
723 2796 1092 2847 intemeratam
1117 2794 1416 2860 Virginem,

354 2866 592 2929 ejusdem
637 2869 767 2917 ,lesu
809 2867 1129 2933 genitricem
1172 2868 1415 2930 Mariam,

353 2951 452 3001 per
500 2938 923 2990 similitudinem
963 2938 1274 3005 accipimus,
1311 2941 1419 2993 Ca·-

351 3009 569 3059 stellum
601 3010 748 3060 entim
775 3009 973 3061 dicitur.
1011 3011 1269 3076 quaelibet
1304 3020 1418 3063 tur-

349 3079 428 3132 ris
455 3090 509 3130 et
534 3097 723 3131 murus
764 3081 821 3131 in
859 3080 1085 3132 circuitu
1117 3082 1256 3147 ejuS,
1293 3099 1417 3151 quae

352 3151 461 3201 duo
491 3168 603 3202 sese
643 3153 871 3204 invicem
900 3153 1217 3215 defendunt,
1248 3154 1321 3206 ita
1356 3166 1419 3208 ut

350 3220 536 3277 hostes
576 3239 669 3289 per
720 3238 947 3274 murum
985 3226 1065 3275 ab
1095 3241 1239 3286 arce,
1291 3236 1343 3278 et
1387 3243 1418 3278 a

352 3308 510 3344 muro
546 3310 638 3359 per
676 3311 850 3345 arcem
885 3306 1180 3347 arceantur.
1209 3299 1418 3363 Hujus-

239 3348 244 3354 ’
302 3413 307 3418 ,
353 3362 506 3413 modi
531 3365 742 3415 castello
780 3381 890 3415 non
930 3365 1223 3450 incongrue
1250 3368 1418 3433 Virgo

353 3434 519 3485 Maria
566 3436 889 3487 assimilatur
929 3454 1095 3503 quam
1136 3439 1419 3506 virginitas

353 3505 553 3555 mentis
580 3517 632 3556 et
659 3509 916 3573 corporis»,
946 3510 1111 3575 quasi
1127 3526 1321 3561 murus
1345 3510 1420 3561 ita

351 3577 595 3643 undique
633 3580 862 3643 vallavit,
901 3590 962 3630 ut
1000 3581 1135 3630 nulli
1176 3598 1418 3648 unquam

348 3645 570 3699 libidini
603 3660 740 3700 esset
778 3652 844 3701 ad
887 3667 1004 3701 eam
1033 3667 1289 3712 accessuri,
1320 3669 1420 3706 nec

353 3732 544 3768 sensus
572 3720 684 3785 ejus
713 3721 892 3787 aliqua
921 3722 1277 3788 corriperetur
1301 3724 1432 3773 ille-

351 3787 524 3838 cebra.
555 3790 622 3869 ‚Et
657 3790 785 3856 quia
807 3790 1169 3857 virginitatem
1198 3808 1322 3842 cum
1349 3793 1423 3844 li-

353 3854 484 3907 bido
518 3857 729 3912 vincere
769 3876 882 3913 non.
924 3860 1112 3928 possit,
1142 3862 1276 3915 solet
1310 3862 1421 3916 im·-

1005 259 1243 310 PRIMAE
1277 257 1528 309 PARTIS
1556 257 1796 338 caPm'
1823 261 1966 312 m..

1483 389 1766 440 2pugnare
1810 376 2092 440 superbia,
2152 387 2233 427 est
2288 377 2345 427 in
2400 380 2602 431 eadem

1519 443 1827 509 virginitate
1867 446 2033 497 tamis
2076 447 2419 509 hmnilitatis,
2466 466 2600 500 orn-

1524 530 1650 564 nem
1695 517 1962 581 repeliens
2026 517 2354 583 superbiam.
2406 519 2608 586 Itaque

1521 584 1636 635 haec
1658 586 1784 646 duc,
1816 602 2005 637 murus
2023 587 2275 639 videlicet
2307 589 2606 654 virginita-

1520 655 1591 705 tis
1650 666 1702 705 et
1749 656 1916 706 turris
1945 656 2267 709 humilitatis
2307 659 2375 708 ab
2425 660 2604 711 alter*

1521 736 1643 777 utro
1691 727 2052 789 muniuntur„
2090 739 2158 780 ut
2196 746 2482 797 nunquam
2534 733 2598 783 in

1522 798 1721 849 humili
1758 800 1980 866 Virgine
2016 801 2180 852 fuerit
2216 819 2313 853 nec
2360 807 2628 875 superba.-

1518 870 1820 935 virginitas,
1846 887 1943 923 nec
1971 872 2256 939 inquinm
2277 874 2604 939 humilitas;

1523 943 1616 993 sed
1645 959 1860 1008 semper
1902 945 1961 994 in
2007 946 2195 996 eadem
2237 951 2604 1011 permanserit

1484 1018 1488 1037 ⁵
1521 1022 1582 1062 et
1615 1013 1844 1064 humilis
1882 1015 2183 1081 virginitas,
2214 1026 2267 1066 et
2309 1017 2612 1084 virginalis

1522 1082 1830 1134 humilitas..
1848 1084 1982 1135 Duae
2006 1085 2121 1135 istae
2144 1086 2420 1138 Bethania:
2448 1104 2616 1139 soro-

1521 1166 1625 1213 res,
1668 1152 1809 1203 sicut
1843 1155 2012 1205 sancti
2052 1155 2234 1206 Patres
2278 1156 2614 1220 plenissime

1522 1233 1904 1287 exposuerunt,
1938 1224 2115 1275 duas·
2103 1240 2166 1275 ιιι
2192 1235 2373 1277 sancta
2398 1227 2602 1279 Eccle-

1522 1292 1604 1345 sia
1628 1294 1765 1345 vitas
1798 1296 2140 1362 designant:
2182 1297 2407 1359 Martha,
2437 1300 2608 1350 scili-

1522 1373 1605 1415 cet
1630 1365 1884 1430 activam3
1908 1367 2075 1417 Maria
2102 1382 2227 1417 vero
2255 1370 2605 1435 contempla-

1521 1434 1706 1491 tivam.
1753 1437 1859 1488 Ista
1913 1439 2117 1489 laborat
2174 1440 2235 1488 ad
2286 1440 2606 1492 exhibenda

1522 1507 1782 1575 indigenti
1809 1511 1993 1562 omnia
2012 1511 2360 1562 humanitatis
2384 1512 2602 1577 officia;

1523 1579 1614 1630 illa
1658 1590 1807 1632 vacat
1842 1589 1896 1632 et
1933 1581 2080 1632 videt
2113 1583 2380 1647 quoniam
2402 1585 2614 1636 suavis

1522 1655 1603 1699 est
1647 1651 1928 1703 Dominus.
1982 1652 2087 1702 Ista
2142 1651 2284 1703 circa.
2331 1653 2616 1705 exteriora.

1521 1731 1850 1788 occupatur;
1851 1723 1999 1774 ‘’illa
1987 1723 2243 1775 interiora
2267 1727 2598 1791 contempla·

1521 1801 1626 1843 tur.
1667 1793 1828 1844 Sicut
1857 1803 2040 1847 mitem
2087 1795 2260 1845 Maria
2295 1795 2608 1864 singularis.

1523 1872 1603 1913 est
1658 1865 1827 1915 Mater
1872 1865 2120 1925 Domini,
2145 1865 2220 1915 ita
2266 1876 2320 1917 et
2369 1867 2612 1920 effectus

1523 1932 1750 1984 istarum
1781 1934 2034 1995 vitarum,
2064 1951 2297 2001 quarum
2325 1937 2441 1987 isne
2470 1938 2608 1991 duae

1521 2018 1734 2054 sorores
1762 2014 1953 2070 typum
1975 2015 2177 2066 tenent,
2216 2006 2274 2056 in
2306 2023 2367 2058 ea
2389 2010 2610 2061 exstitit

1521 2075 1838 2142 singularis..
1857 2079 2149 2144 Nunquam
2186 2079 2245 2129 in
2273 2080 2456 2146 aliqua
2481 2098 2614 2147 per-2

1520 2161 1667 2208 sona,
1699 2148 1809 2198 imo
1852 2148 1916 2198 in
1950 2149 2223 2211 omnibus,
2267 2151 2478 2203 Martha
2519 2153 2614 2205 sie

1522 2230 1602 2270 est
1639 2231 1878 2287 operata3
1911 2239 2194 2289 nunquam
2218 2224 2294 2275 sic
2317 2224 2448 2275 alias
2487 2229 2602 2278 Ma-

1521 2290 1600 2341 ria
1662 2293 2103 2376 contemplationi
2148 2305 2386 2358 vacavit,
2436 2313 2606 2347 nun-

1521 2379 1686 2429 quam
1728 2366 1805 2415 sic
1846 2365 1978 2416 alias
2023 2366 2136 2417 haec
2174 2368 2260 2417 vel
2304 2368 2398 2418 illa
2443 2372 2602 2435 quod

1521 2453 1681 2487 suum
1736 2448 1815 2489 est
1858 2438 2133 2492 exhibuit..
2165 2440 2406 2490 Alteram
2445 2442 2600 2492 Mar-

1521 2510 1672 2560 tham
1700 2512 2000 2563 etMariam
2028 2512 2172 2573 dicu,
2194 2527 2383 2563 eorum
2410 2514 2613 2580 signi—-

1521 2582 1794 2634 ficantiam
1817 2585 2082 2650 intelligo.

1590 2668 1654 2704 10
1686 2655 1857 2705 Asc-:rm
1905 2671 1964 2706 ιιι.
2010 2670 2179 2705 amn
2208 2655 2456 2715 Vmom,
2485 2672 2616 2714 Qum

1519 2738 1730 2775 ΡΛιι-ιῈει
1770 2726 2024 2776 Mna-rur
2061 2740 2332 2776 mrem-r.
2381 2754 2443 2764 —
2490 2728 2610 2778 Sed

1520 2794 1628 2858 jam
1659 2793 1948 2846 videamus*
1967 2794 2236 2846 actionem
2265 2795 2428 2860 huius
2453 2798 2615 2847 Mar-

1521 2864 1644 2923 thae,
1675 2864 1868 2915 deinde
1891 2864 2236 2930 conjiciamus
2265 2867 2604 2931 contenplffi

1519 2935 1727 2986 tionem
1764 2936 1930 3002 hujus
1964 2938 2175 3001 Mariae3
2208 2947 2261 2987 et
2287 2948 2349 2987 ut
2375 2938 2618 3003 plenius

1521 3006 1576 3056 id
1604 3006 1878 3069 faciamus,
1908 3008 2038 3074 quid
2066 3009 2157 3059 alii
2201 3024 2296 3075 per
2320 3008 2610 3059 Martham

1521 3089 1810 3145 operantur
1834 3118 1850 3138 ,
1916 3090 1969 3130 et
2033 3080 2165 3146 quid
2225 3081 2326 3130 ista
2377 3090 2610 3145 operata.

1521 3158 1601 3198 est
1623 3187 1637 3209 ,
1709 3148 2067 3200 conferamus.
2139 3149 2247 3200 Alii
2314 3148 2604 3215 hospitem

1522 3220 1820 3286 quemlibet
1888 3221 1944 3271 in
2016 3223 2179 3271 domo
2248 3238 2345 3272 sua
2410 3221 2612 3272 susci*

1522 3290 1706 3355 piunt3
1772 3290 1874 3341 ista
1927 3308 2044 3341 non
2092 3292 2423 3357 quemlibet,
2495 3293 2610 3342 sed

1522 3359 1800 3425 proprium
1833 3360 2035 3411 Filium
2063 3362 2180 3421 Dei,
2210 3362 2307 3426 qui
2343 3377 2448 3412 non
2483 3361 2618 3412 ha-

1523 3433 1611 3482 bet
1634 3432 1723 3482 ubi
1746 3440 1906 3498 caput
1931 3447 2092 3483 suum
2111 3433 2349 3495 reclinet,
2377 3450 2492 3483 non
2531 3434 2606 3486 in

1523 3506 1714 3565 domo»,
1756 3506 1849 3556 sed
1899 3506 1957 3556 in
1992 3517 2154 3557 utero.
2185 3506 2434 3573 suscepit.
2477 3507 2608 3557 Alii

1524 3576 1731 3626 nudum
1785 3576 2086 3641 quemlibet
2139 3586 2286 3626 veste
2341 3576 2612 3628 mutabili

1524 3655 1684 3712 atque
1709 3646 2048 3713 corruptibili
2078 3646 2353 3697 undelibet
2375 3661 2622 3711 compos--

1525 3718 1629 3769 sita
1686 3720 1956 3802 operiunt3
2016 3719 2120 3770 ista
2160 3719 2400 3769 Verbum
2451 3718 2555 3769 Dei
2581 3756 2602 3780 ,

1525 3792 1671 3857 quod
1709 3792 1765 3842 in
1804 3793 1994 3843 eadem
2022 3791 2252 3857 Virgine
2276 3805 2492 3841 carnem
2533 3790 2602 3842 in

1525 3864 1727 3919 unitate
1778 3871 2025 3932 person'ae
2079 3865 2400 3932 assumpsit,
2465 3878 2620 3931 φα
