2757 4413
283 289 391 355 452

284 405 455 456 citari.
489 404 590 454 Sed
629 404 838 453 Marcus
877 403 1025 466 dicit,
1058 401 1205 469 quod
1246 411 1358 453 erat

284 475 340 526 in
389 475 675 537 extremis;
721 483 902 523 tamen
940 483 1051 522 erat
1089 472 1250 523 morti
1282 473 1356 522 ita

280 546 603 614 propinqua,
645 547 791 612 quod
831 546 1175 611 reputabatur
1207 561 1355 595 mor-

280 628 400 678 tua,
453 619 599 668 unde
649 617 945 667 secundum
1006 631 1353 666 communem

280 689 505 738 modum
533 687 809 753 loquendi,
835 687 901 737 de
932 686 1026 735 illo
1057 686 1151 752 qui
1177 686 1254 736 sic
1273 697 1355 736 est

279 759 443 808 morti
475 758 832 824 propinqum,
868 757 1065 807 dicitur
1095 757 1240 822 quod
1271 767 1352 807 est

278 840 546 887 mortuuS,
573 829 701 894 quia
741 828 886 894 quod
947 827 1222 876 modicum
1261 827 1351 877 di-

278 908 418 948 stare
449 899 676 959 videtur,
707 897 861 963 quasi
893 897 1033 947 nihil
1055 907 1348 961 reputatur.

276 969 390 1019 Sed
418 969 552 1031 veni,
587 977 638 1018 et
685 983 777 1033 per
814 966 1237 1017 misericordiam
1264 983 1352 1034 ap-

272 1039 595 1105 propinqua,
629 1049 681 1088 et
707 1040 915 1104 impone
942 1053 1153 1088 manum
1183 1045 1344 1102 tuam,

273 1109 586 1176 adjutricem
628 1125 788 1176 super
816 1125 952 1168 eam,
984 1115 1035 1159 et
1070 1110 1224 1174 vivet,
1256 1126 1346 1160 sa-

275 1183 441 1234 nitate
487 1183 591 1234 sibi
629 1184 887 1234 restituta.
927 1184 1047 1233 Duo
1076 1184 1207 1249 petit
1231 1200 1355 1250 pro-—

271 1266 387 1324 pter
424 1257 662 1317 tertium,
707 1256 909 1307 scilicet
957 1265 1019 1307 ut
1066 1258 1261 1317 veniat,
1292 1268 1344 1308 et

269 1346 494 1381 manum
540 1330 784 1396 imponat
826 1340 878 1380 et
935 1330 1012 1380 sic
1059 1330 1168 1380 filia
1196 1331 1341 1381 revi-

267 1403 464 1464 viscat,
516 1403 770 1469 ignorans
839 1403 1043 1453 scilicet
1093 1404 1239 1469 quod
1288 1414 1340 1455 et

265 1475 460 1525 absens
500 1475 723 1524 liberare
766 1484 989 1539 poterat.
1035 1475 1125 1525 Sic
1152 1491 1338 1525 mora—

262 1544 401 1607 liter,
433 1562 557 1596 cum
597 1545 827 1611 quilibet
867 1561 975 1595 non
1007 1545 1199 1595 habeat
1229 1546 1334 1596 nisi

262 1616 476 1667 unicam
506 1617 760 1677 animam,
790 1617 963 1682 magis
997 1616 1155 1666 debet
1177 1633 1335 1666 cura-

261 1703 321 1737 re
349 1689 415 1737 de
442 1689 557 1753 ejus
604 1688 899 1749 sanatione,
952 1688 1083 1754 quia
1127 1688 1172 1738 si
1217 1704 1333 1738 eam

261 1759 477 1818 amittit,
506 1769 681 1809 toturn
713 1759 936 1814 amittit.
981 1759 1336 1826 spiritualiter

259 1842 438 1884 autem
456 1833 604 1883 venit
627 1834 788 1892 DeuS‚
817 1849 911 1897 per
939 1832 1165 1899 gratiam
1189 1849 1333 1899 prae-

258 1905 578 1967 venientem3
639 1921 860 1955 manum
913 1904 1180 1970 imponit,
1240 1923 1333 1972 per

257 1974 482 2041 gratiam
543 1977 1021 2040 concomitantem3
1083 1986 1135 2026 et
1202 1988 1333 2029 tunc

255 2046 438 2096 anima
463 2046 612 2107 vivit,
658 2063 751 2113 per
786 2048 1006 2112 gratiam
1037 2063 1331 2114 cooperan—

253 2125 382 2167 tem.
413 2118 491 2166 Et
520 2132 754 2183 surgens
785 2119 968 2181 JesuS,
1009 2121 1330 2184 sequebatur

253 2201 388 2252 eum,
442 2194 494 2239 et
537 2189 791 2255 discipuli
837 2189 969 2256 ejus,
1031 2190 1161 2252 im0‚
1182 2192 1329 2257 juxta

253 2261 514 2323 Marcum,
563 2262 716 2311 turba
762 2262 932 2311 multa
979 2276 1096 2312 cum
1139 2277 1219 2313 eo.
1267 2265 1326 2314 In

251 2331 355 2379 hoc
387 2332 543 2381 datur
583 2331 819 2381 subditis
856 2331 1031 2382 forma
1060 2334 1325 2385 obedien-

251 2400 325 2462 di,
368 2416 428 2450 ac
479 2402 698 2468 paribus
733 2412 922 2452 mutuo
971 2404 1322 2471 obsequendi,

249 2482 301 2521 et
352 2473 584 2538 praelatis
626 2473 834 2524 animas
882 2484 1123 2526 mortuas
1162 2478 1325 2527 susci-

246 2543 414 2593 tandi.
449 2544 603 2593 Unde
635 2545 922 2610 Remigius
949 2563 965 2596 :
999 2564 1027 2592 «
1053 2547 1189 2597 Mira
1219 2563 1322 2597 au-

246 2628 357 2667 tem
385 2617 581 2682 pariter
609 2627 768 2683 atque
799 2619 1062 2669 imitanda
1098 2621 1319 2670 Domini

245 2688 527 2738 humilitas
600 2699 651 2737 et
714 2690 1103 2740 mansuetudo!
1182 2692 1318 2742 Nam

246 2775 373 2809 mox
392 2767 451 2807 ut
479 2769 695 2823 rogatus
729 2769 827 2820 est,
854 2770 1127 2826 rogantem
1159 2764 1319 2828 coepit

245 2829 420 2896 sequi.
469 2830 609 2880 Hinc
654 2831 903 2881 subditos
969 2840 1024 2881 et
1068 2835 1320 2897 praelatos

244 2903 441 2969 pariter
483 2903 737 2952 instruxit
767 2919 781 2952 :
811 2904 1043 2953 subditis
1068 2942 1081 2965 ,
1133 2899 1316 2955 exem-

243 2979 396 3043 plum
448 2977 770 3027 obedientiae
800 2977 1040 3043 reliquit3
1083 2980 1316 3044 praelatis

240 3063 387 3108 γει-0,
434 3046 747 3108 instantiam
786 3058 836 3098 et
894 3047 1314 3101 sollicitudinem

241 3121 466 3170 docendi
520 3121 945 3182 demonstravit,
995 3132 1058 3171 ut
1100 3124 1315 3189 quoties

239 3192 514 3242 audierint
538 3192 773 3258 aliquem
799 3203 1075 3243 mortuum
1103 3194 1159 3243 in
1190 3197 1313 3246 ani-

239 3278 347 3326 ma,
377 3263 559 3313 statim
589 3264 772 3314 adesse
802 3264 1069 3315 studeant.
1102 3284 1130 3313 »
1163 3268 1314 3318 Unde

158 3334 164 3340 ’
236 3344 289 3386 et
338 3335 760 3403 Chrysostomus
795 3352 812 3385 .-
857 3354 880 3380 α
907 3336 1047 3385 Cum
1096 3347 1315 3402 rogatus

237 3418 377 3458 esset
403 3408 671 3457 Dominus
699 3423 730 3458 a
755 3407 917 3469 Jairo,
946 3418 1008 3459 ut
1034 3411 1100 3459 ad
1135 3412 1311 3461 susci-

232 3480 449 3531 tandam
500 3478 666 3530 filiam
698 3479 873 3545 ipsius
909 3479 1149 3542 veniret,
1198 3499 1335 3535 non

234 3561 502 3614 moratur3
533 3552 628 3600 sed
657 3550 843 3601 statim
876 3567 1124 3618 surgenS,
1151 3569 1309 3605 secu·-

231 3630 319 3671 tus
355 3631 434 3671 est
485 3636 629 3671 eum.
684 3621 805 3681 Quo
851 3624 1096 3688 exemplo
1129 3623 1310 3675 docuit

232 3707 334 3741 nos
384 3691 648 3758 impigros
703 3691 762 3742 in
808 3692 958 3744 omni
1005 3708 1166 3760 opere
1208 3695 1309 3747 Dei

233 3780 350 3816 csse
371 3766 578 3817 debere.
609 3786 633 3812 n

272 3861 324 3902 ,2
361 3845 580 3895 Mureti-:n
633 3861 1025 3899 uaeuoanuorca
1069 3864 1307 3900 ‘ramanus

228 3933 484 3970 rmum
514 3933 828 3972 vasrmssnn
879 3935 1002 3974 mus
1040 3936 1303 3975 sanativa.

905 287 1146 338 PRIMAE
1181 285 1431 337 PARTIS
1463 285 1697 336 CAPUT
1728 285 1912 337 XLIX.

1464 428 1526 438 —
1545 401 1613 452 Et
1642 401 1774 450 dum
1800 402 1955 452 Jesus
1983 413 2241 469 pergeret,
2266 418 2386 455 ecce
2413 421 2564 456 unu--

1465 472 1584 535 lier,
1622 472 2033 532 haemorrhoica,
2072 489 2103 524 a
2135 475 2326 524 morbo
2368 491 2541 540 quem

1461 543 1762 608 patiebatur
1786 543 1862 593 sic
1884 544 2041 607 dicta,
2063 546 2131 594 ab
2147 546 2307 595 annis
2330 546 2551 598 duode-

1460 613 1560 664 cim
1588 614 1877 680 sanguinis
1912 614 2136 680 fluxum
2168 630 2360 680 passa,
2407 633 2555 683 quoe

1459 684 1513 734 in
1543 685 1776 736 medicos
1808 691 2135 751 erogaverat
2161 700 2363 737 omnem
2396 689 2542 739 sub-

1458 757 1713 807 stantiam
1741 772 1911 820 suam,
1956 758 2181 809 accessit
2215 765 2378 821 retro,
2423 770 2476 810 et
2502 777 2542 812 a

1456 839 1623 894 terg0‚
1674 837 1789 878 tum
1822 829 1950 896 quia
1976 830 2433 880 verecundabatur
2462 831 2540 882 de

1455 899 1767 951 infirmitate
1826 902 2027 961 soetida,
2071 911 2187 952 turn
2247 903 2376 969 quia
2433 919 2534 954 se—

1454 971 1691 1022 cundum
1764 974 1959 1039 Legem
2016 973 2365 1038 reputabatur
2412 973 2551 1023 im·-

1453 1042 1673 1102 munda‚
1707 1052 1824 1093 tum
1860 1044 1988 1109 quia
2014 1053 2138 1094 ante
2183 1043 2370 1094 faciem
2409 1062 2532 1096 non

1451 1113 1714 1178 potuisset
1760 1115 2001 1165 accedere
2039 1131 2147 1181 prae
2190 1116 2361 1176 turba,
2403 1127 2545 1168 tum.

1450 1195 1665 1250 propter
1734 1187 2054 1251 mysterium
2138 1185 2479 1239 confusionis
2506 1227 2528 1252 ‚

1448 1273 1612 1323 quam
1645 1259 1802 1308 debet
1845 1259 2009 1309 homo
2039 1259 2234 1309 habere
2264 1275 2360 1324 pro
2402 1261 2546 1310 cul—-

1447 1344 1513 1393 pa
1546 1345 1659 1379 sua.
1709 1331 1787 1379 Et
1829 1330 2011 1394 tetigit
2037 1329 2316 1394 fimbriam
2364 1332 2525 1381 vesti-

1445 1401 1607 1449 menti
1629 1400 1761 1467 ejuS,
1793 1415 1903 1448 non
1944 1400 2120 1448 solum
2155 1408 2299 1448 tactu
2326 1414 2526 1465 corpo—

1445 1472 1561 1531 rali,
1592 1473 1684 1522 sed
1730 1481 1782 1522 et
1820 1471 2109 1521 devotione
2140 1470 2285 1532 fidei,
2318 1472 2375 1520 in
2406 1488 2522 1538 quo

1442 1544 1708 1595 laudanda
1759 1554 1839 1594 est
1880 1543 2159 1594 humilitas
2208 1544 2341 1607 ejus,
2390 1545 2528 1610 quia

1442 1616 1724 1683 indignam
1755 1633 1812 1667 se
1854 1616 2129 1682 reputabat
2175 1625 2390 1681 tangere
2418 1633 2523 1682 pe·-

1440 1691 1535 1739 des
1583 1689 1832 1748 Domini,
1868 1688 1952 1739 vel
1994 1686 2389 1754 plenitudinem
2429 1705 2539 1741 ve·-

1439 1762 1701 1812 stimenti.
1760 1761 2007 1811 Habebat
2058 1759 2205 1810 enim
2264 1760 2523 1812 Christus

1437 1832 1681 1884 fimbrias
1732 1834 1878 1899 juxta
1918 1830 2361 1882 consuetudinem
2411 1833 2529 1882 Ju-

1425 1908 1696 1966 „daeorum‚
1750 1909 2047 1957 secundum
2094 1905 2255 1970 Legis
2315 1920 2526 1969 praece-

1438 1989 1609 2045 ptum.
1641 1980 1775 2030 Ecce
1789 1979 1917 2044 quia
1936 1995 2045 2028 non
2075 1977 2305 2027 habebat
2324 1978 2513 2028 Domi·

1436 2067 1540 2100 nus
1578 2050 1850 2116 janitore&
1912 2049 1996 2099 vel
2059 2047 2357 2112 stipatores,
2412 2063 2516 2099 seu

1394 2118 1397 2121 ’
1436 2122 1741 2181 masserios,
1800 2136 1898 2172 nec
1939 2119 2175 2183 aliquem
2223 2117 2317 2182 qui
2354 2133 2518 2167 com-

1433 2194 1727 2259 primentes
1782 2209 1907 2243 eum
1937 2191 2255 2251 verberaret,
2300 2199 2351 2240 et
2387 2190 2515 2243 ideo

1431 2265 1601 2315 libere
1628 2265 1819 2315 mulier
1837 2263 2057 2326 accedit,
2083 2272 2136 2312 et
2158 2261 2329 2312 turbae
2362 2276 2515 2312 com-

1422 2339 1684 2405 primunt.
1715 2338 1822 2389 Ubi
1861 2336 2147 2403 Remigius
2187 2353 2205 2386 .-
2239 2353 2266 2382 «
2298 2336 2354 2385 In
2394 2351 2511 2399 quo

1430 2408 1562 2460 fides
1602 2411 1719 2475 ejus
1765 2408 2078 2460 admiranda
2119 2416 2215 2465 est,
2250 2405 2380 2469 quia
2404 2406 2511 2454 de-

1428 2496 1650 2547 sperans
1705 2481 1770 2530 de
1813 2479 1982 2529 salute
2038 2476 2401 2539 medicorum,
2444 2475 2506 2527 in

1429 2569 1568 2618 quos
1595 2568 1696 2603 sua
1719 2554 2061 2616 erogaverat,
2099 2548 2362 2597 intellexit
2388 2564 2506 2599 coe-

1427 2624 1618 2673 lestem
1672 2624 1858 2672 adesse
1909 2618 2200 2679 medicum,
2233 2628 2284 2668 et
2335 2619 2390 2668 in
2435 2636 2507 2670 eo

1422 2704 1590 2745 totam
1618 2711 1771 2745 suam
1813 2692 2167 2743 intentionem
2202 2692 2508 2754 collocavit,

1424 2777 1475 2818 et
1524 2767 1648 2819 ideo
1691 2765 1880 2816 salvari
1936 2762 2251 2831 promeruit.
2286 2781 2312 2808 ³>
2344 2763 2508 2813 Unde·

1424 2838 1686 2889 Rabanus
1713 2854 1732 2887 .-
1760 2855 1786 2883 «
1817 2828 1983 2885 Docet
1998 2833 2198 2882 mulier
2227 2842 2502 2898 quantum

1421 2909 1492 2959 sit
1520 2925 1713 2975 corpus
1743 2906 1967 2965 Christi,
2003 2903 2149 2970 quod
2197 2902 2254 2951 in
2284 2903 2508 2955 fimbria

1419 2990 1626 3031 tantam
1662 2976 2048 3030 demonstravit
2076 2990 2191 3025 esse
2216 2974 2503 3026 virtutem..

1423 3052 1721 3118 Quidnergo
1744 3067 1843 3100 nos
1868 3065 2078 3116 sperare
2096 3047 2372 3106 debemu8‚
2395 3048 2491 3112 qui

1422 3139 1531 3174 non
1564 3125 1741 3173 solum
1759 3123 1969 3186 Corpus
1989 3117 2334 3169 Dominicum
2368 3132 2504 3166 con--

1420 3196 1701 3262 tingimus,
1739 3194 1831 3243 sed
1884 3190 2197 3242 conficimus
2235 3198 2287 3238 et
2328 3190 2493 3239 sumi-

1421 3268 1574 3318 mus?
1619 3268 1713 3317 Illa
1764 3265 1985 3331 quidem
2040 3260 2361 3312 medicinam
2401 3276 2490 3310 ac·-

1417 3341 1557 3406 cepit
1600 3355 1664 3390 ex
1689 3340 1912 3390 vulnere
1963 3352 1978 3385 ε
2023 3349 2101 3383 vae
2131 3332 2242 3384 illis
2287 3332 2496 3398 quibus,

1417 3414 1534 3479 ipsa
1580 3412 1847 3464 medicina
1888 3410 1952 3462 in
1980 3406 2177 3458 vulnus
2215 3406 2522 3458 converti--

1416 3484 1529 3537 tur!
1551 3504 1579 3533 n
1599 3483 1820 3537 Dicebat
1835 3482 1971 3531 enim
1987 3478 2145 3529 intra
2168 3491 2241 3539 se,
2259 3477 2494 3528 firmiter

1416 3556 1618 3607 scilicet
1655 3553 1920 3605 credendo
1945 3550 2049 3605 :Si
2090 3549 2325 3615 tetigero
2364 3554 2486 3598 tan-
2531 3615 2536 3616 γ

1417 3633 1524 3678 tum
1556 3626 1917 3677 vestimentum
1945 3620 2079 3688 ejus,
2121 3619 2277 3670 salva
2306 3617 2486 3698 abin·
2519 3662 2524 3667 .

1412 3696 1664 3748 firmitate
1689 3711 1812 3747 mea
1837 3709 1929 3747 ero
1944 3709 1964 3755 ;
2007 3707 2115 3741 non
2149 3689 2276 3755 quia
2312 3695 2483 3740 vesti-
2519 3724 2524 3730 .

1413 3781 1592 3821 menta
1645 3769 1881 3836 aliquam
1951 3764 2207 3818 virtutem
2255 3760 2481 3811 sanandi

1412 3842 1699 3900 habebant,
1731 3840 1824 3891 sed
1868 3836 1998 3905 quia
2042 3848 2135 3900 per
2167 3832 2268 3882 hoc
2296 3830 2482 3880 decla-

1410 3923 1557 3968 ratur
1605 3910 1775 3967 virtus
1820 3910 2063 3970 illorum,
2105 3917 2340 3970 quorum
2379 3915 2479 3953 ve-
