2757 4413
420 325 525 379 628

417 442 629 492 liciente
648 478 664 506 ,
730 442 978 509 indigni,
1046 452 1099 492 et
1153 443 1479 508 quandoque

420 511 581 563 etiam
633 514 761 564 mali
810 524 862 564 et
913 515 1095 564 hostes
1152 513 1355 564 Christi
1416 513 1483 562 ad

420 586 768 637 ecclesiastica
833 587 1088 638 beneficia
1147 602 1485 654 promoven-

421 666 539 721 tur;
588 668 640 708 et
681 656 852 722 magis
896 658 1143 724 personis
1186 673 1350 724 quam
1399 673 1486 707 ec-

424 729 623 791 clesiis,
666 730 944 796 magisque
988 730 1203 781 utilitati
1247 730 1483 797 privatae,

425 815 589 866 quam
653 801 929 851 communi
986 802 1333 867 providetur3
1388 816 1486 851 nec

426 869 566 921 fiunt
608 870 785 921 clerici
829 873 911 923 vel
956 871 1162 937 proelati
1210 871 1340 934 De0,
1393 871 1486 920 sed

426 943 651 993 mundo,
686 942 841 993 Unde
868 959 1060 1009 magna
1086 957 1212 993 cura
1230 952 1314 992 est
1337 943 1486 992 mul-

426 1014 515 1074 tis,
547 1023 607 1063 ut
636 1015 690 1062 in
717 1015 880 1064 domo
915 1029 1012 1064 sua
1044 1013 1296 1064 officiales
1326 1013 1486 1062 utiles

430 1082 747 1150 praeficiant;
790 1086 882 1135 sed
920 1100 1079 1150 parva
1115 1100 1241 1135 cura
1280 1094 1362 1134 est
1386 1082 1485 1146 eis,

428 1163 489 1204 ut
530 1153 588 1203 in
632 1155 793 1204 domo
830 1155 926 1204 Dei
964 1153 1238 1204 ministros
1268 1152 1488 1203 idoneos

430 1223 732 1289 instituant,
771 1225 915 1291 quia,
956 1225 1092 1276 heu!
1137 1224 1291 1292 quasi
1339 1224 1488 1273 nulla

429 1296 802 1348 ministrorum
822 1299 1027 1350 Christi
1045 1309 1125 1350 est
1142 1299 1347 1358 electi0,
1362 1314 1486 1348 cum

427 1380 608 1420 tamen
632 1370 868 1421 ministri
889 1371 1177 1422 hominum
1197 1386 1338 1436 saepe
1360 1386 1486 1420 cum

427 1458 626 1508 magno
653 1443 919 1509 eligantur
946 1444 1191 1495 consilio.
1224 1444 1367 1494 Proh
1401 1444 1490 1493 do·

426 1515 539 1566 lor!
582 1531 724 1581 saepe
765 1517 937 1582 magis
972 1516 1358 1569 insufficientes
1395 1532 1487 1566 as-

427 1596 719 1638 sumuntur
756 1587 820 1635 ad
861 1596 1061 1637 statum
1096 1588 1408 1638 clericorum
1435 1596 1489 1637 et

425 1658 492 1708 ad
527 1657 876 1708 ecclesiastica
907 1657 1163 1708 beneficia
1193 1659 1355 1709 etiam
1388 1675 1488 1710 cu-

424 1737 555 1788 rata,
595 1744 758 1793 quam
800 1729 865 1777 ad
905 1738 1102 1778 statum
1144 1730 1488 1780 mechanico-

429 1813 572 1859 rum,
601 1797 686 1846 vel
719 1798 786 1846 ad
826 1797 1007 1864 aliqua
1050 1798 1359 1862 hujusmodi
1402 1798 1490 1848 of—

429 1871 569 1921 ficia.
624 1871 730 1930 Qui
785 1872 931 1921 enim
985 1873 1327 1923 mechanicus
1377 1889 1491 1924 esse

431 1942 688 2006 voluerit,
735 1958 950 1993 necesse
991 1954 1073 1994 oet
1111 1955 1172 1995 ut
1218 1946 1284 1994 ad
1328 1961 1490 1995 suum

434 2012 674 2062 officium
701 2014 994 2078 spectantia
1038 2014 1186 2078 sciat,
1216 2015 1300 2066 vel
1335 2016 1492 2065 addi-

435 2096 573 2148 scat;
607 2084 699 2133 sed
729 2084 1047 2151 plerumque
1073 2085 1131 2135 in
1150 2085 1359 2136 clericis
1389 2087 1491 2136 hoc

434 2154 590 2205 fallit.
620 2155 905 2215 Quomodo
927 2171 1053 2223 ergo
1076 2157 1207 2206 tales
1228 2172 1324 2223 per
1346 2157 1496 2223 igno·

434 2227 666 2278 rantiam
712 2237 964 2292 poterunt
1011 2229 1267 2291 excusari,
1316 2229 1495 2278 maxi-

436 2314 527 2349 me
578 2298 625 2348 si
677 2298 742 2347 ad
786 2297 1075 2364 dignitates
1127 2309 1184 2350 et
1238 2299 1497 2350 beneficia

435 2378 613 2419 curata
644 2368 844 2420 fuerint
876 2371 1108 2435 promoti
1134 2370 1151 2419 Ξ·
1180 2370 1333 2421 Unde
1356 2371 1496 2420 Ber-

433 2440 640 2490 nardus
665 2456 684 2489 .-
716 2439 896 2499 «Quae
929 2439 1228 2505 ignorantia
1245 2455 1500 2491 excusare

433 2508 607 2575 possit
658 2508 958 2570 hominem,
1017 2510 1113 2575 qui
1189 2526 1245 2560 se
1323 2511 1499 2576 magi-

432 2590 606 2630 strum
661 2579 971 2643 infantium,
1027 2582 1297 2631 doctorem
1364 2582 1499 2632 insi-

432 2649 699 2715 pientium
720 2649 1033 2716 profitetur?
1057 2652 1272 2703 Talium
1297 2653 1499 2719 quippe

431 2721 565 2770 dum
606 2720 731 2786 quis
760 2730 1120 2786 promovetur,
1154 2732 1292 2773 recte
1318 2738 1349 2773 a
1377 2724 1498 2773 dia-

434 2789 559 2839 bolo
590 2805 751 2856 supra
782 2792 968 2857 templi
997 2792 1347 2858 pinnaculum
1385 2795 1498 2844 ele-

432 2868 617 2921 vatur3
657 2860 744 2909 cui
773 2861 1038 2923 diaboluS,
1079 2864 1232 2929 quasi
1265 2865 1500 2915 subsan-

434 2929 629 2991 nand0,
663 2939 793 2979 tunc
818 2931 1059 2996 loquitur
1084 2950 1100 2983 :
1131 2935 1197 2984 Si
1206 2935 1369 3000 filius
1398 2935 1503 2987 Dei

436 3014 510 3060 esf,
541 3000 689 3049 mitte
726 3006 773 3049 te
806 3001 1069 3053 deorsum.
1112 3005 1229 3055 Jam
1273 3006 1409 3058 inter
1432 3007 1502 3058 fi-

436 3067 539 3118 lios
567 3067 665 3118 Dei
690 3080 1029 3134 computatus
1056 3088 1131 3137 es,
1167 3076 1276 3140 jam
1322 3078 1391 3127 ab
1417 3078 1504 3127 his

438 3139 534 3206 qui
562 3150 615 3190 te
646 3156 755 3189 non
788 3155 1129 3210 cognoscunt,
1159 3147 1357 3199 videris
1390 3164 1507 3199 esse

441 3211 588 3277 quod
619 3227 729 3261 non
753 3228 839 3276 es;
866 3211 947 3264 fac
982 3214 1151 3282 igitur
1169 3218 1376 3285 aliquid
1410 3237 1507 3270 un-

440 3281 507 3331 de
543 3282 795 3343 lauderis,
824 3285 966 3333 unde
994 3286 1261 3351 gloriosus
1305 3290 1508 3341 habea-

439 3350 535 3413 riS,
574 3364 624 3402 et
656 3354 800 3404 unde
829 3370 1050 3421 magnus
1080 3358 1147 3408 ab
1192 3359 1508 3412 hominibus

437 3425 669 3476 videaris
698 3427 904 3478 :Mitte
948 3435 1001 3479 te
1046 3430 1310 3483 deorsum.
1364 3435 1507 3493 Quid

438 3497 586 3547 enim
616 3507 724 3548 tam
769 3499 1049 3565 proprium
1083 3502 1297 3555 diabolo
1345 3522 1506 3572 quam

441 3568 683 3633 suadere,
720 3580 781 3620 ut
835 3571 1210 3639 unusquisqne
1251 3575 1508 3643 indignus

441 3641 696 3692 Ecclesiae
717 3658 774 3693 se
794 3644 1111 3695 submittat?
1139 3646 1210 3697 Et
1236 3662 1416 3701 revera
1446 3652 1505 3701 hi

440 3712 576 3762 tales
611 3729 825 3780 semper
865 3716 1115 3765 deorsum
1150 3732 1208 3766 se
1246 3719 1503 3786 mittunt,

443 3783 571 3849 quia
595 3787 737 3836 solas
756 3785 987 3847 divitias,
1009 3786 1291 3854 dignitates
1318 3802 1370 3842 et
1389 3795 1506 3859 glo-

444 3855 581 3920 riam
604 3867 922 3924 quaerenteS,
949 3859 1191 3925 quotidie
1220 3860 1507 3915 deteriores

445 3925 600 3980 fiunt.
645 3932 983 3985 Promotores
1021 3933 1182 3985 etiam
1220 3936 1409 3988 talium
1444 3938 1504 3989 in

989 327 1228 381 PR1MAE
1261 327 1510 379 PARTIS
1538 325 1776 380 CAPUT
1806 329 2035 381 LXVIII.

1592 458 1912 510 quacunque
1992 444 2267 510 dignitate,
2334 443 2482 510 quasi
2538 459 2625 494 su·
2712 468 2713 473 =

1590 531 1685 581 pra
1731 515 1919 581 templi
1966 516 2312 580 pinnaculum
2355 514 2623 573 constituti,

1590 601 1648 637 se
1694 587 1760 636 ad
1806 587 2208 652 persuasionem
2257 595 2312 636 et
2366 585 2623 636 consilium

1591 656 1791 706 diaboli
1844 658 2098 707 deorsum
2154 657 2392 720 mittunt,
2437 657 2625 722 quando
2712 688 2713 703 ¹

1591 741 1685 792 per
1713 729 1975 778 carnalem
2004 727 2356 785 affectionem,
2385 728 2466 777 vel
2489 726 2624 776 aliam
2712 756 2713 775 1

1593 814 1806 849 causam
1841 799 2038 848 malam
2069 812 2162 848 eos
2178 806 2626 855 ⁴‹¹.=.xca=.oantem,ta·
2712 792 2713 801 ’

1593 869 1736 918 libus
1775 867 2264 926 condescendendo,
2313 881 2404 916 eos
2435 882 2628 932 promo-

1591 950 1735 1004 vent,
1777 942 1861 991 vel
1887 954 2074 990 eorum
2101 937 2526 1004 promotionibus
2554 952 2630 987 ac·
2712 956 2713 997 j

1594 1010 1890 1076 quiescunt.
1932 1010 2102 1061 Simia
2129 1009 2330 1076 quippe
2358 1009 2559 1075 ponitur
2581 1007 2627 1056 in
2712 1010 2713 1079 j

1592 1091 1747 1141 tecto,
1791 1091 1844 1131 et
1879 1082 2015 1131 latro
2044 1081 2102 1131 in
2140 1080 2304 1130 scalis
2337 1093 2508 1130 coram
2545 1093 2630 1144 po·
2712 1100 2713 1127 ι

1595 1154 1742 1218 pulo,
1783 1168 1892 1202 non
1928 1152 1995 1202 ad
2024 1150 2106 1201 sui
2148 1150 2433 1209 honorem,
2469 1149 2552 1199 sed
2577 1149 2629 1197 ad
2712 1150 2713 1155 ’

1595 1224 1949 1287 derisionem3
1982 1224 2060 1274 sic
2095 1221 2264 1273 etiam
2298 1233 2381 1273 est
2415 1223 2478 1272 de
2509 1220 2631 1270 indi·
2712 1226 2713 1289 ξ

1595 1311 1701 1360 gno
1736 1295 1791 1344 iu
1818 1296 2054 1346 Ecclesia
2090 1296 2339 1346 exaltato.
2361 1313 2388 1342 2»
2411 1292 2551 1344 Unde
2572 1292 2633 1341 ait
2712 1340 2713 1343 ,

1596 1369 1801 1419 Seneca
1849 1383 1868 1419 .-
1921 1385 1951 1415 a
2004 1369 2144 1419 Loco
2196 1366 2506 1434 ignominiae
2566 1374 2633 1414 est
2712 1374 2713 1391 ³

1595 1440 1734 1505 apud
1782 1439 2073 1505 indignum
2118 1439 2374 1505 dignitas,
2428 1457 2455 1486 n
2504 1437 2632 1488 Unde

1593 1514 1754 1565 etiam
1795 1513 1924 1563 dicit
1968 1505 2276 1580 Gregorius
2315 1529 2332 1565 .-
2364 1531 2396 1560 «ι
2442 1513 2636 1563 Necesse

1595 1598 1676 1638 est
1707 1596 1768 1637 ut
1805 1585 1853 1636 is
1889 1586 1988 1652 qui
2024 1596 2233 1652 praeest,
2272 1601 2395 1654 quae
2423 1583 2636 1650 exempla
2712 1582 2713 1623 l

1594 1657 1828 1709 subditis
1875 1658 2108 1723 praebeat
2145 1658 2370 1708 solerter
2413 1655 2635 1715 attendat,
2712 1662 2713 1727 J

1594 1739 1645 1780 et
1667 1728 1831 1780 tantis
1856 1743 1916 1778 se
1933 1729 2065 1779 sciat
2086 1728 2264 1779 vivere
2282 1727 2497 1796 quantis
2522 1739 2641 1791 prae·
2712 1754 2713 1791 3

1597 1815 1774 1850 esse.»
1799 1801 1865 1850 Et
1886 1799 2025 1860 ideo,
2039 1809 2100 1849 ut
2128 1799 2271 1849 idem
2302 1799 2435 1849 dicit
2458 1815 2471 1848 τ
2493 1816 2518 1844 ε(
2537 1798 2638 1847 Non
2712 1826 2713 1871 Ξ

1596 1872 1754 1921 debet
1782 1870 2068 1920 hominum
2098 1872 2356 1922 ducatum
2379 1870 2638 1934 suscipere,

1599 1943 1693 2008 qui
1739 1941 1909 1992 nescit
1959 1941 2214 1992 homines
2260 1943 2401 1992 bene
2441 1940 2640 1991 vivendo
2712 1988 2713 2005 ἶ

1599 2014 1814 2081 praeire3
1845 2029 2021 2080 neque
2058 2015 2124 2065 ad
2172 2014 2277 2064 hoc
2319 2015 2554 2081 eligatur,
2595 2021 2643 2061 ut

1598 2087 1830 2137 aliorum
1872 2087 2054 2151 culpas
2077 2085 2329 2151 oorrigat,
2364 2085 2477 2151 qui,
2518 2082 2641 2149 quod
2712 2136 2713 2143 ἵ

1600 2171 1835 2206 resecare
1878 2155 2082 2216 debuit,
2130 2155 2245 2222 ipse
2288 2153 2585 2205 committit.
2618 2169 2640 2197 n

1602 2229 1667 2279 Et
1694 2228 1890 2278 iterum
1921 2244 1935 2277 ε
1962 2245 1990 2272 «
2014 2227 2222 2276 Durum
2245 2226 2452 2291 quippe
2491 2234 2565 2275 est
2596 2231 2646 2271 ut
2712 2263 2713 2288 ἶ

1600 2299 1695 2365 qui
1727 2298 1895 2348 nescit
1933 2307 2113 2347 tenere
2139 2296 2509 2346 moderamina
2543 2292 2646 2344 vitae
2712 2297 2713 2358 l

1602 2384 1730 2429 suoe,
1764 2369 1923 2433 judex
1956 2366 2048 2417 fiat
2079 2367 2202 2417 vitae
2229 2367 2421 2417 alienae
2451 2382 2466 2415 ε
2496 2385 2523 2413 π
2550 2364 2645 2413 haec

1606 2438 1928 2504 Gregorius·
1954 2436 2044 2487 Sic
2074 2447 2128 2486 et
2162 2436 2328 2486 hodie
2354 2436 2493 2502 apud
2529 2432 2649 2483 mul·
2712 2501 2713 2504 Ἴ

1604 2519 1690 2559 tos
1724 2508 1885 2558 etiam
1913 2507 2195 2573 religiosos
2224 2506 2281 2556 in
2321 2504 2647 2557 electionibus
2712 2569 2713 2574 Ἰ

1603 2592 1656 2632 et
1689 2580 2109 2647 provisionibus,
2151 2580 2352 2630 timore
2397 2578 2491 2629 Dei
2516 2586 2647 2643 post-

1604 2653 1798 2719 posito,
1820 2653 1995 2711 Jesm,
2022 2651 2078 2700 id
2105 2661 2186 2701 est
2207 2650 2292 2701 vir
2319 2651 2494 2700 bonus
2512 2658 2561 2698 et
2580 2646 2649 2695 di-
2712 2653 2713 2694 ζ

1605 2739 1762 2791 gnus,
1792 2737 1856 2773 ac
1883 2722 1980 2773 Dei
2006 2723 2230 2785 amicuS,
2260 2722 2359 2788 qui
2384 2737 2443 2772 se
2462 2730 2514 2771 et
2532 2718 2648 2769 alios

1604 2799 1804 2848 salvare
1849 2796 2043 2855 studet,
2066 2795 2411 2861 ¹,reprobatum
2455 2804 2506 2845 et
2539 2793 2654 2842 Bar·
2712 2821 2713 2824 =

1605 2868 1776 2928 rabas,
1802 2868 1934 2916 latro
1963 2866 2210 2931 insignis,
2234 2866 2290 2915 id
2310 2875 2396 2916 est
2422 2866 2586 2914 malus
2609 2870 2653 2910 et
2712 2877 2713 2884 ¹

1607 2941 1884 3006 indignus,
1930 2954 1990 2989 ac
2019 2938 2220 2989 Christi
2263 2939 2457 2999 hostis,
2485 2935 2573 3003 qui
2606 2948 2654 2984 sc

1606 3021 1661 3061 et
1705 3011 1838 3060 aiios
1870 3010 1929 3060 in
1958 3010 2139 3059 anima
2174 3009 2410 3074 perimit,
2441 3007 2655 3074 eligitur.

1610 3085 1766 3134 Unde
1786 3083 1884 3149 qui
1916 3082 1972 3132 in
1998 3082 2194 3132 talibus
2218 3080 2651 3147 promotionibus,

1612 3152 1858 3203 faciendo
1878 3152 1963 3204 vel
1978 3152 2364 3203 consentiendo
2385 3150 2659 3218 culpabiles

1612 3234 1755 3286 sunt,
1782 3225 1904 3291 ipso
1936 3240 2036 3275 suo
2062 3224 2221 3288 fact0,
2260 3226 2347 3275 vel
2384 3237 2652 3277 consensu,

1613 3310 1737 3344 cum
1768 3295 1968 3345 Judaeis
1992 3295 2175 3345 dicunt
2201 3311 2215 3344 ε
2247 3295 2375 3345 Non
2403 3295 2551 3355 hunc,
2575 3289 2657 3341 sed

1613 3366 1941 3417 Bas-rabam.
1979 3366 2051 3416 Et
2098 3365 2219 3416 ideo
2259 3366 2483 3416 timeant
2523 3363 2656 3418 tales,

1614 3453 1682 3488 ne
1706 3437 1920 3488 alienati
1942 3452 1978 3488 a
2005 3438 2130 3488 Jesu
2152 3438 2440 3497 salvatore,
2473 3444 2657 3502 partem

1614 3508 1908 3559 sortiantur
1928 3523 2059 3558 cum
2083 3508 2311 3579 Bari-aba
2328 3508 2551 3557 latrone.
2575 3503 2660 3554 Ta·

1610 3581 1690 3631 les
1718 3579 1918 3647 quippe
1958 3580 2034 3630 sic
2066 3580 2219 3630 electi
2261 3588 2390 3630 sunt
2420 3575 2661 3631 subditis,

1613 3651 1786 3718 mag-is
1858 3652 1920 3702 in
1972 3651 2188 3702 ruinam
2248 3661 2303 3701 et
2364 3649 2659 3702 scandalum

1612 3738 1775 3790 quam
1841 3722 1900 3772 in
1945 3722 2391 3773 resurrectionem
2441 3729 2494 3771 et
2540 3714 2658 3769 boni

1610 3796 1919 3863 exemplum
1942 3812 1957 3860 ;
1979 3806 2031 3847 et
2060 3796 2162 3847 hoc
2187 3796 2511 3846 fermentum
2535 3804 2659 3857 prae-

1612 3870 1842 3918 latorum
1882 3870 2187 3935 corrumpit
2224 3878 2392 3919 totam
2443 3875 2660 3915 massam

1612 3941 1983 4004 subditorum,
2060 3942 2218 4009 quia,
2311 3941 2444 3991 dum
2516 3940 2664 4001 caput
