2757 4413
283 319 388 384 544

278 434 495 486 alterius
537 433 777 499 corporis
821 431 1026 483 unitate
1075 429 1338 496 compati-

278 517 382 557 tur.
394 507 600 573 Neque
627 504 772 555 enim
797 503 1045 570 cognatio
1074 500 1197 552 facit
1225 516 1342 580 pro-

276 577 504 640 ximum,
534 575 625 626 sed
653 573 1047 636 misericordia;
1095 571 1224 638 quia
1246 570 1344 620 mi·

276 647 561 697 sericordia
613 646 910 696 secundum
953 652 1197 694 naturam
1240 652 1338 705 est,

278 720 422 771 nihil
459 720 602 770 enim
631 729 740 770 tam
773 719 1067 769 secundum
1096 726 1340 767 naturam
1376 730 1381 735 ·

273 806 438 857 quam
485 790 663 855 juvare
709 798 1010 839 consortem
1033 797 1235 838 naturae
1265 803 1281 836 t
1309 806 1339 835 ιι
1375 834 1380 841 ,

278 862 392 912 haec
414 860 748 912 Ambrosius,
776 860 860 910 Ad
884 860 988 910 hoc
1008 873 1227 926 quoque
1255 858 1341 909 fa·-

271 932 524 982 ciendum
562 932 806 982 hortatur
850 946 950 980 nos
1001 930 1342 996 Augustinus

273 1003 460 1053 dicens
488 1020 503 1053 ι
530 1020 559 1049 «
588 1002 743 1052 Nunc
772 1016 895 1051 curn
931 1001 987 1052 in
1013 1001 1113 1051 hac
1131 1001 1259 1063 vita,
1287 1000 1342 1050 id

275 1082 357 1122 est
385 1072 441 1122 in
476 1072 575 1121 hac
597 1070 685 1121 via
719 1085 925 1135 summ,
951 1069 1180 1121 invicem
1205 1086 1341 1120 one-

272 1161 331 1196 ra
360 1157 544 1196 nostra
590 1154 861 1210 portemus
892 1162 907 1195 ι
937 1154 998 1196 ut
1024 1145 1090 1195 ad
1115 1160 1234 1196 eam
1270 1144 1344 1195 vi·

270 1226 384 1266 tam
421 1230 542 1282 quae
583 1224 724 1265 caret
747 1215 898 1265 omni
934 1231 1117 1276 onere,
1150 1230 1342 1281 perve-

276 1291 393 1339 nire
430 1288 717 1355 possimus.
745 1287 1060 1339 Dilectionis
1102 1287 1344 1338 officium
1376 1353 1381 1359 .

275 1370 355 1409 est
410 1359 643 1410 invicem
685 1374 850 1409 onera
891 1369 1074 1410 nostra
1104 1367 1337 1426 portare3

277 1429 417 1480 nihil
485 1430 630 1481 enim
697 1430 775 1480 sic
844 1431 1034 1496 probat
1085 1428 1338 1493 amicum,

274 1501 728 1567 quemadmodum
751 1501 933 1552 oneris
973 1500 1131 1552 amici
1154 1510 1341 1566 porta-

274 1573 368 1621 tio·
390 1572 579 1639 Neque
606 1572 716 1623 ulla
738 1587 822 1622 res
843 1570 1144 1622 officiosum
1174 1571 1342 1621 istum
1381 1588 1382 1591 ¹

273 1641 530 1702 laborem,
560 1642 625 1691 ad
651 1642 972 1707 portandum
1014 1641 1341 1692 oneraalio-

273 1727 415 1773 rum,
463 1712 589 1762 facit
642 1712 877 1762 libenter
915 1711 1171 1778 impendi,
1220 1712 1342 1762 ‘nisi

268 1784 572 1850 cogitemus
611 1794 812 1851 quanta
847 1800 945 1850 pro
972 1784 1129 1835 nobis
1148 1793 1341 1850 ‘pertu-

272 1853 338 1904 lit
382 1854 668 1905 Dominus.
724 1854 868 1905 Hinc
919 1854 1229 1919 admonens,
1270 1855 1380 1905 ait·

270 1926 558 1990 Apostolus
598 1942 613 1975 ι
655 1926 780 1977 Hoc
822 1926 1010 1976 sentite
1053 1926 1108 1976 in
1159 1925 1341 1989 νσόἰε,
1375 1931 1380 1937 ’

273 1998 417 2064 quod
445 2005 496 2048 et
524 1999 577 2049 in
607 1999 822 2050 Christo
853 2000 1004 2050 Jesu.
1031 1998 1171 2050 Huic
1203 1999 1345 2065 cogi-

274 2069 465 2119 tationi
512 2069 711 2135 accedit
745 2069 907 2120 etiam
939 2069 1048 2131 illa,
1076 2068 1203 2135 quia
1235 2069 1342 2119 ho-

276 2141 452 2192 mines
489 2157 719 2206 sumus3
777 2152 831 2193 et
869 2144 1014 2210 quod
1064 2142 1342 2210 aegritudi-

274 2230 401 2265 nem
425 2216 538 2267 sive
558 2215 746 2281 animi,
762 2216 878 2267 sive
896 2216 1155 2282 corporis,
1177 2231 1340 2283 quam
1376 2233 1380 2240 *

270 2290 335 2339 in
361 2290 584 2341 homine
609 2290 714 2341 alio
741 2291 1009 2351 videmus,
1037 2288 1199 2341 etiam
1242 2305 1342 2341 nos

273 2363 469 2415 habere
516 2364 829 2430 potuimuS‚
875 2374 969 2415 aut
1028 2378 1341 2431 possumus.
1375 2381 1381 2387 ·

278 2438 393 2488 Hoc
436 2454 563 2504 ergo
588 2438 940 2489 exhibeamus
976 2437 1045 2499 ei,
1075 2439 1226 2504 cujus
1249 2437 1341 2487 in-

273 2506 581 2557 firmitatem
628 2517 842 2574 portare
882 2508 1153 2568 volumus»,
1194 2506 1338 2573 quod
1374 2509 1380 2528 ¹

270 2577 339 2626 ab
381 2577 476 2628 illo
511 2578 772 2629 vellemus
815 2577 973 2628 nobis
1001 2577 1262 2637 exhiberi,
1292 2576 1340 2626 si

273 2647 409 2698 forte
441 2665 543 2700 nos
572 2649 630 2699 in
655 2663 1003 2709 eoessemuS,
1022 2657 1074 2699 et
1092 2648 1340 2714 ipsenon
1373 2660 1377 2674 ¹

276 2729 431 2771 esset.
457 2722 541 2770 Ad
571 2721 674 2771 hoc
694 2720 922 2787 pertinet
945 2720 1092 2785 quod
1117 2720 1344 2785 Aposto-
1374 2737 1382 2750 ι

272 2794 360 2844 lus
379 2792 452 2843 ait
482 2810 496 2843 z
529 2793 784 2845 Omnibus
801 2793 981 2845 omnia
984 2792 1179 2859 factus
1204 2807 1338 2855 sum,
1374 2793 1380 2834 ἑ

266 2870 335 2913 ,ιιτ
386 2877 565 2914 omnes
607 2864 981 2931 lucrificarem,
1054 2862 1339 2929 cogitando

175 2978 181 2984 .
272 2932 477 2983 scilicet
500 2933 555 2983 in
596 2948 659 2984 eo
700 2933 839 2985 vitio
881 2948 942 2984 se
982 2947 1100 2983 esse
1127 2934 1341 2999 potuis·
1372 2931 1381 2966 ³

264 3020 348 3066 se,
395 3006 540 3055 unde
582 3006 837 3073 cupiebat
880 3005 1048 3056 alium
1096 3005 1339 3059 liberare.
1374 3011 1380 3026 ¹

274 3076 480 3127 Deinde
536 3078 699 3127 etiam
765 3078 898 3128 illud
957 3077 1301 3145 cogitandum
1321 3079 1380 3145 ‚⁷

272 3148 486 3198 nullum
547 3162 664 3199 esse
720 3148 1036 3213 hominem„
1089 3148 1339 3215 quinon
1378 3155 1384 3160 ²

268 3220 444 3287 possit
462 3221 668 3273 'habete
701 3222 920 3289 aliquod
947 3223 1171 3288 bonum,
1195 3224 1340 3290 quod
1371 3214 1381 3244 ²

273 3303 332 3343 tu
370 3308 479 3343 non
510 3294 694 3353 habes,
749 3294 912 3345 etiam
961 3294 1010 3345 si
1063 3294 1250 3359 lateat3
1283 3294 1340 3345 in

273 3379 383 3429 quo
412 3363 528 3414 sine
559 3363 727 3416 dubio
748 3364 922 3430 possit
942 3373 994 3416 te
1032 3378 1150 3415 esse
1172 3379 1338 3431 supe-

271 3436 401 3487 rior.
444 3437 608 3488 ‘Unde
657 3438 950 3504 Apostolus
987 3453 1003 3489 ε
1040 3435 1339 3504 Nihil-per

262 3507 680 3571 contentionem,
746 3521 911 3574 neque
960 3519 1072 3575 per
1123 3507 1339 3558 'inanem
1369 3503 1377 3522 ¹

271 3576 528 3643 gloriam,
564 3579 657 3629 sed
688 3578 748 3629 in
787 3577 1093 3629 humilitate
1119 3577 1337 3640 mentis,
1368 3593 1380 3649 ζ

266 3651 403 3701 alter
436 3653 667 3703 alterum
701 3651 1066 3703 existimantes
1106 3650 1341 3716 superio·
1368 3709 1373 3714 ‚

273 3735 387 3771 rem
441 3721 572 3787 sibi;
612 3721 737 3774 istae
781 3721 1127 3789 cogitationes
1152 3721 1377 3808 depri-
1369 3733 1382 3740 ’¹

272 3805 480 3846 mentes
505 3797 703 3849 mentis
724 3795 1053 3863 superbiam,
1072 3804 1125 3846 et
1154 3810 1340 3846 acuen-

273 3877 354 3918 tes
370 3868 667 3949 caritatem,
696 3870 900 3923 faciunt
916 3884 1079 3921 onem
1103 3855 1371 3921 fraterna

270 3937 506 3991 invicem
558 3958 668 3995 non
716 3942 894 3996 solum
943 3954 1098 4010 aequo
1130 3938 1332 4006 animo,

911 314 1161 368 PRIMAE·
1193 310 1441 364 PARTIS
1481 312 1716 364 CAPUT
1742 313 1873 364 LIX.

1435 426 1725 479 sedetiam
1771 427 2128 479 libentissime
2147 428 2405 480 sustineri
2436 446 2456 480 ι
2473 447 2512 478 ⁷»

1446 501 1560 552 haec
1601 500 1955 568 Augus-tinum
2006 502 2160 553 Unde
2196 511 2249 552 et
2290 503 2515 568 Grego-

1446 572 1564 621 rius
1590 589 1609 622 .·
1634 589 1662 618 «
1686 570 1741 621 Si
1794 571 2026 638 quisque
2068 588 2164 622 sua
2202 571 2518 622 incommo-

1448 643 1532 703 da,
1563 655 1684 709 quae
1729 642 1798 693 ab
1837 643 1964 693 aliis
2007 652 2311 709 portantur,
2338 643 2516 694 consi-

1446 714 1618 778 deran
1686 730 1749 766 ea
1809 730 1929 783 quae
1976 717 2046 766 ab
2090 715 2213 766 aliis
2256 717 2514 778 sumina,

1446 786 1617 836 levius
1653 797 1845 853 portat.
1867 788 1940 838 'Et
1966 787 2162 838 iterum
2195 803 2210 836 ε
2247 787 2385 847 Quia
2423 787 2517 839 illa

1447 856 1652 907 interna
1684 859 1843 923 pacis
1886 857 2041 921 visin,
2083 873 2149 908 ex
2195 859 2517 909 Sanctorum

1447 926 1647 976 civium
1698 928 2110 993 congregatione
2162 928 2514 991 construitur,

1415 999 1748 1053 ,Jerusalem
1804 1000 2035 1051 coelestis
2077 1007 2146 1050 ut
2206 1000 2517 1066 aedzjficatnr

1450 1071 1660 1122 civitas.
1689 1071 1833 1131 ·Quae
1871 1071 2142 1122 tamenin
2163 1071 2262 1121 hac
2282 1071 2524 1138 perigri-

1454 1141 1691 1192 nationis
1721 1153 1882 1204 terra,
1924 1144 2058 1193 dum
2077 1142 2319 1209 flagellis
2346 1157 2518 1208 percu

1437 1215 1596 1277 titur,
1617 1216 2066 1268 *tribulationibus
2100 1217 2370 1276 tunditur,
2401 1216 2527 1281 ejus

1435 1285 1651 1351 Llapides
1698 1287 1939 1352 quotidie
1978 1288 2326 1354 quadrantur.
2378 1288 2527 1347 Quae

1448 1355 1700 1406 videlicet
1741 1357 1926 1408 civitas
1972 1359 2134 1409 habet
2157 1358 2261 1408 ⁴hic
2286 1358 2348 1408 in
2374 1359 2521 1407 San-·-

1452 1437 1663 1477 ctorum
1688 1427 1947 1489 motibus,
1977 1444 2238 1496 magnum
2259 1429 2365 1493 jam
2396 1427 2529 1478 adi·

1450 1498 1634 1549 ficium
1683 1514 1868 1551 suum.
1910 1501 1973 1551 In
2038 1500 2264 1551 aedificio
2318 1500 2528 1566 quippe

1452 1571 1588 1636 lapis
1633 1571 1865 1638 lapidem
1895 1582 2106 1639 ‘pm-tat,
2143 1581 2196 1622 et
2222 1571 2315 1638 qui
2347 1581 2536 1637 portat

1452 1643 1711 1705 alterum,
1757 1653 1999 1709 portatur
2039 1644 2119 1694 ·ab
2180 1643 2363 1693 alter-ot
2429 1642 2534 1693 δὴ

1451 1729 1596 1763 nunc
1632 1713 1689 1763 in
1719 1723 1902 1765 saneta
1930 1713 2165 1764 Ecclesia
2213 1712 2528 1778 unusquis-

1450 1802 1559 1852 que
1584 1796 1636 1837 et
1679 1797 1855 1854 portat
1902 1789 2147 1847 alterum,
2190 1796 2242 1838 et
2276 1795 2526 1852 portatur

1447 1859 1514 1907 ab
1534 1858 1716 1908 aitem.
1748 1857 2159 1909 Nam‘vicissim
2200 1873 2259 1908 se
2284 1857 2521 1922 proximi

1449 1931 1694 1992 tolerant,
1740 1940 1803 1982 ut
1830 1947 1927 1998 per
1968 1947 2061 1982 eos
2104 1930 2393 1981 aedificium
2437 1944 2523 1981 ca—

1450 2000 1622 2051 ritatis
1653 2011 1852 2068 surgat.
1891 2002 2070 2053 Omne
2100 2011 2278 2051 autem
2302 2000 2526 2066 pondus

1449 2071 1665 2123 fabricae
1714 2072 2128 2124 fundamentum
2160 2081 2349 2138 portat,
2388 2071 2527 2137 quia

1456 2144 1782 2211 Redemptor
1818 2153 2027 2205 ·noster,
2061 2145 2128 2194 de
2169 2159 2279 2209 quo
2320 2143 2528 2193 Paulus

1452 2217 1744 2282 Apostolus
1774 2216 1850 2266 ait
1872 2216 2319 2267 :Fundamentum
2366 2214 2530 2265 aliud

1448 2301 1602 2337 nemo
1656 2300 1860 2352 ponere
1929 2292 2143 2351 potest,
2190 2290 2397 2352 praeter
2462 2285 2526 2335 id

1450 2361 1592 2426 quod
1628 2365 1713 2411 est
1762 2360 2016 2425 positum,
2062 2359 2203 2425 quod
2239 2364 2320 2408 est
2367 2357 2529 2408 Chri·

1446 2440 1566 2484 stus
1626 2433 1816 2496 Jews,
1881 2430 2076 2482 ·omnia
2139 2440 2318 2481 nostra
2373 2431 2528 2481 tole-

1446 2514 1557 2567 rat;
1609 2504 1704 2554 sed
1746 2503 1804 2553 in
1839 2501 1963 2569 ‘ipso
2019 2501 2227 2552 malum
2257 2516 2364 2550 non
2393 2499 2522 2561 fuit,

1445 2574 1591 2641 quod
1648 2572 1859 2624 tolerari
1923 2572 2196 2623 debuisset
2249 2588 2265 2621 ι
2323 2590 2353 2618 »
2404 2571 2525 2621 haec

1437 2646 1771 2713 Gregorius,
1803 2647 1884 2698 Ex
1927 2645 2016 2695 his
2058 2645 2237 2696 verbis
2268 2643 2521 2710 Gregorii

1435 2716 1735 2783 colligitur,
1780 2715 1928 2783 quod
1975 2723 2177 2782 quanto
2205 2715 2366 2780 plura
2391 2713 2523 2779 quis

1437 2805 1545 2855 ·pro
1566 2790 1684 2839 'Deo
1717 2786 2031 2856 portaverit,
2063 2797 2213 2838 tanto
2263 2786 2367 2836 erit
2410 2785 2520 2851 ipsi

1449 2859 1827 2922 fundamento,
1860 2857 2065 2910 scilicet
2100 2857 2324 2909 Christo
2366 2857 2519 2922 Jesu‚

1439 2932 1829 2999 -propinquior3
1886 2940 1943 2983 et
1997 2939 2198 2997 quanto
2265 2928 2520 2995 pauciora

1437 3004 1753 3070 portaverit,
1781 3012 1937 3055 tanto
1961 3002 2063 3088 erit
2083 3002 2202 3052 ab
2189 3016 2308 3067 ipso
2332 2999 2524 3051 funda-

1447 3087 1631 3128 mento
1649 3078 1925 3129 remotior.

1518 3167 1536 3201 1
1550 3150 1578 3200 3
1636 3149 1984 3202 Exnoarmo
2043 3163 2119 3199 ιιι)
2195 3160 2515 3198 mamm.

1437 3249 1508 3260 ·—
1539 3221 1668 3272 Haec
1693 3221 1860 3287 igitur
1892 3218 2078 3270 omnia
2106 3219 2242 3268 bene
2268 3216 2522 3267 conside-

1435 3307 1522 3353 tra,
1545 3300 1609 3341 et
1639 3290 2021 3358 proximorum
2062 3285 2520 3350 infirmitates,ae

1435 3364 1681 3417 defectus
1725 3373 1780 3415 et
1815 3378 1999 3424 onera,
2035 3377 2160 3413 :non
2198 3361 2378 3411 solum
2420 3375 2520 3425 pa-

1437 3439 1654 3499 tienter,
1692 3438 1786 3488 sed
1822 3436 1984 3487 etiam
2010 3434 2241 3486 libenter
2273 3448 2369 3499 pro
2396 3432 2516 3483 Deo

1435 3519 1600 3576 [porta
1648 3517 1703 3560 et
1749 3508 1935 3559 tolera.
1967 3506 2135 3557 Unde
2169 3503 2518 3555 Anselmus:

1435 3599 1476 3629 ια
1497 3580 1603 3641 Qui
1625 3579 1786 3631 bonis
1816 3578 2037 3630 alterius
2061 3576 2275 3635 arridet,
2304 3574 2518 3625 Sanctis

1437 3653 1742 3719 consentin
1789 3651 1886 3719 qui
1915 3667 2062 3702 vero·
2072 3649 2290 3708 invidet,
2319 3646 2519 3697 diabo-

1435 3725 1534 3776 ssis,
1557 3724 1848 3792 Siquidem
1879 3721 2055 3788 magis
2082 3729 2211 3788 puto
2254 3716 2518 3768 salvatio-

1437 3811 1570 3848 mem
1620 3797 1737 3863 ejus
1773 3794 2089 3861 sperandam
2117 3806 2262 3851 ·,·esse
2286 3788 2380 3855 qui
2405 3802 2519 3853 pa·-

1437 3882 1569 3918 :rum
1624 3865 1751 3917 boni
1787 3864 1914 3916 facit
1972 3872 2026 3914 et
2072 3861 2224 3913 factis
2276 3858 2514 3910 aliorum

1438 3937 1614 4001 favet,
1655 3951 1821 4004 quam
1855 3935 1974 4003 eius
1992 3933 2091 4002 qui
2107 3934 2305 3997 ·,multa
2332 3940 2386 3982 et
2414 3929 2520 3983 in·-
