2757 4413
303 223 400 274 DE
430 221 708 282 QUAEST.
728 219 1019 271 JOANNIS
1042 219 1243 271 BAPT.
1271 222 1319 272 A
1338 220 1651 273 CHRISTO
1682 223 2174 279 COMMENDATI.

129 343 526 398 necessitatibus
553 341 799 408 superior
823 342 1060 408 effectus,
1087 358 1183 394 ex·-

125 429 349 468 traneam
370 413 666 481 quamdam
694 414 998 465 ambulabat
1018 414 1184 475 viam,

129 490 173 539 in
194 485 419 554 hymnis
443 495 500 535 et
525 485 860 537 orationibus
883 501 1045 536 omne
1073 501 1191 552 per·

123 560 378 611 transiens
401 569 639 624 tempuS,
661 558 948 608 hominum
967 558 1187 625 quidem

129 630 263 692 nulli,
292 631 412 680 Deo
452 639 635 679 autem
662 629 914 681 continue
940 629 1041 680 soli
1072 630 1187 680 col-

125 707 358 770 loquens.
387 702 583 767 Neque
615 701 760 752 enim
792 702 925 753 vidit
950 701 1186 769 aliquem

125 791 522 836 conservorum,
552 791 725 842 neque
749 775 898 826 visus
925 785 1006 825 est
1030 775 1186 826 alicui

126 849 345 912 horum3
395 862 505 896 non
547 847 682 897 lacte
743 862 875 897 usus
922 856 1003 898 est
1022 886 1037 908 ,
1078 863 1186 897 non

123 919 316 979 lectulo,
366 933 482 968 non
520 927 678 977 tecte,
720 934 830 968 non
880 916 1026 981 foro,
1075 934 1185 968 non

124 989 282 1055 aliquo
313 1003 544 1054 quoque
574 987 775 1053 potitus
797 998 875 1039 est
912 988 1187 1039 humano-

125 1076 244 1110 rum.
273 1061 477 1110 Sermo
514 1073 729 1109 severus
769 1069 820 1109 et
855 1059 1024 1124 lenis;
1059 1074 1184 1110 nam

124 1149 227 1183 cum
267 1132 482 1200 populo
526 1132 837 1182 Judaeorum
870 1132 1098 1184 viriliter
1135 1143 1187 1184 et

125 1207 397 1266 ferventer,
435 1221 564 1256 cum
607 1220 729 1271 rege
771 1206 1031 1268 audacter,
1059 1223 1185 1258 cum

124 1277 394 1344 discipulis
435 1276 634 1328 leniter
681 1277 1014 1344 conferebat;
1047 1279 1187 1330 nihil

124 1348 321 1412 frustra,
354 1347 444 1398 vel
470 1346 679 1406 leviter,
719 1348 808 1397 sed
842 1348 1024 1400 omnia
1051 1365 1186 1399 con-

123 1421 384 1470 venienter
401 1418 612 1485 agebat.
643 1418 864 1483 Propter
887 1419 992 1469 hoc
1014 1419 1149 1470 dixit
1169 1434 1190 1473 t

123 1491 230 1540 Non
259 1488 524 1540 surrexit
561 1488 698 1538 inter
725 1495 880 1540 natos
910 1490 1189 1541 mulierum

122 1560 276 1626 major
355 1560 575 1609 Joanne
641 1560 896 1624 Baptista
935 1577 954 1610 .-
991 1580 1020 1609 »
1076 1560 1189 1611 haec

123 1631 560 1696 chrysostomus.
618 1631 685 1680 Et
717 1631 845 1696 quia
899 1632 1069 1682 multa
1111 1641 1191 1682 est

122 1701 330 1751 Joannis
361 1715 493 1749 curn
511 1698 652 1749 Filio
678 1699 774 1750 Dei
798 1700 1027 1763 collati0,
1049 1702 1188 1766 ideo,

123 1773 408 1822 secundum
437 1771 887 1839 Chrysostomum
901 1812 918 1837 ,
950 1783 1011 1824 ut
1039 1774 1191 1841 copia

119 1843 331 1894 laudum
362 1842 593 1893 :Ioannis
626 1843 826 1894 Judaeis
856 1844 1190 1896 occasionem

124 1930 218 1964 non
237 1915 393 1964 daret
419 1912 738 1979 praeferendi
759 1914 1017 1965 Joannem
1039 1916 1194 1966 Chri·

124 1998 220 2050 sto,
261 1986 454 2037 subdit
500 1985 882 2052 distinguendo
923 1989 1190 2039 excellen-

121 2058 236 2109 tiam
265 2057 482 2110 Christi
513 2057 581 2107 ab
613 2058 920 2109 excellentia
950 2060 1189 2120 Joannis,

121 2129 287 2180 dicens
319 2145 334 2178 :
364 2127 478 2188 Qui
501 2134 680 2179 autem
709 2128 882 2179 minor
904 2137 1001 2193 est,
1032 2131 1188 2182 scili-

123 2210 191 2250 cet
212 2210 371 2251 aetate
397 2208 452 2249 et
492 2199 793 2249 multorum
826 2199 1095 2266 opinione,
1135 2201 1190 2253 in

122 2287 276 2339 regno
318 2272 609 2335 coelorum,
645 2272 699 2321 id
737 2281 818 2322 est
854 2273 909 2323 in
952 2274 1190 2325 Ecclesia

122 2342 432 2392 Sanctorum
505 2341 800 2405 militante,
873 2345 1048 2411 major
1110 2351 1193 2396 est

122 2410 222 2474 illo,
258 2409 473 2461 scilicet
506 2410 763 2476 dignitate
813 2421 865 2463 et
901 2414 1188 2479 majestate.

122 2481 266 2541 Quod
333 2482 405 2533 de
489 2481 708 2533 Christo
771 2494 908 2535 recte
987 2486 1187 2552 accipi-

121 2561 214 2614 tur,
252 2551 352 2619 qui
395 2560 530 2602 tunc
559 2551 613 2601 in
652 2553 879 2605 Ecclesia
906 2555 1188 2617 militante,

121 2638 230 2688 quae
261 2640 292 2675 a
335 2623 524 2689 primo
554 2623 697 2689 justo
731 2624 997 2692 incipiens
1019 2640 1191 2694 usque

120 2695 178 2743 ad
203 2695 472 2745 ultimum
504 2695 731 2745 electum
763 2697 1050 2761 perdurat,
1084 2698 1188 2749 mi-

121 2779 210 2815 nor
246 2781 278 2816 a
307 2765 510 2816 multis
534 2775 831 2831 reputatur.
857 2769 977 2830 Sed,
1008 2784 1192 2820 secun-

118 2837 239 2887 dum
255 2838 732 2901 Chrrsostomum,
746 2855 855 2889 non
872 2850 1027 2906 putes
1044 2844 1192 2909 quod

121 2910 477 2975 comparative
542 2924 600 2960 se
673 2910 869 2962 dixerit
936 2914 1191 2979 majorem

120 2978 335 3031 Ioanne.
371 2980 446 3031 Ut
486 2980 634 3030 enim
677 2981 838 3032 etiam
886 2982 1017 3034 dicit
1054 2987 1192 3036 Am-

121 3050 345 3113 brosius,
369 3051 477 3102 alia
504 3063 584 3103 est
601 3053 702 3104 ista
721 3063 923 3117 natura,
946 3072 1044 3108 nec
1069 3073 1193 3109 cum

120 3122 373 3174 humanis
401 3124 841 3189 generationibus
876 3143 1196 3194 comparan-

119 3192 209 3254 da,
260 3211 385 3244 non
432 3194 584 3244 enim
618 3205 790 3260 potest
815 3197 1028 3249 homini
1070 3216 1193 3250 cum

119 3263 222 3315 Deo
244 3267 366 3316 ulla
396 3281 517 3315 esse
543 3266 775 3318 collatio,
805 3269 932 3330 Vel,
961 3270 1194 3322 novissi-

120 3351 234 3388 mus
258 3339 623 3403 Angelorum,
653 3338 748 3405 qui
773 3339 830 3390 in
855 3357 1017 3408 regno
1042 3344 1200 3395 coelo-

120 3423 250 3470 rum,
284 3409 346 3460 id
380 3409 540 3460 estin
577 3411 807 3463 Ecclesia
831 3413 1196 3481 triumphante

121 3480 413 3542 ministrat,
435 3496 532 3533 seu
563 3481 826 3534 minimus
854 3485 1195 3548 Sanctorum,
1238 3487 1239 3490 ’

120 3550 205 3615 qui
229 3552 348 3618 jam
380 3551 458 3602 ibi
490 3568 615 3601 curn
642 3553 753 3615 Deo
785 3566 986 3621 regnat,
1023 3558 1196 3624 maJ'or

122 3629 193 3671 est
241 3623 346 3673 illo
397 3634 616 3689 propter
657 3634 852 3677 statum
881 3627 1155 3679 fruitionis
1178 3644 1192 3677 ε

125 3692 240 3755 quia
265 3692 510 3759 quilibet
531 3694 736 3757 beatus,
763 3707 815 3747 et
842 3699 1190 3764 comprehen-

126 3776 204 3813 sor
220 3774 712 3832 quantumcunque
724 3768 1008 3832 minimus,
1029 3772 1198 3837 major

129 3845 194 3886 est
206 3847 359 3898 actu,
379 3852 543 3903 quam
563 3838 977 3905 quilibetflviator
995 3858 1191 3909 purus3

238 3951 387 4002 VrrA
416 3952 548 4003 stu
579 3952 814 4019 Cunxsrt,
860 3972 1032 4012 τοιωε
1063 3958 1124 4010 11.

2258 228 2360 281 515

1294 335 1420 388 licet
1454 336 1651 403 aliquis
1684 337 1854 388 viator
1879 339 1951 389 sit
1976 342 2148 406 major
2174 346 2231 393 in

1294 407 1479 469 tentia,
1508 409 1690 475 aliquo
1718 409 1824 473 jam
1848 410 2020 462 beato.
2042 413 2198 464 Unde
2224 415 2364 468 Hie-

1292 495 1557 543 ronrmus
1585 499 1602 532 .·
1632 500 1661 529 ιι
1688 482 1801 533 Nos
1835 493 2012 534 autem
2049 485 2367 554 simpliciter

1293 553 1687 620 intelligamus»,
1735 558 1881 622 quod
1924 559 2103 607 omnis
2138 561 2367 615 Sanctus

1292 625 1388 691 qui
1420 626 1527 691 iarn
1556 641 1679 676 cum
1709 628 1820 678 Deo
1849 638 1945 688 est,
1976 630 2146 694 major
2175 631 2245 682 sit
2269 632 2366 684 illo

1291 698 1387 764 qui
1416 700 1594 750 adhuc
1620 700 1865 751 consistit
1887 700 1944 751 in
1973 703 2178 767 praeli0.
2199 706 2367 758 Aliud

1291 780 1372 821 est
1391 770 1533 821 enim
1553 788 1804 823 coronam
1822 773 2055 824 victoriae
2075 776 2365 841 possidere,

1291 842 1439 892 aliud
1464 843 1639 894 adhuc
1663 843 1721 894 in
1749 844 1862 895 acie
1883 845 2165 910 dimicare;
2201 847 2365 900 intel-

1289 913 1397 978 lige
1421 923 1600 964 tamen
1627 924 1887 980 quantum
1928 916 1993 965 ad
2034 918 2240 982 praemii
2273 936 2365 971 se-

1289 984 1589 1049 curitatem,
1620 1002 1730 1036 non
1761 997 2025 1054 quantum
2069 991 2134 1039 ad
2183 991 2363 1043 meriti

1291 1056 1743 1123 magnitudinem.
1767 1062 1797 1106 ‘n

1359 1141 1418 1177 11
1464 1126 1866 1180 Consum-run
1914 1148 1950 1180 A
1987 1146 2370 1185 conuomrxrss

1290 1213 1550 1248 musonis
1572 1213 1686 1256 Quo
1713 1215 1889 1250 venir.
1909 1229 1970 1239 -—
1989 1202 2194 1254 Deinde
2212 1206 2366 1271 quasi

1289 1269 1599 1319 declarando
1656 1270 1800 1336 quod
1850 1281 1959 1322 erat
2009 1272 2141 1338 plus
2208 1291 2367 1342 quam

1291 1341 1582 1408 Propheta,
1623 1345 1959 1394 commendat
1994 1361 2119 1396 eum
2152 1362 2182 1397 a
2223 1357 2367 1413 tem-

1293 1412 1440 1478 poris
1507 1413 1883 1465 commoditate
1935 1415 1992 1464 in
2044 1432 2152 1482 quo
2201 1418 2367 1480 venit,

1292 1482 1421 1548 quia
1464 1482 1522 1533 in
1568 1495 1808 1550 tempore
1848 1486 2046 1550 gratiae,
2082 1489 2368 1539 commodo

1294 1562 1348 1603 et
1387 1553 1508 1604 utili
1553 1555 1792 1605 humano
1843 1556 2041 1622 generi.
2082 1559 2130 1607 A
2180 1558 2368 1609 diebus

1295 1623 1432 1673 enim
1450 1625 1696 1688 Joannis,
1720 1624 1775 1674 id
1795 1635 1876 1675 est
1898 1637 2184 1692 postquam
2209 1628 2371 1694 coepit

1293 1693 1526 1745 Joannes
1592 1695 1882 1762 praedicare
1931 1697 2368 1749 consecutionem

1295 1766 1447 1832 regni
1472 1767 1700 1819 coelestis
1735 1785 1828 1835 per
1851 1770 2238 1835 poenitentiam,
2271 1785 2369 1821 us-

1297 1853 1398 1904 que
1419 1854 1555 1892 nunc
1578 1840 1852 1902 inclusive,
1876 1841 2003 1908 quia
2025 1851 2237 1908 tempus
2257 1858 2370 1909 gra·

1296 1911 1401 1973 tiae,
1425 1929 1455 1963 a
1480 1924 1719 1980 tempore
1743 1914 2133 1980 praedicationis
2150 1915 2370 1968 Joannis

1295 1981 1603 2034 inchoatum
1624 2023 1638 2047 ,
1691 2000 1903 2051 semper
1948 1985 2063 2047 erit,
2126 1986 2369 2052 quandiu

1297 2071 1434 2107 nunc
1464 2057 1570 2107 dici
1611 2066 1802 2123 potest,
1832 2067 1884 2107 et
1913 2072 2084 2123 usque
2102 2057 2167 2107 ad
2200 2057 2367 2109 finem

1297 2128 1484 2178 mundi
1543 2128 1789 2191 durabit;
1834 2143 2059 2194 regnum
2115 2129 2368 2181 coelorum

1297 2199 1402 2250 vim
1430 2199 1644 2265 patitur
1671 2216 1701 2250 a
1724 2199 2128 2265 poenitentibuS,
2161 2208 2212 2252 et
2248 2202 2369 2254 vio-

1297 2265 1441 2334 len'ti,
1485 2270 1563 2320 illi
1605 2271 1804 2320 scilicet
1830 2270 1925 2336 qui
1970 2287 2079 2320 non
2119 2271 2371 2323 videntur

1299 2342 1495 2394 habere
1526 2343 1630 2408 iuS‚
1660 2342 1799 2393 sicut
1840 2343 2114 2408 publicani
2153 2353 2204 2394 et
2239 2361 2367 2411 pec-

1292 2417 1517 2471 catoreS,
1558 2411 1776 2477 rapiunt
1806 2411 1956 2473 illud,
1990 2412 2218 2463 exclusis
2260 2414 2368 2463 sci-

1295 2483 1419 2533 licet
1442 2482 1571 2533 filiis
1599 2481 1769 2548 regni.
1787 2483 1835 2531 A
1859 2481 2024 2532 simili
2045 2482 2245 2533 dictum
2266 2495 2366 2546 est,

1295 2556 1435 2608 sicut
1454 2557 1500 2608 si
1529 2555 1748 2623 aliquod
1779 2571 2005 2622 regnum
2046 2555 2228 2606 datum
2252 2572 2371 2608 esse

1296 2628 1560 2679 extraneis
1578 2667 1592 2689 ,
1634 2626 1787 2694 quasi
1824 2626 2076 2677 violentia
2100 2626 2370 2678 videretur

1297 2699 1484 2751 inferri
1518 2699 1620 2767 ipsi
1653 2714 1836 2765 regno.
1880 2698 2036 2749 Unde
2065 2699 2324 2751 Hilarius
2348 2717 2369 2751 .·

1296 2791 1324 2820 α
1343 2772 1592 2838 Regnum
1613 2770 1864 2822 coelorum
1882 2769 1986 2819 vim
1995 2771 2224 2835 patitur,
2241 2770 2371 2836 quia

1298 2842 1468 2908 gloria
1495 2842 1592 2892 Dei
1623 2839 1779 2890 Israel
1821 2839 2062 2905 patribus
2102 2839 2301 2900 debita,
2335 2854 2370 2892 a

1298 2912 1584 2979 Prophetis
1626 2910 1981 2977 praenuntiata
2002 2948 2015 2971 ‚
2078 2923 2109 2959 a
2150 2910 2367 2963 Christo

1299 2984 1493 3045 oblata,
1517 2983 1621 3034 fide
1639 2981 1896 3033 Gentium
1910 2990 2211 3047 occupatur,
2233 2982 2369 3033 dum

1299 3070 1395 3121 per
1414 3054 1773 3120 poenitentiam
1794 3068 1955 3119 quarn
1979 3052 2213 3102 Joannes
2238 3068 2370 3118 prae·

1301 3125 1510 3186 dicavit,
1541 3125 1724 3176 fideles
1747 3123 1811 3174 ad
1833 3124 2097 3173 coelestem
2117 3122 2367 3188 patriam,

1302 3198 1456 3265 quasi
1496 3198 1552 3248 in
1590 3199 1767 3247 locum
1814 3196 2051 3246 alienum
2080 3205 2367 3261 penetran-

1301 3280 1400 3321 tes·
1422 3289 1449 3317 n
1479 3269 1632 3321 Unde
1654 3268 2076 3336 chrysostomus
2104 3284 2121 3316 .·
2156 3285 2178 3311 ι
2198 3266 2366 3318 Vides

1302 3356 1431 3406 ergo
1481 3339 1609 3406 quia
1643 3353 1872 3404 magnus
1915 3352 1971 3387 es
2021 3338 2267 3400 JoanneS,
2306 3338 2366 3389 in

1300 3412 1452 3477 cujus
1509 3420 1751 3477 tempore
1794 3418 1935 3459 tanta
1980 3409 2147 3474 gratia
2200 3408 2367 3459 effusa

1303 3494 1383 3535 est
1429 3499 1589 3550 super
1622 3492 1845 3548 terram;
1894 3491 1945 3533 et
1985 3483 2129 3549 quod
2175 3482 2229 3531 in
2261 3481 2371 3531 die-

1303 3557 1406 3607 bus
1446 3556 1692 3606 omnium
1734 3555 2120 3620 Prophetarum
2169 3552 2367 3602 factum

1304 3641 1415 3679 non
1450 3636 1563 3689 est,
1604 3626 1658 3678 in
1697 3625 1842 3676 illius
1888 3636 2128 3692 tempore
2167 3624 2366 3673 factum

1302 3693 1382 3751 est
1401 3737 1417 3764 ,
1445 3715 1448 3718 “
1494 3707 1547 3749 et
1611 3697 1725 3763 ipse
1795 3696 1963 3748 factus
2029 3706 2109 3747 est
2183 3692 2365 3759 gratiae

1304 3772 1466 3838 hujus
1499 3770 1743 3823 minister
1771 3785 1787 3820 t
1822 3788 1849 3819 »
1880 3768 1992 3820 haec
2028 3767 2363 3833 Chrysosto·

1306 3857 1441 3896 mus.

2139 3950 2167 4002 5
