2757 4413
370 297 476 364 708
918 292 1158 343 PRIMAE
1196 289 1446 340 PARTIS
1481 287 1714 338 CAPUT
1741 288 2016 341 LXXVIII.

369 413 415 464 si
451 411 593 461 nihil
625 409 896 474 suscipere
922 416 1079 466 esset,
1103 406 1204 456 hoc
1231 404 1434 470 ipsum,

367 483 570 534 scilicet
600 481 852 532 continue
885 477 933 528 ei
957 476 1128 542 loqui,
1157 490 1339 526 nonne
1361 475 1439 524 in-

370 554 539 605 finitis
572 553 799 618 dignum
845 548 1002 599 bonis
1038 555 1176 596 esset
1199 545 1439 596 aestima-

371 626 459 676 re?
503 624 607 674 Sed
649 621 995 677 laboriosum,
1029 617 1127 677 aiS,
1183 616 1442 666 continua

371 697 560 748 oratio,
621 697 688 746 Et
731 708 852 761 quae
900 691 999 742 tibi
1046 690 1213 757 gratia
1253 689 1442 755 utique

373 780 528 830 oeset,
553 778 614 818 ut
645 768 757 831 ejus
786 764 860 815 rei
908 763 1205 828 susciperes
1234 777 1441 811 merce-

373 844 515 903 dem,
552 841 597 892 si
646 855 757 889 non
791 836 1057 889 laboriosa
1089 836 1206 886 haec
1237 850 1323 884 res
1354 849 1443 884 es·-

375 917 489 968 set?
526 913 797 974 Quoniam
825 911 958 961 circa
987 909 1079 958 illa
1111 907 1285 974 magis
1317 907 1444 957 ani-

378 1002 468 1038 ma
551 983 834 1034 affectuose
928 978 1272 1044 disponitur,
1346 992 1444 1043 pro

377 1056 580 1123 quibus
620 1051 879 1103 laboravit
907 1069 924 1101 ;
955 1071 983 1099 n
1016 1051 1129 1100 haec
1167 1049 1445 1115 Chryses-

377 1137 569 1181 tomus.
604 1125 897 1176 Considera
920 1123 1082 1174 etiam
1124 1122 1272 1188 quod
1307 1120 1447 1171 sicut

380 1199 648 1252 Dominus
696 1194 979 1262 requisivit
1024 1192 1337 1253 infirmum,
1401 1191 1445 1243 si

378 1273 538 1325 vellet
560 1286 721 1323 sanus
751 1270 891 1333 fieri3
924 1269 999 1320 ita
1030 1268 1188 1318 nobis
1211 1268 1326 1318 sine
1352 1283 1450 1317 no-

381 1354 492 1395 stro
549 1357 809 1393 consensu
850 1341 1075 1391 salutem
1121 1355 1232 1388 non
1281 1339 1446 1389 dabit.

380 1416 448 1466 Et
481 1413 708 1464 faciliter
748 1411 1096 1477 consequitur
1135 1410 1302 1460 homo
1351 1425 1449 1460 ve·-

381 1486 529 1536 niam
579 1500 609 1534 a
647 1484 785 1542 De0,
833 1482 1130 1532 dummodo
1184 1481 1341 1542 velit,
1396 1489 1450 1530 et

379 1556 591 1606 obicem
625 1568 735 1603 non
773 1563 955 1619 ponat.
987 1553 1054 1602 Et
1082 1552 1203 1602 ideo
1228 1551 1451 1601 inexcu-

378 1626 577 1678 sabiles
630 1634 756 1674 sunt
831 1634 1131 1689 peccatores
1189 1621 1451 1673 voluntati

381 1698 621 1759 Domini,
658 1708 713 1748 et
736 1713 847 1748 suae
883 1698 1040 1748 saluti
1079 1713 1188 1747 non
1218 1712 1452 1746 consen-

380 1771 607 1829 tienteS,
659 1769 816 1833 quia,
864 1779 923 1818 ut
959 1768 1033 1818 ait
1067 1768 1408 1832 Augustinus
1434 1785 1453 1817 .-

384 1861 408 1886 ι
441 1839 546 1899 Qui
579 1839 778 1888 creavit
809 1848 862 1888 te
885 1838 1002 1887 sine
1037 1848 1106 1898 te,
1142 1853 1253 1887 non
1290 1837 1453 1903 justi-

383 1911 561 1962 ficabit
584 1920 637 1959 te
669 1909 788 1959 sine
816 1919 886 1960 te.
920 1929 948 1957 n
1432 1934 1436 1939 ·

441 1978 481 2028 6
502 1980 704 2028 Sensus
739 1994 973 2029 nonnus
1004 1994 1312 2030 saun-rioms
1355 1995 1454 2028 PA-

383 2065 645 2101 mrncr.
701 2077 762 2087 —
823 2050 1096 2100 Moraliter
1184 2050 1456 2116 probatica

381 2121 608 2188 piscina,
661 2121 715 2171 id
751 2131 831 2172 est
870 2121 1030 2172 ovilis
1069 2121 1126 2172 in
1178 2137 1285 2188 qua
1331 2137 1457 2172 oves

382 2193 700 2245 lavabantur
720 2231 733 2253 ,
776 2209 899 2259 quae
942 2192 1000 2244 in
1035 2192 1312 2252 sacrificio
1345 2192 1457 2243 Deo

385 2264 742 2316 offerebantur
763 2303 776 2325 ,
809 2265 1267 2316 conversationem
1308 2266 1460 2315 desi—

384 2348 512 2404 gnat
579 2346 813 2388 sanctam
834 2377 849 2398 ,
909 2349 962 2389 et
1005 2339 1344 2405 religiosam
1399 2339 1457 2389 in

382 2425 491 2476 qua
517 2410 720 2459 lavatur
752 2409 963 2471 anima,
1003 2425 1123 2476 quae
1158 2411 1274 2461 ovis
1300 2412 1461 2462 debet

383 2494 498 2530 esse
545 2495 640 2545 per
688 2480 1077 2540 innocentiam,
1115 2489 1178 2530 ut
1207 2480 1461 2531 offeratur

382 2551 619 2601 Domino
681 2565 775 2615 per
815 2551 1185 2616 operationem
1240 2552 1458 2603 bonam.

382 2621 566 2671 Habet
617 2620 720 2670 ista
754 2620 970 2686 piscina
1025 2620 1252 2686 quinque
1275 2623 1460 2687 porti-

383 2705 507 2753 cut,
560 2700 777 2757 propter
820 2690 1068 2755 quinque
1113 2706 1304 2741 sensus
1336 2706 1460 2741 cor·-

383 2762 532 2827 poris
554 2800 568 2823 ,
655 2777 750 2828 per
814 2776 953 2826 quos
1030 2762 1211 2812 omnis
1279 2772 1463 2813 nostra

385 2831 521 2881 actio
581 2832 647 2881 ad
704 2831 952 2882 effectum
974 2871 989 2896 ,
1025 2847 1119 2883 seu
1160 2832 1460 2898 profectum

387 2903 624 2954 ducitur.
644 2905 707 2954 In
732 2905 817 2955 his
854 2912 1051 2967 autem,
1086 2905 1140 2955 id
1174 2916 1255 2956 est
1284 2908 1460 2957 sensi-

390 2973 496 3023 bus
543 2976 760 3036 nostriS,
773 2975 919 3039 jacet
951 2977 1232 3028 multitudo
1259 2993 1460 3045 magna

390 3043 791 3109 languentium,
864 3046 994 3112 quia
1047 3048 1328 3114 multiplex
1383 3059 1463 3100 est

387 3114 663 3179 corruptio
739 3131 1002 3168 sensuum
1082 3120 1461 3185 corporalium.

387 3184 670 3252 Quotquot
699 3187 846 3238 enim
885 3188 943 3239 in
976 3191 1160 3256 aliquo
1188 3207 1349 3243 sensu
1388 3192 1461 3244 il·-

387 3254 565 3305 licitos
594 3257 864 3322 appetitus
908 3259 1033 3323 quis
1066 3261 1251 3322 habet,
1293 3272 1373 3313 tot
1402 3264 1460 3314 in

385 3325 572 3375 eodem
635 3342 795 3377 sensu
844 3329 1155 3396 languentes
1207 3333 1459 3385 continet.

382 3396 540 3461 Aqua
581 3395 640 3445 in
669 3413 834 3463 quam
865 3400 1103 3465 languidi
1138 3404 1463 3454 sanabantur

388 3465 654 3531 significat
686 3470 1188 3538 compunctionem;
1221 3475 1461 3541 Angelus

390 3550 520 3586 vero
555 3536 650 3602 qui
676 3539 923 3589 movebat
949 3554 1162 3606 aquam,
1199 3545 1461 3610 Spiritum

390 3611 666 3662 Sanctum.
706 3614 957 3680 Angelus
995 3615 1214 3668 Domini
1239 3619 1461 3671 descen-

390 3678 549 3730 debat
599 3681 655 3732 in
697 3683 993 3748 piscinam,
1042 3692 1096 3737 et
1153 3691 1461 3742 movebatur

389 3762 562 3829 aqua,
616 3759 671 3802 et
718 3756 1016 3807 sanabatur
1070 3758 1343 3827 infirmus-5
1382 3762 1462 3813 sic

388 3819 622 3883 Spiritus
650 3824 879 3878 Sanctus
908 3827 1120 3893 quoties
1148 3829 1208 3879 in
1235 3846 1335 3882 nos
1361 3833 1461 3884 de-

393 3890 619 3953 scendit,
656 3904 709 3945 et
741 3895 798 3947 in
828 3898 989 3964 nobis
1014 3900 1209 3952 excitat
1232 3903 1461 3966 gratiam
1488 3915 1495 3923 ·

1543 403 1994 467 compunctioniS,
2031 413 2247 454 sanatur
2282 413 2456 453 noster
2479 403 2585 454 ani-

1551 489 1692 533 muS,
1728 476 1811 524 vel
1842 490 2032 524 sensus
2060 490 2095 524 a
2125 489 2430 540 quacunque
2468 475 2590 524 deti-

1548 551 1701 595 netur
1733 544 2043 611 infirmitate
2065 545 2441 610 corruptionis.
2459 545 2593 595 Circa

1548 618 1681 668 istos
1745 618 1990 669 infirmos
2055 619 2340 684 praedictos
2403 629 2593 668 notatur

1550 689 1724 739 morbi
1769 689 2064 740 diversitas.
2095 690 2276 740 Omne
2313 690 2455 740 enim
2484 704 2593 754 pec-

1549 770 1744 823 catum,
1782 770 1875 812 aut
1895 760 1955 811 fit
1984 776 2078 826 per
2113 761 2364 811 inertiam
2393 770 2444 811 et
2467 760 2592 811 desi-

1551 830 1715 892 diam,
1749 842 1840 884 aut
1867 849 1963 899 per
1988 832 2385 899 ignorantiam,
2414 842 2496 882 aut
2516 848 2593 898 per

1550 905 1916 957 infirmitatem
1972 903 2271 954 humanam
2295 943 2310 963 ,
2373 915 2461 954 aut
2516 918 2594 969 per

1550 991 1746 1030 certam
1776 977 2055 1038 malitiam,
2083 988 2174 1027 aut
2206 993 2304 1042 per
2330 986 2594 1027 consuetu-

1557 1051 1740 1101 dinem
1774 1050 2011 1116 longam.
2055 1049 2136 1098 Illi
2163 1049 2263 1115 qui
2291 1059 2497 1115 peccant
2518 1063 2597 1113 per

1559 1123 1811 1174 inertiam
1836 1132 1887 1172 et
1925 1121 2206 1180 desidiam,
2228 1131 2360 1171 sunt
2384 1119 2597 1187 languidi

1556 1194 1650 1260 qui
1702 1195 1954 1258 languent
2012 1202 2232 1257 propter
2280 1191 2508 1256 inopiam
2555 1205 2598 1248 et

1553 1265 1819 1316 defectum
1882 1264 2066 1330 gratiae
2109 1272 2161 1313 et
2210 1263 2363 1313 boni.
2406 1262 2483 1313 Illi
2514 1261 2593 1327 qui

1556 1345 1768 1402 peccant
1796 1350 1892 1400 per
1919 1334 2280 1400 ignorantiam
2322 1332 2598 1398 intelligun-

1556 1416 1643 1456 tur
1687 1420 1779 1471 per
1846 1419 2045 1464 caecos,
2125 1405 2258 1470 quia
2320 1403 2440 1455 caeci
2489 1405 2598 1453 sunt

1558 1478 1651 1544 qui
1695 1477 1879 1526 lumen
1929 1475 2056 1526 fidei
2098 1492 2207 1525 non
2255 1476 2484 1535 habent,
2528 1472 2600 1522 vel

1561 1550 1655 1616 qui
1700 1564 1795 1599 nec
1834 1548 2133 1598 Dominum
2181 1564 2283 1598 nec
2328 1549 2439 1614 ejus
2465 1559 2600 1595 man·

1559 1625 1681 1674 data
1746 1632 2092 1688 cognoscunt.
2171 1624 2263 1673 Illi
2333 1622 2423 1687 qui
2496 1633 2599 1685 pec-

1560 1703 1684 1744 cant
1741 1708 1835 1758 per
1888 1691 2265 1742 infirmitatem
2304 1693 2603 1746 humanam.

1561 1765 1933 1831 intelliguntur
1998 1779 2094 1830 per
2153 1764 2403 1827 claudos;
2453 1759 2602 1812 claudi

1561 1837 1707 1887 enim
1756 1845 1882 1886 sunt
1927 1836 2023 1901 qui
2102 1834 2328 1885 firmum
2391 1846 2603 1900 gressum

1566 1923 1677 1958 non
1719 1908 1956 1968 habent,
2001 1917 2053 1958 et
2111 1907 2168 1956 in
2220 1907 2411 1974 segnita
2467 1902 2605 1970 justi-

1565 1979 1653 2029 tiae
1707 1994 1768 2029 ac
1823 1979 2094 2029 bonorum
2134 1994 2363 2045 operum
2417 1988 2605 2044 gressus

1563 2065 1670 2099 non
1711 2049 1953 2115 dirigunt
1975 2087 1989 2110 ,
2022 2050 2109 2099 vel
2154 2051 2256 2115 qui
2293 2064 2415 2117 quae
2446 2047 2605 2098 vident

1564 2120 1772 2187 operari
1804 2137 1915 2171 non
1962 2132 2212 2186 possunt.
2262 2123 2344 2173 nli
2380 2120 2469 2188 qui
2512 2131 2607 2185 pec·

1568 2202 1690 2244 cant
1716 2208 1809 2259 per
1836 2193 2117 2254 malitiam,
2138 2193 2506 2261 intelliguntur
2528 2203 2606 2257 per

1566 2266 1780 2332 aridos;
1818 2266 1948 2316 tales
1989 2266 2133 2316 enim
2171 2267 2385 2317 arefacti
2412 2273 2529 2316 sunt
2549 2262 2606 2311 ab

1575 2337 1804 2387 humore
1844 2337 2024 2403 gratiae
2053 2346 2106 2387 et
2139 2336 2429 2387 voluntatis
2456 2335 2606 2396 bonae,

1568 2423 1694 2457 nam
1717 2407 1852 2458 aridi
1869 2418 2015 2468 sunt,
2035 2408 2149 2473 qui,
2173 2408 2439 2474 quidquid
2456 2413 2605 2470 agant,

1570 2478 1690 2529 sine
1738 2478 2067 2544 pinguedine
2110 2480 2351 2529 caritatis
2406 2486 2522 2528 sunt
2562 2483 2607 2524 et

1565 2559 1872 2614 operantur,
1916 2550 1999 2600 vel
2031 2548 2126 2616 qui
2178 2550 2237 2599 in
2287 2550 2426 2601 bona
2461 2544 2606 2597 actio-

1567 2635 1634 2669 ne
1651 2657 1667 2681 ,
1706 2620 1794 2670 vel
1862 2620 2328 2686 eleemosynarum
2346 2617 2361 2634 ⁸
2398 2615 2606 2683 largitio-

1568 2708 1634 2742 ne
1725 2707 1920 2742 manus
1994 2708 2104 2743 non
2176 2693 2474 2759 porrigunt.
2538 2683 2608 2737 Illi

1573 2763 1665 2829 qui
1697 2772 1916 2828 peccant
1952 2778 2047 2828 per
2072 2762 2511 2824 consuetudinem
2536 2758 2605 2808 in·

1570 2844 1878 2894 veteratam,
1930 2833 2311 2900 intelliguntur
2357 2848 2446 2900 per
2476 2828 2611 2908 infig-

1580 2920 1733 2954 mum
1780 2904 1874 2970 qui
1920 2903 2141 2970 triginta
2200 2915 2324 2955 octo
2368 2915 2527 2953 annos
2562 2912 2609 2948 m

1572 2975 1882 3026 infirmitate
1911 2991 2008 3026 sua
2032 2975 2284 3027 habebat.
2309 2976 2428 3025 Ideo
2451 2981 2606 3023 autem

1570 3048 1750 3113 potius
1786 3048 1992 3099 sanavit
2035 3048 2201 3099 istum
2258 3048 2603 3101 inveteratum,

1569 3134 1733 3183 quam
1789 3120 2026 3185 aliquem
2082 3134 2303 3182 caecum,
2361 3116 2602 3171 claudum,

1568 3193 1651 3242 vel
1675 3192 1907 3257 aridum,
1936 3193 2003 3243 ad
2030 3193 2371 3244 innuendum
2397 3188 2531 3258 quod
2560 3183 2601 3235 Si

1569 3263 1713 3313 Deus
1738 3263 2025 3329 aliquando
2049 3264 2302 3330 justificat
2329 3260 2603 3314 hominem,

1569 3335 1663 3401 qui
1740 3336 1973 3401 peccavit
2036 3352 2132 3402 per
2193 3332 2602 3387 consuetudinem

1569 3406 1806 3471 longam,
1852 3421 1963 3456 non
2013 3407 2172 3457 debet
2209 3408 2481 3473 desperare
2513 3397 2603 3450 ali·

1567 3477 1691 3543 quis
1714 3476 1811 3543 qui
1834 3477 2084 3543 peccavit,
2108 3488 2201 3529 aut
2225 3493 2321 3544 per
2345 3473 2603 3529 desidiam,

1566 3556 1629 3597 ut
1651 3547 1976 3613 languidus3
2009 3558 2102 3599 aut
2128 3564 2223 3614 per
2247 3543 2600 3614 ignorantiam.

1567 3628 1628 3668 ut
1653 3633 1850 3682 caecus;
1885 3628 1978 3669 aut
2018 3634 2111 3685 per
2146 3618 2518 3672 infirmitatem,
2547 3616 2599 3690 {¹1

1567 3691 1820 3752 claudus;
1851 3700 1944 3741 aut
1968 3705 2065 3757 per
2094 3690 2373 3749 malitiam,
2413 3695 2469 3737 ut
2499 3696 2599 3733 an-

1567 3762 1686 3813 dus.
1719 3762 1876 3822 Quod
1915 3772 2094 3813 autem
2120 3777 2262 3812 unus
2287 3768 2486 3811 tantum
2517 3765 2597 3803 88·-

1568 3845 1726 3886 natur
1763 3836 1830 3885 de
1856 3836 2206 3886 multitudine
2231 3831 2595 3900 languidorum.

1567 3907 1743 3973 signat
1760 3908 1906 3974 quod
1929 3909 2083 3975 pauci
2110 3909 2376 3960 salvantur
2403 3903 2464 3952 de
2478 3894 2597 3950 mul·
