2757 4413
517 305 612 354 DE
645 302 1195 355 CONSOLATIONE
1228 300 1784 362 DISCIPULORUM,
1821 302 1984 354 ETC.

152 432 258 484 test,
277 437 371 486 per
398 420 587 470 omnia
604 419 902 470 conformat
914 456 929 477 ,
961 417 1037 468 ita
1057 417 1203 484 quod

151 492 377 555 animus,
409 491 566 557 quasi
594 490 680 541 sui
708 500 762 540 et
788 489 1038 539 omnium
1065 498 1204 539 exte-

149 565 349 616 riorum
372 563 597 623 oblitu&
644 578 704 613 se
728 572 904 613 totum
954 561 1013 612 in
1056 560 1205 611 divi-

146 651 265 686 nam
287 635 626 685 voluntatem
673 633 1036 692 transformet,
1061 632 1204 697 juxta

146 709 272 761 illud
322 709 559 761 verbum
602 708 824 758 Domini
865 725 881 758 ε
940 706 1045 768 Qui
1092 705 1206 756 vult

146 783 316 833 venire
324 788 459 848 post
475 795 575 846 me,
598 781 829 848 abneget
847 780 1203 846 semetipsum.

148 853 245 904 Ubi
269 852 404 903 dicit
428 852 693 916 BasiliuS,
733 852 880 918 quod
920 849 1204 916 abnegatio

142 924 400 991 suiipsius
448 935 531 976 est
563 924 745 975 totalis
774 923 859 974 sui
908 923 1111 974 oblivio
1151 931 1205 972 et

147 1011 376 1046 recessus
402 1011 433 1045 a
462 994 701 1060 propriis
722 994 1119 1056 voluntatibus;
1151 1001 1205 1044 et

149 1065 241 1117 isto
262 1067 431 1116 modo
466 1065 770 1131 relinquere
800 1065 1037 1115 animam
1071 1079 1204 1130 pro-

148 1136 307 1201 priam
351 1135 605 1186 convenit
648 1135 884 1184 secundo
912 1134 1205 1199 discipula-

144 1207 235 1258 tui.
262 1207 340 1258 Et
363 1216 498 1257 nota
523 1206 675 1272 quod
706 1205 819 1256 haec
846 1205 1032 1256 omnia
1060 1219 1203 1271 prae-

2268 303 2368 357 ⁵01

1306 415 1447 466 dicta
1459 426 1677 483 propter
1701 416 1986 469 Christum
2005 417 2375 484 relinquenda,

1306 489 1841 554 comprehenduntur
1869 490 1928 540 in
1950 490 2286 557 professione
2303 507 2383 545 re-

1307 559 1645 625 ligiosorum,
1671 560 1833 611 etiam
1869 562 1972 611 hoc
1999 563 2161 612 modo
2189 572 2242 613 et
2270 564 2377 614 ali-

1308 642 1391 682 ter
1411 646 1574 697 quam
1597 647 1776 697 supra.
1800 633 1938 682 Nam
1966 633 2171 684 relictio
2194 650 2378 689 rerum

1307 702 1638 752 exteriorum
1657 719 1717 753 ac
1745 704 1906 753 etiam
1925 705 2375 771 propinquorum,

1308 783 1363 823 et
1415 773 1743 839 amicorum,
1789 777 2263 842 comprehenditur
2318 780 2378 833 in

1309 853 1434 894 voto
1470 846 1782 897 voluntariae
1826 848 2183 913 paupertatis3
2244 851 2378 901 reli-

1306 916 1416 967 ctio
1450 916 1576 967 vitae
1625 919 1855 968 carnalis
1907 929 1960 969 et
2006 920 2377 974 delectationis

1307 991 1606 1056 corporalis
1632 989 1953 1058 intelligitur
1994 993 2052 1042 in
2074 1004 2200 1043 voto
2226 997 2377 1047 casti-

1309 1062 1461 1124 tatis;
1521 1062 1729 1114 relictio
1775 1064 2009 1130 propriae
2082 1067 2377 1121 voluntatis

1311 1131 1633 1198 intelligitur
1661 1133 1716 1183 in
1744 1144 1869 1184 voto
1896 1135 2241 1189 obedientiae.

1119 1433 1394 1486 ORATIO

200 1605 433 1656 Domine
458 1605 587 1655 ‚lesu
618 1603 848 1665 Christe,
879 1603 1134 1670 splendor
1177 1612 1409 1670 paternae
1456 1603 1660 1672 gloriae,
1699 1604 1853 1657 mitte
1893 1604 1952 1655 in
1995 1619 2086 1655 me
2112 1604 2300 1670 ignem
2325 1613 2379 1655 et

144 1677 400 1730 fervorem
429 1677 669 1744 Spiritus
716 1677 923 1739 Sancti,
959 1688 1021 1728 ut
1047 1678 1363 1729 accendatur
1408 1688 1464 1729 et
1505 1688 1761 1744 augeatur
1788 1694 1848 1728 ac
1873 1677 2177 1744 perficiatur
2204 1677 2262 1727 in
2289 1693 2379 1729 me

144 1753 321 1802 caritas
348 1752 450 1803 Dei
485 1762 537 1802 et
557 1750 810 1818 proximi.
832 1751 913 1802 Da
936 1750 1072 1802 mihi
1103 1749 1441 1802 affectionem
1467 1752 1694 1803 carnalis
1718 1751 2139 1819 propinquitatis
2165 1761 2216 1801 et
2233 1766 2382 1803 amo·

144 1840 246 1875 rem
273 1825 571 1893 corporalis
597 1824 966 1875 delectationis
1004 1824 1229 1875 omnino
1265 1824 1604 1891 relinquere,
1637 1836 1799 1892 teque
1841 1841 2002 1892 super
2034 1824 2220 1876 omnia
2246 1825 2380 1875 dili-

141 1912 270 1962 gere,
299 1913 360 1947 ac
389 1912 486 1964 per
514 1895 1000 1947 considerationem
1047 1907 1100 1947 et
1134 1895 1517 1947 discretionem
1542 1895 1600 1946 in
1627 1897 1883 1947 omnibus
1909 1896 2131 1962 agendis
2159 1896 2377 1957 habere,

141 1981 186 2019 et
211 1985 497 2036 nunquam
529 1969 587 2018 in
628 1967 909 2019 securitate
948 1967 1147 2019 virium
1173 1969 1259 2018 vel
1297 1968 1617 2019 meritorum
1665 1984 1912 2019 meorum
1942 1966 2236 2030 confidere3
2282 1968 2378 2019 sed

140 2040 453 2106 legationem
498 2040 856 2105 lacrymarum
900 2049 956 2090 et
1006 2038 1276 2089 bonorum
1327 2054 1553 2104 operum
1584 2053 1799 2105 semper
1836 2038 1902 2087 ad
1930 2047 1979 2087 te
2011 2038 2242 2097 mittere,
2276 2052 2377 2102 pa-

140 2128 353 2179 cemque
393 2129 427 2165 a
467 2122 522 2162 te
551 2121 731 2177 petere
767 2121 821 2162 et
859 2121 1148 2179 reportare.
1183 2112 1264 2163 Da
1305 2111 1470 2162 etiam
1515 2111 1656 2163 mihi
1688 2121 1748 2161 ut
1783 2110 2043 2162 omnibus
2070 2110 2376 2163 renuntiem

142 2198 196 2233 ex
224 2183 437 2247 affectu,
464 2193 521 2236 et
546 2181 733 2235 omnia
761 2182 1066 2250 relinquam
1088 2181 1147 2235 in
1172 2181 1382 2244 effectu,
1402 2191 1465 2235 ut
1479 2181 1560 2236 sic
1583 2192 1712 2235 tuus
1739 2197 1898 2235 verus
1920 2182 2026 2234 sim
2059 2181 2374 2248 discipulus,

145 2257 330 2309 Amen.

982 2495 1320 2601 CAPUT
1413 2530 1540 2598 LV

144 2783 240 2851 De
278 2781 763 2852 consolatione
799 2780 1313 2875 discipulorum
1360 2781 1553 2850 inter
1591 2802 1803 2851 onera
1831 2789 2371 2874 praeceptorum.

544 3057 838 3121 Matthaei
878 3077 1018 3144 cap.
1061 3078 1138 3122 ιο
1162 3070 1227 3121 et
1262 3081 1364 3137 11,
1396 3057 1665 3122 Joannis
1690 3081 1827 3146 cap.
1870 3063 1968 3123 13.

207 3311 229 3345 1
245 3296 356 3356 Qm
371 3312 789 3348 rumorem-omas
803 3313 1029 3358 metr,
1050 3297 1212 3349 Ctuu·

1316 3300 1525 3368 recipit,
1552 3301 1931 3386 spiritualiter3
1942 3310 2008 3369 ,et
2029 3304 2120 3371 qui
2138 3317 2219 3353 me
2236 3302 2381 3356 reci-

141 3380 274 3417 srtm
345 3369 810 3426 Tarmia-renone
869 3384 1096 3420 nscrrrr.
1144 3396 1209 3408 --

1307 3370 1412 3440 pit,
1433 3372 1625 3439 recipit
1644 3387 1759 3424 eum
1784 3374 1875 3440 qui
1893 3389 1973 3429 me
2001 3374 2164 3425 misit.
2192 3372 2382 3426 Simile

148 3435 275 3495 Quia
311 3452 448 3488 vero
486 3438 759 3488 Dominus
795 3447 1006 3504 separat
1047 3439 1211 3491 disci-

147 3509 290 3572 pulos
342 3510 419 3560 ab
468 3510 660 3560 amicis
728 3520 782 3561 et
825 3511 1212 3578 temporalibus

146 3578 332 3641 bonis,
389 3580 485 3630 dat
549 3580 630 3631 eis
681 3597 782 3664 pro
847 3581 1214 3635 consolatione

142 3650 270 3702 alios
303 3652 405 3719 qui
459 3667 556 3703 eos
602 3654 876 3704 caritative
920 3653 1216 3721 suscipient

146 3730 194 3771 et
214 3722 349 3788 ipsis
377 3723 576 3775 domos
603 3739 729 3775 suas
751 3725 1008 3792 aperient,
1037 3739 1098 3774 ac
1118 3739 1216 3774 ne-

146 3806 369 3844 cessaria
393 3794 793 3846 ministrabunt
815 3796 956 3859 vitae,
1001 3805 1219 3862 propter

148 3877 289 3929 spem
325 3867 714 3920 retributionis
740 3879 967 3929 aeternae,
993 3867 1178 3919 dicens
1199 3886 1212 3919 z

150 3934 252 3998 Qui
291 3940 507 4007 recepit
551 3956 667 4005 νος,
713 3942 1073 4009 corporaliter,
1133 3954 1249 3993 me*

1316 3442 1447 3493 alibi
1480 3444 1728 3508 habetur,
1758 3446 1851 3497 ubi
1883 3447 2121 3498 dicitur:
2148 3446 2258 3508 Qui
2279 3460 2381 3497 ac·-

1316 3513 1449 3580 cipit
1496 3514 1547 3564 si
1594 3531 1742 3582 quem
1780 3517 2005 3581 misero,
2040 3532 2122 3569 me
2164 3516 2378 3585 accipit.

1318 3584 1429 3647 Qui
1458 3591 1634 3637 autem
1676 3602 1760 3638 me
1788 3588 2002 3654 accipit,
2019 3588 2228 3669 accipit
2264 3601 2382 3638 eum

1317 3655 1413 3722 qui
1461 3670 1545 3706 me
1587 3657 1749 3710 misit.
1794 3658 1967 3719 Quia,
2018 3658 2234 3724 inquit,
2283 3670 2382 3710 vos

1320 3726 1567 3776 membra
1595 3742 1713 3777 mea
1744 3728 1892 3788 estiS,
1939 3739 1991 3779 et
2016 3743 2114 3792 ego
2146 3727 2201 3775 in
2226 3725 2384 3779 vobis

1320 3812 1444 3847 sum
1476 3812 1491 3846 ε
1522 3797 1632 3858 Qui
1673 3799 1862 3866 recipit
1911 3813 2022 3861 vos,
2061 3811 2143 3847 me
2172 3796 2381 3867 recipit.

1320 3869 1583 3920 Similiter
1621 3881 1799 3922 autem
1824 3872 1952 3939 quia
1978 3871 2107 3936 Ego
2132 3876 2186 3921 et
2211 3870 2384 3922 Pater

1324 3955 1481 3993 unum
1506 3955 1717 4007 samur,
1748 3953 1801 3995 et
1836 3959 1934 4010 ego
1966 3958 2087 3993 sum
2114 3940 2173 3992 in
2207 3944 2381 4004 Patre,
