2757 4413
980 349 1074 406 ET
1127 348 1611 440 NUMERORUM.
2318 348 2421 402 823

238 466 547 520 bulationes
591 478 644 519 et
667 466 1089 533 vituperationes

233 538 543 590 tolerandas
563 539 809 604 exemplo
826 537 1093 604 suiipsius

235 610 504 661 hortatur.
1138 609 1238 676 481

182 698 243 734 1o
276 684 535 733 Hortatur
557 681 716 733 etiam
747 697 838 733 eos
863 682 930 733 ad
953 682 1095 733 tole-

238 752 471 803 rantiam
538 768 604 803 ex
663 752 1092 804 consideratione

1416 466 1819 532 divini'judicii,
1844 466 1936 518 ubi
1962 469 2265 521 manifesta·

1419 537 1623 588 buntur
1647 538 1847 592 omnia.
2311 540 2417 605 483

1367 622 1422 659 11
1463 608 1686 673 Pigritia
1721 618 1902 659 nostra
1945 609 2139 660 merito
2175 626 2266 663 re-

1422 680 1793 746 prehenditur.
2311 683 2420 749 484

320 989 554 1042 CAPUT
586 990 723 1042 LIII.
760 1017 823 1030 -
863 990 949 1042 De
978 996 1148 1043 morte
1185 1004 1287 1042 non
1329 991 1563 1042 timenda
1600 996 1654 1042 et
1695 991 1912 1043 Christo
1941 993 2255 1059 confitendo.

212 1179 229 1213 1
263 1163 343 1213 De
370 1173 543 1215 morte
583 1163 824 1231 corporis
866 1172 1084 1231 propter

232 1249 326 1285 sex
357 1235 594 1286 rationes
616 1251 723 1285 non
754 1235 1011 1286 timenda.
1129 1234 1234 1300 485

207 1321 235 1355 2
266 1306 452 1357 Prima
488 1306 640 1367 ratio,
679 1322 743 1357 ex
773 1307 1083 1357 considera-

232 1377 382 1427 tione
408 1378 663 1428 humanae
688 1377 1033 1443 impotentiae.
1128 1377 1232 1444 485

205 1445 232 1497 3
261 1448 507 1499 Secunda
546 1447 700 1508 ratio,
732 1463 797 1497 ex
829 1447 1081 1497 conside-

231 1519 438 1570 ratione
503 1519 701 1569 divinae
764 1518 1041 1583 potestatis
1062 1556 1077 1580 ,

231 1605 354 1656 quae
379 1591 493 1640 sola
513 1590 755 1640 timenda
780 1599 878 1639 est.
1126 1587 1233 1655 487

198 1677 234 1727 4
264 1661 447 1711 Tertia
479 1660 634 1721 ratio,
672 1674 736 1710 ex
771 1657 1078 1710 considera-

229 1731 373 1781 tione
401 1730 760 1781 Providentiae
785 1728 995 1779 divinae.
1125 1727 1232 1795 488

202 1803 229 1854 5
258 1805 460 1865 Quarta
500 1802 652 1863 ratiO,
676 1816 742 1853 ex
764 1800 1076 1852 considera-

1411 1163 1559 1216 tione
1587 1163 1782 1216 futurae
1806 1164 2233 1217 resurrectionis.
2305 1163 2413 1231 489

1382 1234 1415 1285 6
1446 1236 1650 1296 Quinta
1676 1236 1831 1297 rati0,
1862 1252 1926 1286 ex
1948 1236 2260 1287 considera-

1412 1307 1560 1360 tione
1616 1308 1781 1358 beatae
1847 1306 2257 1366 retributionis»,

1411 1377 1630 1428 Christo
1690 1377 1974 1428 confitente
2025 1393 2117 1428 eos
2162 1377 2256 1443 qui

1408 1450 1589 1513 ipsum
1615 1448 1843 1498 confessi
1866 1448 2101 1498 fuerunt.
2305 1462 2412 1514 490

1378 1533 1411 1584 7
1440 1517 1597 1567 Sexta
1642 1517 1795 1577 rati0‚
1834 1533 1897 1567 ex
1943 1518 2255 1570 considera-

1405 1586 1551 1638 tione
1609 1587 1801 1638 futurae
1859 1588 2221 1639 damnationis
2236 1626 2252 1652 ,

1406 1659 1625 1711 Christo
1699 1671 1919 1726 negante
1991 1655 2083 1712 eos
2159 1661 2254 1727 qui

1404 1730 1586 1797 ipsum
1612 1740 1950 1797 negaverunt.
2301 1745 2408 1799 490

371 2035 609 2088 CAPUT
649 2033 791 2100 LIV..
827 2060 887 2072 -
924 2032 1013 2084 De
1052 2033 1367 2100 quibusdam
1408 2034 1798 2100 impedimentis
1836 2034 2195 2101 perfectionis

739 2129 753 2151 ‘
987 2125 1040 2170 et
1069 2120 1300 2187 sequelae
1342 2122 1572 2173 Christi.

204 2337 220 2373 1
258 2324 338 2373 De
387 2320 509 2388 igne
555 2322 613 2372 in
650 2331 847 2371 terram
883 2319 1073 2383 misso,

223 2394 517 2459 praesertim
540 2402 779 2458 tempore
808 2392 1077 2443 Passionis

225 2464 448 2515 Christi.
1121 2479 1222 2532 491

198 2552 226 2585 2
254 2537 524 2587 Dominus
552 2536 808 2602 gladium,
840 2552 949 2587 non
972 2551 1072 2602 pa·-

223 2624 357 2668 cem,
391 2608 603 2659 mittere
626 2609 791 2660 venit.
1118 2623 1222 2675 492

198 2677 225 2727 3
288 2679 545 2729 Primum·
619 2678 1070 2744 impedimentum

224 2747 563 2815 perfectionis
596 2758 647 2798 et
687 2750 918 2814 sequelae
957 2750 1073 2799 Do-

223 2822 356 2872 mini
402 2838 416 2871 :
459 2821 796 2871 inordinatus
842 2821 1070 2887 propin-

223 2908 458 2960 quorum
488 2907 656 2944 amor.
1116 2891 1220 2960 493

192 2978 227 3028 4
250 2963 558 3014 Secundum
583 2961 1031 3028 impedimentum
1053 2980 1069 3014 z

225 3034 463 3101 corporis
486 3043 537 3084 et
563 3034 852 3100 voluptatis
881 3051 1051 3088 amor.
1115 3052 1226 3105 494

198 3107 225 3158 5
254 3108 375 3169 Quo
399 3122 563 3158 sensu
585 3107 767 3158 anima
798 3108 1070 3159 invenitur

221 3180 316 3229 vel.
340 3179 584 3246 perditur
610 3177 668 3228 in
712 3179 814 3230 hoc
862 3180 1068 3231 mundo

223 3261 272 3302 et
295 3251 351 3301 in
377 3251 578 3301 futuro·
1116 3268 1225 3321 494

195 3319 226 3371 6
264 3321 404 3383 Quis
456 3335 609 3371 amor
672 3331 955 3388 parentum
1017 3332 1069 3375 et

1397 2322 1593 2372 animae
1618 2323 1849 2388 propriae
1866 2339 1897 2374 a
1916 2321 2137 2374 Christo
2160 2338 2249 2373 ex-

1400 2392 1645 2444 cluditur.
2292 2395 2400 2464 496

1369 2481 1401 2532 7
1460 2464 1703 2515 Tertium
1792 2464 2246 2530 impedimentum

1402 2533 1742 2600 perfectionis
1779 2544 1831 2586 et
1860 2536 2091 2603 sequelae
2134 2538 2245 2587 Do-

1399 2606 1536 2656 mini
1568 2625 1581 2657 :
1613 2607 2003 2659 inconsiderata
2049 2609 2243 2660 mentis

1398 2680 1602 2733 levitas·
2289 2700 2396 2753 497

1364 2751 1412 2801 8·
1443 2751 1706 2812 Quartum
1746 2752 2190 2818 impedimentum
2224 2771 2240 2805 ε

1396 2825 1558 2873 stulta
1580 2823 1903 2874 confidentia
1930 2823 1987 2873 in
2008 2826 2240 2891 propriis

1394 2894 1618 2944 viribuS.
2289 2900 2397 2968 498

1363 2981 1398 3034 9
1428 2966 1694 3027 Quintum
1741 2966 2191 3032 impedimentum
2225 2988 2240 3022 :

1393 3039 1703 3090 divitiarum
1732 3055 1901 3091 amor.
2291 3047 2397 3115 498

1339 3125 1401 3165 10
1447 3110 1811 3177 Discipulatus
1870 3113 2072 3164 Christi
2134 3117 2243 3168 du-

1394 3186 1535 3250 plex,
1570 3196 1624 3237 et
1645 3187 1777 3253 quid
1810 3187 1868 3238 in
1891 3198 2124 3255 utroque
2157 3208 2242 3243 re-

1393 3255 1748 3321 linquendum
1773 3259 1879 3310 sit?
2287 3278 2396 3331 499

465 3538 688 3590 CAPUT
725 3539 838 3592 LV.
876 3566 939 3579 —-
972 3541 1058 3592 De
1096 3543 1460 3596 consolatione
1510 3546 1896 3614 discipulorum
1943 3547 2083 3600 inter

959 3645 1125 3682 onera
1151 3640 1566 3701 praeceptorum.

197 3842 214 3879 1
258 3827 363 3889 Qui
422 3829 791 3895 praedicatores
849 3830 1056 3898 recipit,

218 3899 495 3951 Christum
523 3899 952 3968 Trinitatemque
981 3919 1056 3955 re·

1387 3835 1542 3901 cipit.
2282 3838 2394 3908 501,

1357 3920 1388 3954 2
1419 3907 1618 3958 Merces
1654 3921 1818 3974 quam
1856 3906 2030 3972 justus
2060 3907 2231 3959 Judex
