2757 4413
326 285 428 353 572

307 398 599 468 satIga'tus
620 407 788 462 etseq
814 398 1002 448 volens
1025 397 1176 463 prius
1199 397 1384 447 inten-

318 473 445 523 dere
484 468 819 521 conversioni
845 469 1305 519 Samaritanorum
1330 476 1386 516 et

319 541 528 607 operari
552 556 614 591 ea
636 555 760 606 quae
775 549 926 590 erant
952 538 1192 604 spiritus,
1217 552 1383 604 quam

318 627 382 662 ea
420 627 541 677 quae
589 621 741 662 erant
784 610 1042 676 corporis,
1086 620 1386 676 quantum-

318 697 531 748 cunque
555 692 685 732 tunc
706 681 985 747 indigeret.
1014 681 1075 730 1n
1110 695 1220 746 quo
1247 680 1386 729 dans

320 756 626 821 exemplum
666 754 789 804 aliis
833 752 1085 803 similiter
1131 751 1380 812 faciendi,

319 826 556 877 ostendit
606 825 770 875 verbo
831 833 885 875 et
930 823 1069 874 facto
1119 832 1383 890 quantum

320 898 629 963 praedioetor
692 895 965 962 Evangelii
1040 895 1196 946 debet
1268 909 1386 945 esse

318 968 585 1018 sollicitus
636 968 702 1017 de
749 968 925 1017 salute
972 965 1282 1026 hominum,
1330 974 1386 1015 et

319 1047 645 1103 postponere
675 1053 838 1088 omne
881 1036 1029 1087 aliud
1068 1035 1380 1102 negotium3

320 1122 374 1160 et
416 1111 565 1176 quod
607 1110 775 1160 homo
823 1110 978 1160 debet
1044 1125 1161 1160 ense
1209 1107 1386 1174 magis

320 1182 582 1232 sollicitus
607 1182 677 1232 de
699 1180 782 1232 sui
813 1181 1046 1247 proximi
1080 1181 1253 1232 salute
1278 1179 1388 1245 spi·

317 1251 517 1312 rituali,
542 1267 707 1318 quam
731 1252 799 1319 de
834 1252 1051 1319 propria
1073 1250 1384 1301 necessitate

318 1324 599 1389 corporali..
643 1325 794 1385 Item,
826 1324 1076 1390 conspice
1110 1323 1387 1390 quomodo

316 1393 569 1460 fatigatus
596 1404 648 1445 et
675 1394 954 1446 famelicus
991 1395 1138 1445 sedet
1165 1395 1224 1444 in
1247 1404 1386 1444 terra

313 1466 475 1526 nuda,
518 1481 629 1515 non
674 1466 955 1532 supposito
997 1464 1290 1532 pulvinari3
1330 1474 1388 1515 et
1443 1528 1444 1531 Ἴ

312 1535 549 1586 reficitur
592 1552 721 1586 cum
746 1536 1066 1602 flffiscipulis,
1100 1537 1239 1588 sicut
1279 1536 1389 1587 ali-

314 1609 441 1675 quis
475 1624 678 1675 pauper
721 1608 787 1659 de
829 1610 1030 1675 populo
1080 1609 1382 1675 communi3

318 1698 415 1731 nec
442 1682 507 1731 ad
555 1697 749 1747 magna
786 1682 1024 1747 hospitia
1068 1682 1126 1732 in
1176 1683 1386 1733 civitate

316 1752 576 1813 declinat,
637 1753 779 1802 sicut
829 1769 931 1803 nos
993 1753 1199 1804 miseri.
1261 1755 1388 1804 Non

319 1822 471 1873 enim
507 1823 727 1888 legitur,
765 1823 915 1888 quod
954 1822 1223 1874 civitatem
1258 1833 1387 1874 tunc
1445 1826 1450 1845 ¹

321 1894 615 1956 intraverit,
650 1912 723 1946 ne
756 1896 862 1946 sibi
904 1897 1203 1947 contrarius
1246 1908 1387 1948 esset

321 1968 417 2033 qui
444 1968 726 2034 discipulis
749 1968 889 2018 dixit
917 1984 931 2018 :
956 1969 1035 2019 Et
1066 1969 1123 2019 in
1139 1969 1386 2020 civitates

323 2040 791 2092 Samaritanorum
812 2053 877 2091 ne
897 2040 1249 2093 intraveritis.
1272 2043 1384 2093 Nec

948 278 1193 331 PRIMAE
1216 275 1468 328 PARTIS
1500 270 1734 329 CAPUT
1760 278 1919 330 LXII'.

1490 396 1686 458 credas,
1716 399 1864 465 quod
1895 396 2009 447 sola
2053 395 2153 446 hac
2183 395 2300 446 vice
2319 395 2379 445 in
2412 403 2553 447 terra

1490 469 1725 519 comedit
1744 468 2012 520 Dominus
2039 466 2266 516 humilis
2306 476 2374 516 et*
2399 480 2556 516 nma-

1489 549 1575 589 tor
1611 539 1954 606 paupertatis,
1985 539 2077 589 sed
2110 553 2254 603 saepe
2286 553 2415 588 cum
2445 537 2559 587 ibat

1489 625 1587 676 per
1614 612 1898 675 mundum,
1938 609 2249 660 comedebat
2287 618 2438 658 extra
2475 608 2559 658 ci-

1487 681 1705 732 vitatem
1744 692 1799 732 et
1844 680 2047 742 villam,
2086 681 2153 730 ad
2193 678 2432 745 aliquem
2478 679 2560 728 ri-

1487 771 1617 805 vum
1662 756 1746 806 vel
1794 755 1998 806 fontem
2011 792 2026 818 ,
2078 762 2559 820 quantumcunque

1489 825 1739 892 fatigatus
1775 826 1914 877 foret
1934 835 1987 877 et
2011 825 2256 875 afflictus.
2300 825 2421 874 Non
2451 825 2557 874 ha-

1491 897 1650 948 bebat
1675 913 1792 948 cara
1816 908 1872 948 et
1893 896 2160 963 exquisita
2186 895 2401 956 cibaria,
2439 910 2558 945 non

1489 985 1618 1021 vasa
1654 971 1864 1022 diversa
1907 971 1993 1020 vel
2033 969 2257 1029 curiosa,
2288 984 2400 1018 non
2427 983 2559 1034 pre-

1488 1040 1627 1091 tiosa
1666 1049 1720 1090 et
1754 1041 1975 1090 delicata
2010 1039 2149 1103 vina,
2197 1039 2290 1089 sed
2320 1038 2560 1088 habebat

1490 1127 1685 1178 aquam
1749 1126 1941 1178 puram
1986 1111 2052 1160 de
2099 1111 2217 1175 ipso
2271 1108 2420 1159 fonte
2470 1108 2560 1158 vet

1490 1183 1624 1243 rive,
1652 1198 1772 1250 quae
1803 1182 1990 1235 vinens
2043 1179 2308 1238 fecundat,
2357 1187 2411 1229 et
2448 1193 2556 1244 pa-

1492 1270 1617 1305 nem
1665 1265 1923 1320 tanquam
1979 1267 2182 1319 pauper
2238 1250 2432 1301 sedens
2496 1249 2556 1299 in

1489 1335 1628 1376 terra
1709 1324 1994 1375 humiliter
2054 1321 2398 1381 comedebat,
2466 1319 2562 1385 qui

1490 1412 1665 1449 escam
1690 1397 1835 1448 omni
1864 1397 2026 1447 carni
2062 1394 2351 1445 ministrat.
2380 1392 2560 1443 Com-

1491 1481 1668 1536 patere
1710 1468 1833 1530 sibi,
1866 1468 1995 1534 quia
2017 1467 2166 1517 vides
2196 1481 2322 1516 eum
2354 1463 2561 1529 fatiga-

1489 1554 1624 1603 tum,
1656 1552 1709 1593 et
1728 1542 1804 1592 sic
1841 1540 2219 1601 humiliatum3
2251 1555 2310 1588 ac
2331 1546 2559 1587 susten-

1489 1615 1687 1665 tatione
1758 1622 1917 1679 potus
1986 1620 2040 1662 et
2101 1610 2208 1660 cibi
2262 1606 2562 1674 corporalis

1489 1685 1841 1752 indigentem,
1867 1693 1920 1735 et
1946 1683 2084 1733 sicut
2111 1690 2312 1732 ceteros
2353 1679 2421 1729 de
2450 1693 2557 1744 po·

1490 1758 1618 1822 pulo
1671 1756 1760 1806 his
1805 1764 2063 1805 utentem.
2092 1753 2248 1803 Unde
2281 1749 2560 1816 Augusti-

1490 1842 1591 1878 nus
1614 1845 1631 1878 :
1660 1845 1690 1874 α
1717 1824 1951 1876 Esurivit
1987 1824 2082 1890 qui
2131 1837 2317 1872 omnes
2365 1818 2557 1886 pascit,

1465 1899 1664 1953 ,sitivit
1698 1897 1793 1964 qui
1829 1907 1911 1947 est
1937 1895 2060 1946 sons
2090 1893 2410 1952 sitientium,
2438 1889 2562 1940 fati-

1490 1979 1644 2036 gatus
1664 1978 1746 2020 est
1772 1984 1835 2019 ex
1863 1967 2073 2026 itinere,
2103 1965 2198 2032 qui
2221 1965 2365 2015 viam
2388 1961 2556 2012 nobis

1489 2040 1614 2092 fecit
1640 2040 1696 2091 in
1721 2040 1933 2090 coelum.
1960 2058 1986 2085 n

1297 2310 1576 2365 ORATIO

387 2539 623 2589 Domine
642 2539 768 2589 Jesu
791 2537 1023 2598 Christe,
1047 2537 1203 2587 dives
1224 2536 1475 2587 omniurn
1496 2536 1762 2585 bonorum
1789 2540 1844 2583 et
1865 2529 2093 2597 largitor
2104 2526 2522 2595 opulentissime
2540 2565 2556 2586 ,

325 2611 394 2660 da
414 2611 551 2659 mihi
586 2610 809 2676 fatigato
838 2610 899 2659 in
936 2610 1100 2675 hujus
1139 2609 1264 2658 vitae
1295 2608 1487 2658 itinere
1513 2607 1697 2657 cibum
1731 2612 1791 2654 et*
1826 2612 2034 2668 potum,
2067 2610 2128 2651 ut
2168 2598 2373 2651 reficiar
2406 2614 2437 2650 a
2460 2608 2555 2664 te;

322 2680 446 2731 fons
472 2681 591 2731 vitae
616 2691 669 2731 et
699 2680 945 2730 omnium
976 2680 1267 2746 gratiarum
1296 2680 1584 2741 uberrime,
1615 2691 1707 2726 cor
1734 2689 1918 2724 meum
1940 2673 2008 2723 ab
2035 2674 2280 2722 ubertate
2302 2671 2560 2736 volupta-

325 2751 397 2802 tis
428 2763 534 2802 tuae
575 2752 800 2812 inebria,
842 2763 907 2803 ut
927 2752 1284 2803 obliviscatur
1324 2750 1510 2800 omnia
1539 2749 1642 2800 ista
1685 2745 2012 2797 transitoria.
2061 2743 2224 2793 Panis
2251 2742 2426 2801 vivus,
2457 2741 2558 2808 qui

325 2838 606 2889 nunquam
639 2822 838 2886 deficis,
879 2824 949 2874 da
980 2823 1121 2874 mihi
1170 2822 1315 2872 hunc
1346 2821 1526 2872 cibum
1557 2818 1910 2885 spiritualem,
1939 2824 2001 2867 ut
2026 2824 2175 2866 tuam
2204 2815 2261 2864 in
2295 2813 2561 2865 omnibus

322 2896 512 2947 faciam
550 2889 908 2960 v'oluntatem3
939 2912 1096 2947 mane
1133 2896 1273 2962 apud
1329 2911 1418 2946 me
1455 2896 1593 2945 duos
1638 2890 1779 2953 dies,
1832 2899 2097 2957 quatenus
2132 2891 2242 2940 duo
2293 2898 2560 2958 praecepta

324 2968 570 3032 caritatis,
598 2969 947 3034 duorumque·
965 2968 1435 3018 Testamentorum
1464 2965 1626 3015 fidem
1657 2978 1748 3014 me
1774 2976 1952 3014 amare
1978 2961 2139 3012 facias
2165 2971 2218 3013 et
2248 2960 2557 3019 observare,

325 3052 386 3090 ac
414 3038 566 3089 ten-tia
590 3039 696 3102 die,
720 3037 928 3089 scilicet.
951 3038 1154 3105 glorie,
1177 3037 1323 3103 apud
1351 3046 1405 3088 te
1435 3050 1646 3102 semper
1673 3048 1905 3085 manere.
1932 3033 2127 3083 Amen.

1241 3417 1622 3546 Q
