2757 4413
372 302 478 369 466

378 430 693 483 universum,
728 415 733 421 ’
735 412 1037 483 praedicate
1077 405 1132 458 E
1136 402 1439 486 vangelium

375 500 516 554 omni
565 497 848 547 creaturae.
895 481 1001 545 Qui
1039 475 1346 559 crediderit,
1391 478 1444 555 εξ

377 572 680 639 baptizatus
709 558 907 628 fuerit,
947 552 1133 604 salvus
1172 554 1292 599 erit.
1320 546 1439 629 'Qui

379 657 505 697 vero
529 653 631 691 non
661 627 966 689 crediderit,
987 618 1440 674 condemnabatur.

382 716 487 769 Ubi
528 710 903 773 Hieronymus
934 717 951 751 .·
980 715 1008 743 «
1052 696 1172 746 Non
1210 701 1290 742 est
1320 705 1441 741 con-

374 786 569 840 trarius
607 783 755 831 locus
796 774 896 825 iste
930 768 978 821 ei
1026 773 1289 834 praecepto
1333 777 1442 827 quo

378 870 560 929 postea
587 851 786 905 dicitur
815 864 829 898 ε
860 845 1066 897 Euntes
1094 852 1230 903 ergo
1262 836 1444 886 docete

377 943 555 985 omnes
584 925 798 983 Genea,
829 915 959 984 quia
986 912 1089 962 hoc
1114 918 1237 959 ante
1266 921 1443 987 resur-

379 1001 689 1057 rectionem,
734 988 867 1043 illud
918 992 1040 1052 post
1093 986 1442 1030 resurrectio-

379 1090 502 1126 nem
546 1072 871 1137 praeceptum
916 1065 1013 1108 est.
1061 1053 1126 1103 Et
1166 1049 1444 1131 oportebat

376 1146 526 1213 prius
589 1140 876 1191 adventum
939 1124 1141 1180 Christi
1200 1130 1444 1172 nuntiare

375 1213 591 1271 Judaeis,
623 1223 691 1258 ne
718 1206 911 1272 justam
940 1196 1196 1248 haberent
1222 1204 1443 1274 excusa-

379 1289 602 1343 tionem,
622 1280 858 1331 dicentes
884 1288 898 1321 t
925 1269 1048 1321 Ideo
1068 1282 1124 1318 se
1144 1267 1441 1315 Dominum

378 1356 637 1424 rejecisse,
666 1348 795 1417 quia
836 1343 902 1395 ad
935 1342 1134 1392 Gentes
1167 1345 1219 1386 et
1252 1336 1443 1385 Sama-

380 1432 583 1483 titanos
625 1418 913 1489 Apostolos
959 1410 1186 1463 miserit.
1217 1427 1246 1455 n
1289 1406 1445 1457 Unde

380 1512 431 1555 et
469 1494 775 1563 Gregorius
803 1508 820 1542 .·
846 1508 874 1536 α
902 1486 1226 1548 Redemptor
1264 1487 1446 1528 noster

382 1572 532 1641 prius
559 1566 660 1620 soli
684 1564 877 1615 Judaeae
912 1555 1102 1614 voluit,
1130 1562 1181 1604 et
1213 1558 1448 1617 postmo-

379 1649 511 1698 dum
536 1637 742 1693 cunctis
767 1631 1030 1685 Gentibus
1067 1623 1359 1694 praedicari,
1386 1632 1447 1672 ut

381 1720 511 1769 dum
550 1714 641 1765 illa
681 1716 864 1759 vocata
901 1698 1136 1753 converti
1179 1703 1443 1754 renueret,

382 1785 752 1856 praedicatores
794 1771 961 1827 sancti
994 1769 1068 1821 ‘ad
1111 1766 1445 1819 vocationem

381 1857 637 1912 Gentium
706 1864 800 1917 per
861 1843 1104 1895 ordinem
1164 1838 1439 1900 venirent;

382 1938 645 1997 quatenus
687 1913 1058 1983 Redemptoris
1094 1908 1264 1962 nostri
1305 1922 1448 1973 prae-

383 1997 667 2058 dicatione,
706 2008 736 2042 a
772 1984 1004 2055 propriis
1037 1982 1277 2048 repulsa,
1316 1992 1448 2043 gen-

384 2070 504 2121 tiles
525 2065 774 2134 populos,
794 2055 949 2126 quasi
973 2062 1270 2108 extraneos,
1295 2062 1449 2129 qufe-

384 2148 604 2193 retent:
635 2156 662 2184 n
706 2135 822 2185 haec
864 2124 1188 2192 GregoriuS.
1227 2121 1450 2186 Mystice

384 2217 437 2268 in
460 2213 599 2265 viam
622 2206 866 2262 Gentium
889 2217 998 2252 non
1022 2208 1103 2250 est
1121 2191 1448 2254 abeundum,

384 2287 439 2339 id
486 2293 566 2336 est
614 2280 807 2331 modus
847 2269 1060 2326 vivendi
1099 2281 1286 2319 eorum
1338 2278 1449 2312 non

385 2367 465 2410 est
511 2353 798 2413 tenendus;
846 2356 896 2398 et
947 2344 1001 2395 in
1048 2339 1293 2423 civitates
1340 2335 1452 2421 ξα-

386 2432 813 2487 maritanorum,
881 2434 976 2488 per
1038 2429 1174 2483 quas
1225 2409 1451 2496 ‚sig‘mfi-

383 2512 570 2554 cantur
623 2492 993 2550 conventicula
1055 2488 1449 2544 haereticorum,

387 2592 496 2627 non
536 2582 616 2624 est
644 2569 948 2621 intrandum
974 2577 1069 2630 per
1104 2571 1449 2610 consensum.

386 2646 535 2696 Sicut
564 2642 711 2693 enim
745 2631 1084 2689 Samaritani.
1115 2629 1170 2679 id
1200 2638 1280 2678 est
1299 2628 1451 2677 Gen-

382 2715 523 2773 tiles,
554 2711 749 2778 partim
782 2706 1038 2757 tenebant
1062 2702 1228 2752 Vetus
1256 2698 1452 2778 Testa-

387 2793 652 2840 mentum,
701 2788 754 2829 et
799 2775 994 2843 partim
1031 2770 1326 2836 negabant3
1373 2782 1452 2818 sic

386 2851 621 2907 haeretici
670 2848 865 2916 partim
919 2841 1241 2895 confitentur
1288 2837 1451 2889 fidem

386 2924 612 2985 Christi,
632 2932 684 2973 et
713 2918 906 2987 partim
934 2923 1145 2980 negant.

452 2995 480 3046 5
517 2995 662 3052 lma,
687 3006 818 3049 Qum
842 2998 1178 3037 munierunt
1197 2995 1452 3032 bunnar.

387 3098 447 3109 —
465 3067 672 3119 Deinde
697 3058 998 3114 ostenditur
1014 3056 1188 3107 forma
1210 3053 1454 3113 docendi,

386 3158 509 3194 cum
537 3138 734 3190 dicitur
764 3153 778 3186 ε
813 3134 1019 3186 Euntes
1049 3136 1223 3180 autem
1241 3127 1456 3194 proedi-

386 3218 520 3274 cate,
566 3209 801 3260 dicentes
840 3202 965 3269 quia
1007 3197 1458 3266 appropinquabit

386 3294 614 3349 regnum
634 3275 905 3329 coelorum.
926 3269 1091 3331 Quasi
1114 3269 1254 3318 dicat
1279 3283 1293 3318 ε
1319 3266 1458 3317 Prae-

386 3353 573 3411 dicate,
602 3347 731 3415 quia
759 3358 925 3412 prope
961 3350 1058 3400 est,
1097 3349 1157 3390 ut
1193 3338 1459 3405 aperiatur

389 3424 549 3489 janua
603 3416 756 3483 regni
800 3411 1062 3470 coelestiS,
1107 3409 1306 3460 scilicet
1339 3425 1458 3459 mea

389 3491 659 3548 passione,
680 3486 825 3554 quod
858 3497 1082 3549 regnum
1109 3490 1229 3531 ante
1251 3479 1456 3531 Christi

389 3563 675 3614 adventum
724 3566 836 3608 erat
880 3556 1054 3619 longe,
1096 3551 1224 3619 quia
1275 3551 1458 3601 nullus

387 3641 593 3701 poterat
625 3629 753 3680 illuc
779 3624 1070 3694 pervenire.
1089 3624 1203 3674 Hoc
1231 3637 1456 3687 regnum

391 3700 751 3754 diversimode
789 3696 1118 3748 nominatur.
1149 3693 1458 3760 Aliquando

388 3788 613 3839 regnum
640 3770 756 3835 Dei,
781 3785 812 3821 a
848 3775 1130 3833 regnante;
1168 3763 1460 3830 aliquando

390 3853 570 3893 autern
607 3856 835 3908 regnum
863 3838 1139 3896 coelorum,
1169 3851 1199 3886 a
1227 3833 1460 3886 subditis

390 3913 629 3980 Angelis,
659 3923 712 3965 et
735 3909 964 3972 Sanctis,
991 3908 1086 3976 qui
1116 3912 1234 3964 coeli
1261 3911 1459 3963 dicun-

1018 289 1256 339 PRIMAE
1294 285 1541 338 PARTIS
1575 284 1808 337 CAPUT
1840 286 1926 337 LI.

1546 411 1652 451 tur.
1698 400 1830 451 Item
1855 400 2017 451 etiam
2044 401 2172 466 quia
2211 415 2377 466 prope
2429 412 2532 461 est,
2561 415 2623 456 ut

1550 472 1662 523 Rex
1690 473 1945 524 coelorum
1987 482 2172 539 regnet
2200 472 2255 522 in
2295 473 2624 526 hominibus

1548 546 1652 599 sibi
1684 547 1916 598 subditis
1950 547 2007 597 in
2043 547 2164 606 fide,
2209 558 2261 597 et
2297 547 2626 599 hominibus

1551 618 1943 671 obedientibus.
2001 618 2099 668 Vel
2168 619 2630 685 appropinquabit

1557 705 1784 756 regnum
1814 690 2083 753 coelorum,
2129 690 2183 740 id
2222 700 2303 742 est
2347 691 2630 751 Christus,

1551 762 1648 827 qui
1701 771 1781 812 est
1831 762 1984 811 dator
2034 761 2186 827 regni
2245 762 2530 812 coelorum.
2581 764 2633 813 A

1553 832 1928 898 praedicatione
1957 832 2120 898 igitur
2161 833 2311 899 regni
2340 834 2629 894 coelorum,

1551 901 1821 969 incipiunt
1855 905 2088 954 Joannes
2142 913 2195 953 et
2241 903 2518 964 Christus,
2575 917 2630 956 et

1547 975 1799 1042 discipuli
1828 977 1962 1042 ejus.

1611 1048 1644 1100 6
1705 1050 1976 1101 Por-esus
2025 1065 2293 1101 »unacum
2354 1066 2627 1102 Parmam

1546 1123 1843 1174 Arosrous
1869 1138 2138 1173 concessa.
2166 1151 2227 1161 —
2258 1123 2324 1173 Et
2358 1122 2487 1188 quia
2518 1124 2627 1173 do-

1548 1197 1718 1247 ctrina
1742 1212 1851 1246 non
1871 1205 1950 1246 est
1972 1194 2174 1254 efficax,
2193 1195 2297 1246 nisi
2326 1196 2467 1246 adsit
2490 1210 2627 1262 pro-

1549 1266 1713 1326 bati0,
1759 1266 2004 1331 sequitur
2050 1267 2243 1316 modus
2293 1267 2628 1318 conveniens

1548 1338 1612 1388 ad
1645 1336 1982 1402 probandum
2006 1336 2280 1388 veritatem
2311 1336 2477 1401 hujus
2517 1338 2631 1389 do-

1549 1408 1754 1468 ctrinae,
1802 1407 2004 1459 scilicet
2040 1423 2199 1474 opera
2234 1407 2370 1458 facta
2422 1409 2631 1460 virtute

1550 1478 1751 1538 divina,
1782 1493 1906 1529 cum
1931 1478 2130 1528 dicitur
2161 1495 2175 1528 ε
2208 1477 2479 1544 InfirmOS,
2512 1495 2633 1529 cor-

1551 1567 1683 1617 pore
1717 1551 1799 1602 vel
1844 1560 2051 1611 mente,
2099 1557 2284 1602 curate
2291 1567 2312 1612 ‚·
2359 1559 2632 1612 mortuo-5,

1552 1622 1609 1673 in
1646 1639 1868 1689 corpore
1893 1623 1975 1673 vel
2002 1622 2059 1672 in
2089 1622 2289 1682 anima,
2329 1624 2635 1687 suscitate5

1555 1696 1814 1761 leproSOS‚
1852 1708 2122 1759 respersos
2160 1693 2385 1744 maculis
2410 1693 2467 1743 in
2495 1710 2634 1745 cor-

1553 1783 1681 1835 pore
1704 1768 1784 1818 vel
1804 1767 2001 1827 anima,
2028 1767 2276 1817 mundate
2288 1782 2309 1828 ;
2334 1766 2632 1831 daemoneS,

1552 1841 1619 1893 ab
1648 1839 1905 1898 obsessis,
1947 1848 2000 1889 et
2031 1837 2257 1888 crimina
2301 1853 2331 1888 a
2369 1849 2633 1904 peccato-

1551 1912 1722 1971 ribus,
1774 1909 1966 1977 ejicite.
2023 1908 2124 1959 Hic
2164 1919 2442 1974 ponuntur
2481 1925 2633 1975 qua-

1554 1992 1676 2033 tuor
1696 1995 1886 2047 genera
1912 1979 2305 2030 miraculorum,
2323 1981 2388 2029 ad
2417 1981 2634 2046 praedi-

1553 2053 1778 2104 cationis
1835 2051 2318 2102 confirmationem.
2380 2053 2638 2105 Procedit

1553 2138 1731 2178 autem
1762 2126 1896 2175 ordo
1926 2126 2222 2175 secundum
2254 2126 2583 2193 mysterium
2618 2145 2635 2180 ι

1554 2198 1684 2265 quia
1704 2195 1904 2247 infirmi
1935 2206 2080 2258 sunt,
2113 2197 2207 2264 qui
2233 2197 2638 2252 tentationibus

1557 2269 1928 2333 consentiunt3
1968 2269 2166 2320 mortui
2205 2279 2348 2329 sunt,
2379 2270 2474 2336 qui
2504 2287 2639 2337 ope-

1561 2351 1764 2403 rantur,
1812 2351 1865 2392 et
1900 2341 2063 2408 digna
2098 2341 2289 2391 mortis
2331 2357 2494 2407 opera
2545 2344 2641 2395 fa-

1558 2414 1731 2478 ciunt3
1779 2413 1976 2479 leprosi
2014 2424 2160 2471 sunt,
2198 2412 2292 2479 qui
2334 2425 2643 2466 consuetu-

1556 2486 1683 2536 dine
1700 2501 1757 2536 se
1777 2494 1829 2534 et
1845 2485 1980 2534 alios
2007 2483 2281 2546 inficiunt;
2309 2484 2643 2538 daemoniaci

1557 2566 1701 2616 sunt,
1729 2555 1823 2621 qui
1864 2564 2238 2605 contemnunt.
2276 2555 2401 2605 Hoec
2443 2567 2643 2608 autem

1557 2628 1677 2680 ideo
1696 2628 1964 2679 Dominus
1991 2627 2272 2686 concessit,
2292 2637 2353 2677 ut
2375 2626 2493 2692 ipsa
2520 2630 2644 2679 mi-

1557 2701 1860 2756 raculorum
1908 2698 2146 2765 operatio
2181 2699 2343 2749 fidem
2385 2703 2642 2754 sermoni

1558 2788 1745 2824 eorum
1773 2771 1979 2823 faceret.
2019 2770 2171 2822 Unde
2205 2771 2595 2839 Hieronymus
2623 2793 2642 2827 .·

1558 2863 1586 2892 α
1623 2846 1702 2897 Ne
1729 2843 2048 2895 hominibus
2083 2842 2384 2903 rusticanis,
2416 2855 2469 2895 et
2497 2847 2644 2899 abs-

1558 2931 1664 2983 que
1712 2914 1912 2982 eloquii
1958 2924 2233 2965 venustate
2295 2914 2529 2967 indoctis
2585 2931 2646 2971 et

1559 2988 1866 3048 illitteratis,
1880 2987 2256 3054 pollicentibus
2276 3003 2440 3054 regna
2462 2991 2646 3041 coelo-

1561 3075 1683 3110 rum
1709 3073 1870 3109 nemo
1892 3058 2129 3108 crederet
2155 3074 2169 3107 ε
2199 3057 2289 3108 dat
2310 3067 2647 3124 potestatem

1563 3129 1821 3181 miracula
1841 3127 2087 3187 faciendi,
2110 3138 2172 3178 ut
2197 3128 2649 3194 magnitudinem

1564 3200 1976 3268 promissorum,
2003 3199 2192 3265 probet
2220 3200 2542 3265 magnitudo
2574 3204 2651 3254 si·

1566 3287 1817 3339 gnorum.
1870 3291 1895 3315 ιι
1944 3270 2100 3321 Unde
2149 3279 2201 3319 et
2263 3269 2578 3336 Gregorius
2631 3292 2651 3326 .-

1567 3365 1592 3391 a
1637 3343 1900 3408 Adiuncta
1937 3349 2066 3392 sunt
2101 3349 2279 3390 autem
2314 3341 2652 3407 praedicato-

1563 3417 1715 3469 ribus
1764 3414 1968 3465 sanctis
2019 3412 2309 3474 miracula,
2358 3423 2417 3464 ut
2469 3414 2650 3470 fidem

1565 3490 1746 3544 verbis
1773 3490 1924 3540 daret
1948 3488 2120 3539 virtus
2147 3497 2389 3552 ostensa;
2416 3498 2466 3539 et
2497 3507 2650 3545 nova

1563 3562 1810 3624 facerent,
1857 3557 1952 3627 qui
2002 3574 2138 3609 nova
2204 3559 2575 3625 praedicarent.
2615 3583 2646 3612 n

1564 3633 1630 3684 Et
1673 3632 1868 3682 iterum
1911 3646 1924 3681 ε
1956 3648 1983 3677 «
2011 3631 2136 3681 Hoec
2160 3639 2339 3680 autem
2380 3630 2536 3696 signa
2576 3634 2644 3687 in

1563 3702 1784 3754 exordio
1806 3699 2054 3751 Ecclesiae
2074 3698 2366 3750 necessaria
2379 3697 2611 3754 fuerunt
2623 3719 2640 3768 ;

1565 3783 1627 3825 ut
1656 3772 1802 3823 enim
1839 3770 1971 3822 fides
1999 3779 2249 3821 cresceret
2275 3768 2643 3836 credentium,

1565 3842 1839 3895 miraculis
1854 3850 1964 3893 erat
1982 3839 2276 3891 nutrienda.
2300 3859 2326 3887 »
2351 3838 2421 3890 Et
2441 3840 2643 3908 Chry-

1558 3919 1830 3966 sostomus
1864 3930 1882 3965 .·
1930 3928 1958 3958 α
2010 3911 2198 3960 Postea
2236 3920 2415 3961 autem
2462 3919 2643 3963 stete-
