2757 4413
381 234 484 286 530

1001 230 1239 283 PRIMAE
1270 230 1516 282 PARTIS
1548 230 1781 283 CAPUT
1810 232 1987 284 LVIII.

375 347 690 416 spectaculis
717 346 995 408 desistens,
1040 345 1105 396 ad
1148 346 1443 398 Ecclesiam
1546 348 1637 399 his
1664 348 1855 400 litteris
1886 348 2129 400 elicietur
2164 349 2450 414 judicium,
2484 351 2614 416 quia

379 419 537 484 ieris,
593 416 977 470 claudicantem
1021 416 1213 483 pedem
1260 433 1443 468 corre-

376 493 524 544 xisti.
581 492 639 542 Si
702 501 880 542 autem
936 489 1205 541 destiteris
1258 492 1441 541 oculos

376 577 500 616 tuos
545 579 576 615 a
620 562 897 614 meretrice
942 571 995 613 et
1044 562 1441 628 pulchritudine

368 637 559 700 aliena,
593 651 756 686 caecos
773 634 1055 685 existentes
1081 633 1351 700 aperuisti.
1381 636 1437 685 Si

371 723 467 774 pro
495 706 746 758 satanicis
786 704 891 756 viis
930 704 1176 755 didiceris
1204 705 1437 770 psalmos

370 779 694 846 spirituales,
731 786 917 827 mutus
946 775 1181 826 existens
1225 776 1435 827 locutus

368 865 445 900 es.
484 848 611 899 Haec
650 848 831 913 itaque
870 844 1124 896 miracula
1158 855 1286 897 sunt
1313 861 1433 897 ma-

369 920 532 981 xima,
563 918 678 970 haec
707 917 859 984 signa
894 926 1019 967 sunt
1059 915 1429 982 inopinabilia.

368 992 424 1044 Si
455 992 573 1043 haec
599 991 750 1057 signa
777 988 1059 1041 fecerimus
1092 998 1145 1040 et
1174 989 1276 1055 ipsi
1310 1004 1430 1039 ma-

367 1063 460 1130 gni
511 1062 732 1129 quidem
781 1069 835 1110 et
875 1058 1150 1110 mirabiles
1193 1074 1287 1125 per
1314 1059 1430 1110 haec

365 1134 587 1194 erimus,
617 1142 669 1182 et
701 1130 1028 1197 perniciosos
1057 1131 1335 1181 universos
1362 1130 1427 1180 ad

363 1204 622 1256 virtutem
647 1203 999 1262 attrahemus‚
1021 1211 1072 1252 et
1092 1202 1269 1253 futura
1294 1201 1430 1251 frue-

363 1290 488 1327 mur
512 1275 621 1326 vita
652 1291 666 1325 z
699 1293 727 1322 »
750 1274 863 1324 haec
890 1273 1329 1342 Chrysostomus.
1349 1272 1429 1322 De

363 1348 466 1399 hoc
495 1348 656 1398 etiam
687 1347 854 1397 habes
888 1361 1068 1413 supra,
1101 1345 1238 1396 circa
1264 1344 1426 1396 finem

358 1419 624 1471 sermonis
641 1418 861 1469 Domini
891 1418 945 1469 in
978 1426 1180 1470 monte.

428 1489 456 1541 5
504 1492 582 1542 Ex
615 1506 719 1542 noc
745 1505 878 1541 sono
909 1504 1252 1554 caunannuu,
1283 1504 1426 1549 Quot>

360 1579 562 1615 nonnul
589 1579 806 1614 scam-A
834 1578 954 1613 snu-
986 1578 1037 1612 m
1074 1578 1256 1614 coems.
1283 1590 1344 1602 —
1367 1562 1425 1613 Si

358 1651 486 1702 ergo
522 1651 631 1685 non
673 1644 754 1685 est
779 1634 1117 1701 gaudendum
1147 1635 1203 1685 in
1237 1635 1424 1700 subje-

358 1707 536 1758 ctione
558 1705 877 1772 spirituum,
907 1706 1078 1756 multo
1119 1705 1303 1757 minus
1342 1717 1423 1757 est

356 1777 695 1843 gaudendum
746 1774 801 1824 in
853 1775 1182 1840 subjectione
1235 1775 1421 1826 homi-

353 1864 505 1908 num,
531 1856 583 1898 et
605 1847 777 1897 adhuc
798 1845 982 1897 minus
1003 1846 1061 1897 in
1090 1846 1422 1911 subjectione

344 1932 534 1973 ,rerum
560 1916 938 1983 temporalium
957 1955 971 1978 ,
1000 1917 1067 1968 de
1107 1917 1309 1984 quibus
1334 1928 1422 1969 ta·—

355 2005 478 2040 men
523 1989 754 2055 gaudent
797 1987 972 2051 multi,
1019 1986 1180 2038 etiam
1207 1988 1302 2055 qui
1338 1987 1421 2039 vi-

352 2060 545 2110 dentur
594 2057 899 2125 spirituales
945 2066 998 2108 et
1051 2055 1248 2109 bevoti.
1296 2059 1418 2109 Ideo

350 2128 630 2196 subjungit
683 2145 698 2178 t
755 2128 995 2179 Gaudete
1034 2134 1210 2179 autem
1234 2167 1247 2190 ,
1290 2129 1417 2195 quia

349 2202 561 2254 nomina
584 2208 764 2253 vestra
795 2199 1015 2267 scripta,
1050 2210 1102 2251 et
1123 2200 1243 2252 sine
1272 2201 1418 2253 obli-

347 2278 507 2328 vione
538 2274 814 2326 memoriae
832 2273 1024 2325 tradita
1063 2276 1266 2327 suntin
1305 2290 1418 2327 coe-

347 2348 434 2412 lis,
461 2347 516 2398 id
546 2356 625 2398 est
644 2346 702 2397 in
731 2346 871 2396 libro
897 2344 1041 2408 vitae,
1064 2346 1186 2397 licet
1211 2347 1419 2399 delean·

345 2429 436 2470 tur
460 2429 713 2484 tanquam
744 2417 945 2467 malum
976 2425 1028 2466 et
1051 2416 1328 2482 ejiciantur
1358 2419 1414 2468 in

345 2489 504 2541 terris
546 2498 599 2539 et
645 2487 931 2538 hominum
972 2487 1325 2553 reputatione.
1370 2490 1416 2539 E

344 2569 559 2620 contra,
600 2558 823 2609 nomina
854 2558 1120 2609 malorum
1162 2559 1414 2622 scribun-

342 2640 430 2681 tur
481 2639 534 2679 et
579 2628 992 2695 magnificantur
1034 2627 1093 2678 in
1134 2629 1309 2690 terris,
1358 2640 1413 2681 et

343 2699 465 2750 ideo
511 2714 617 2749 non
660 2699 721 2748 in
762 2697 930 2750 coelis.
987 2698 1046 2748 In
1098 2697 1239 2749 libro
1290 2699 1411 2751 vitae

342 2769 650 2835 aliquorum
687 2769 912 2821 nomina
937 2767 1190 2819 dicuntur
1215 2770 1413 2837 scripta

343 2840 622 2907 dupliciter
672 2859 688 2893 ι
742 2857 853 2892 uno
887 2841 1068 2906 modo,
1111 2843 1409 2894 secundum

342 2921 660 2978 praesentem
697 2912 957 2978 justitiam
1001 2928 1124 2979 quae
1151 2913 1411 2980 scriptura

342 2993 424 3035 est
450 2984 723 3048 delebilis3
756 2983 861 3035 alio
890 2984 1079 3047 modo,
1109 2987 1408 3037 secundum

341 3064 594 3106 aeternam
683 3053 1211 3121 praedestinationem
1283 3072 1408 3124 quae

339 3125 603 3192 scriptura
626 3136 707 3176 est
734 3124 1066 3191 indelebilis3
1097 3135 1151 3177 et
1176 3136 1407 3195 utroque

339 3200 502 3250 modo
544 3200 767 3250 nomina
807 3214 995 3250 eorum
1033 3209 1183 3251 erant
1207 3202 1406 3268 scripta

336 3270 393 3322 in
445 3271 620 3332 coelis,
667 3271 796 3338 quia
849 3280 998 3321 erant
1046 3271 1403 3337 praedestinati

333 3351 390 3393 et
428 3358 554 3393 cum
585 3341 689 3393 hoc
720 3341 982 3392 habebant
1021 3342 1245 3408 gratiam
1279 3343 1402 3411 Dei3

338 3412 469 3481 quia
500 3413 602 3464 ista
633 3412 879 3480 gloriatio
908 3427 1072 3479 quam
1102 3412 1404 3466 habuerunt

333 3487 402 3537 de
446 3485 701 3551 ejectione
747 3486 1054 3536 daemonum
1077 3523 1093 3546 ,
1151 3501 1259 3536 non
1297 3486 1403 3537 fuit

335 3556 559 3607 mortale
582 3565 875 3623 peccatum.
900 3555 957 3606 Si
976 3564 1155 3607 autem
1170 3565 1222 3607 et
1244 3567 1400 3609 tuum

335 3645 535 3680 nomen
562 3630 643 3682 vis
678 3628 840 3681 scribi
871 3629 927 3680 in
955 3628 1132 3689 coeliS‚
1158 3629 1313 3682 stude
1338 3639 1402 3681 ut

333 3697 538 3749 bonum
585 3709 638 3751 et
690 3714 797 3749 non
850 3699 1053 3749 malum
1124 3698 1397 3765 opereris3

333 3770 462 3835 quia
490 3772 667 3839 qualia
696 3786 856 3839 opera
892 3771 1040 3833 facis,
1067 3770 1264 3823 talibus
1292 3787 1399 3824 no·-

330 3854 458 3892 men
484 3851 638 3895 tuum
668 3841 983 3896 inscribitur
1008 3840 1220 3907 litteris,
1254 3851 1308 3895 et
1332 3858 1398 3895 ex

1548 418 1604 469 in
1628 420 1945 487 Apocalypsi
1972 420 2170 471 dicitur
2189 439 2202 470 ε
2222 421 2468 472 Judicati
2491 428 2616 473 sunt

1545 489 1743 540 mortui
1779 504 1854 540 ex
1881 490 1966 541 his
1993 505 2113 556 quae
2138 491 2348 556 scripta
2375 499 2539 542 erant
2560 494 2613 543 in

1544 558 1735 622 libris,
1790 562 2075 612 secundum
2133 576 2297 628 opera
2349 563 2612 627 ipsorum·

1542 630 1694 681 Unde
1716 632 1869 683 Beda
1893 649 1911 683 .·
1942 651 1970 679 α
1997 633 2290 684 Salubriter
2307 643 2490 683 autem
2520 634 2611 685 in-

1539 700 1891 768 telligendum
1916 712 2013 768 est,
2043 702 2189 769 quod
2211 703 2323 754 sive
2350 703 2607 768 coelestia,

1537 773 1651 823 sive
1696 774 1964 825 terrestria
1998 775 2124 841 quis
2161 791 2320 841 opera
2361 778 2608 841 gesserit,

1537 858 1630 909 per
1683 844 1799 896 haec
1853 844 2004 912 quasi
2050 845 2242 895 litteris
2295 856 2604 909 annotatus,

1535 917 1674 981 apud
1703 918 1800 969 Dei
1829 919 2146 969 memoriam
2180 918 2250 969 sit
2284 920 2607 972 aeternaliter

1532 987 1740 1039 affixus.
1784 989 2044 1050 Quaedam
2092 1000 2268 1040 autem
2313 1000 2442 1042 sunt
2480 1006 2604 1058 quae

1533 1059 1843 1112 scribuntur
1864 1061 2083 1127 quidem
2105 1078 2212 1111 non
2245 1061 2303 1111 in
2331 1062 2461 1125 vita,
2488 1065 2600 1127 sed,

1531 1131 1829 1181 secundum
1854 1131 2264 1198 Hieronymum,
2286 1131 2343 1202 in
2364 1141 2530 1194 terra,
2543 1144 2602 1185 ut

1531 1203 1827 1253 secundum
1881 1204 1984 1253 hoc
2028 1204 2356 1271 intelligatur
2400 1206 2601 1272 duplex

1531 1273 1775 1339 quaedam
1808 1274 2130 1340 conscriptio
2177 1292 2191 1326 ε
2234 1276 2436 1326 horum
2475 1278 2603 1344 qui-

1530 1345 1653 1394 dem
1683 1345 1751 1395 ad
1775 1345 1961 1405 vitam,
1987 1346 2205 1397 illorum
2237 1349 2303 1397 ad
2336 1349 2602 1414 perditio-

1531 1430 1673 1466 nem.
1708 1416 1868 1476 Quod
1910 1427 2089 1467 autem
2136 1418 2333 1468 dicitur
2359 1418 2428 1468 de
2457 1419 2599 1471 libro

1527 1487 1846 1550 viventium,
1894 1488 2214 1556 intelligitur
2258 1491 2321 1541 de
2366 1491 2460 1542 his
2502 1493 2596 1559 qui

1527 1559 1677 1626 digni
1709 1562 2033 1627 putabantur
2073 1562 2129 1612 in
2159 1562 2299 1612 libro
2328 1563 2427 1613 Dei
2459 1579 2596 1615 con-

1527 1631 1706 1683 scribi.
1752 1632 1819 1683 Et
1844 1634 2137 1683 secundum
2165 1633 2268 1683 hoc
2299 1632 2414 1684 fieri
2452 1635 2595 1686 dici-

1525 1714 1615 1755 tur
1670 1705 1946 1772 scripturae
1995 1705 2250 1767 mutatio,
2300 1707 2526 1772 quando
2562 1723 2593 1759 a

1524 1773 1720 1825 virtute
1759 1775 2048 1826 dilabimur
2079 1775 2135 1826 in
2183 1788 2479 1842 peccatum,
2511 1779 2592 1829 vel

1523 1861 1553 1896 e
1573 1857 1783 1897 contra:
1802 1866 1830 1894 n
1843 1847 1958 1898 haec
1979 1848 2149 1898 Beda.
2168 1848 2448 1901 Gaudeant
2466 1866 2591 1918 ergo

1524 1916 1774 1983 discipuli
1818 1917 2041 1980 Christi,
2076 1934 2186 1968 non
2221 1919 2288 1969 de
2322 1919 2591 1972 humilia-

1521 1989 1670 2040 tione
1699 1990 2007 2041 daemonum
2040 1990 2132 2056 qui
2161 2006 2257 2057 per
2278 1993 2589 2058 superbiam

1521 2060 1638 2111 coeli
1679 2061 1860 2111 sedem
1887 2061 2212 2122 amiserunt,
2256 2062 2349 2112 sed
2388 2063 2459 2114 de
2498 2079 2592 2115 sua

1522 2130 1927 2192 sublimatione,
1974 2131 2104 2197 quia
2146 2130 2202 2180 in
2242 2132 2421 2182 locum
2464 2133 2593 2185 illo-

1523 2218 1645 2254 rum
1672 2202 1821 2254 electi
1851 2213 2010 2264 sunt,
2056 2214 2116 2254 ut
2153 2203 2299 2255 unde
2335 2204 2415 2256 illi
2447 2206 2589 2257 ceci-

1520 2274 1716 2324 derunt
1747 2273 2053 2333 sublimati,
2097 2273 2226 2326 illuc
2264 2276 2355 2326 isti
2395 2292 2589 2328 ascen-

1521 2346 1650 2396 dant
1684 2344 1977 2395 humiliati.
2002 2344 2138 2395 Illud
2160 2346 2306 2396 enim
2324 2348 2586 2413 gaudium

1520 2431 1720 2467 vanum
1747 2425 1799 2466 et
1827 2416 2117 2482 temporale
2144 2427 2250 2480 est3
2278 2417 2380 2468 hoc
2401 2430 2583 2470 autem

1517 2487 1647 2538 utile
1689 2495 1742 2538 et
1784 2495 2064 2538 aeternum.
2115 2487 2250 2537 Illud
2287 2487 2355 2538 ad
2387 2504 2584 2541 vanam

1519 2560 1736 2626 respicit
1792 2559 2041 2626 gloriam;
2100 2559 2207 2611 hoc
2245 2545 2341 2611 ad’
2351 2563 2584 2627 gloriam

1518 2640 1719 2698 spectat
1763 2638 2034 2681 aeternam.
2078 2631 2144 2681 Et
2184 2631 2315 2681 illud
2358 2632 2582 2698 quidem

1516 2702 1681 2753 simul
1734 2701 1931 2752 habere
1979 2711 2206 2768 possunt
2256 2711 2308 2751 et
2356 2703 2486 2753 mali
2532 2714 2583 2755 et

1516 2773 1671 2837 boni3
1703 2773 1806 2824 hoc
1826 2781 2004 2823 autem
2036 2788 2146 2823 non
2170 2773 2276 2831 nisi
2306 2773 2459 2826 boni.

1577 2844 1611 2896 6
1645 2845 1930 2896 Exsurrxr
1969 2845 2238 2896 Canis-rus
2265 2861 2332 2895 ετ
2361 2860 2584 2897 Gnarus

1514 2932 1637 2967 acu·
1655 2932 1723 2966 nr:
1733 2930 2027 2967 vocxrxomz
2048 2929 2408 2966 mavunonuu
2419 2934 2490 2967 An
2505 2934 2586 2970 sa-

1514 3002 1846 3038 man-ruun—
1859 2987 1926 3037 Et
1939 2985 2066 3052 quia
2080 2986 2306 3052 regressi
2327 2987 2584 3054 discipuli

1513 3060 1579 3111 de
1609 3061 1823 3111 duobus
1847 3059 2149 3125 gaudebant
2180 3076 2193 3110 z
2225 3060 2421 3125 primo,
2453 3061 2584 3128 quia

1513 3130 1945 3197 praedicationem
2012 3145 2198 3181 eorum
2271 3141 2585 3198 receperant

1510 3201 1589 3253 illi
1620 3201 1687 3252 ad
1706 3216 1844 3268 quos
1873 3200 2027 3252 missi
2058 3200 2297 3266 fuerant3
2323 3204 2579 3267 secundo,

1508 3272 1638 3340 quia
1684 3270 1951 3323 daemonia
2003 3272 2427 3337 subjiciebantur
2461 3274 2578 3337 eis-3

1507 3343 1627 3395 ideo
1656 3356 1894 3408 repressa
1920 3342 2170 3408 superbia
2207 3344 2265 3393 in
2292 3343 2576 3409 discipulis

1506 3424 1559 3466 et
1592 3413 1771 3466 audita
1796 3412 1901 3463 fide
1919 3429 2108 3465 eorum
2128 3424 2181 3465 et
2209 3414 2427 3465 illorum
2458 3414 2576 3481 qui-

1501 3486 1609 3536 bus
1645 3483 2064 3552 proedicaverant
2091 3485 2316 3535 verbum
2358 3485 2569 3547 salutis,

1506 3557 1561 3607 in
1610 3557 1732 3622 ipsa
1779 3555 1914 3605 hora
1963 3555 2260 3606 exsultavit
2301 3555 2569 3607 Dominus

1504 3626 1657 3677 Jesus
1696 3625 1752 3676 in
1781 3622 1936 3674 donis
1985 3624 2227 3689 Spiritus
2253 3624 2445 3675 Sancti
2459 3640 2483 3687 ;
2514 3633 2569 3675 et

1505 3698 1703 3765 gratias
1752 3694 1862 3762 egit
1909 3709 2006 3761 pro
2054 3697 2223 3747 salute
2279 3696 2564 3747 hominum

1502 3770 1617 3820 Deo
1637 3767 1801 3820 Patri.
1828 3767 1982 3819 Unde
2018 3766 2388 3834 Theophilus.-
2418 3766 2565 3818 «Sic-

1502 3851 1563 3895 ut
1642 3839 1906 3908 benignus
1973 3847 2119 3906 pater
2180 3838 2368 3891 videns
2419 3837 2560 3892 filios
