2757 4413
301 298 383 348 DE
409 298 605 348 VERB.
639 297 833 357 DOM„
867 296 1047 347 PROP
1089 295 1267 355 ›QUAE
1287 294 1570 354 QUIDAM
1598 294 1842 345 Rffl'Ro
1874 295 2253 348 ABIERUNT.
2289 295 2394 361 645

202 429 300 467 ceos
334 414 417 465 ine
443 430 548 464 non
578 413 741 473 dedit,
781 413 882 463 sed
913 427 1111 462 manna
1155 412 1222 461 de

198 487 321 537 coelo.
348 504 373 531 »
399 486 474 535 Et
486 485 630 535 dixit
656 485 735 536 eis
758 485 920 535 Jesus
948 501 965 533 ε
989 482 1223 547 Moyses

193 570 352 621 panem
375 594 392 617 ‚
444 555 644 607 scilicet
684 553 1104 620 significativum
1156 553 1222 602 de

195 641 308 683 aere,
334 625 454 690 quia
489 625 846 677 descendebat
893 635 953 674 ut
1003 639 1097 675 :ros
1137 624 1221 672 vel

197 696 371 761 pruina,
397 708 446 746 et
478 712 587 747 non
607 711 792 747 verum
804 709 999 761 panem
1019 695 1088 746 de
1109 708 1224 744 αε-

200 767 240 817 lo
273 767 650 817 descendentem
694 766 852 819 vobis
884 776 1009 816 tunc
1046 765 1194 817 dedit
1204 782 1223 826 ;

199 836 275 887 sed
300 837 447 887 modo
472 838 642 887 Pater
670 851 816 889 meus
842 837 935 887 dat
959 836 1112 886 nabis
1133 851 1225 900 pa-

199 921 290 957 nem
322 909 381 957 de
413 908 547 959 caelo
577 922 781 969 verum,
816 907 997 972 ipsum
1023 907 1226 957 scilicet

183 977 457 1031 ‚Dominum
499 979 701 1037 heum,
732 993 896 1044 quem
941 978 1034 1029 iile
1075 976 1225 1042 panis

196 1045 443 1114 figurabat;
465 1065 589 1098 nam
620 1049 710 1099 ille
729 1048 889 1113 *panis
927 1047 1098 1113 figura
1115 1057 1227 1098 etat

191 1116 321 1169 istius
340 1119 488 1184 panis
507 1119 603 1184 qui
617 1120 809 1172 veritas
819 1129 917 1171 est.
949 1119 1103 1169 Unde
1115 1134 1226 1169 non

196 1189 435 1252 dividitur,
463 1192 556 1243 sed
603 1191 958 1257 distinguitur
1006 1192 1095 1241 hic
1129 1206 1225 1241 ve-

195 1279 292 1313 rum
317 1275 497 1316 contra
545 1265 760 1324 falsum,
789 1265 920 1330 quia
939 1266 1101 1330 panis
1136 1265 1225 1314 ille

196 1349 337 1394 verus,
371 1351 479 1387 non
523 1334 691 1387 falsus
733 1334 873 1398 fuit3
907 1337 998 1386 sed
1044 1346 1228 1386 contra

192 1403 393 1471 figurale,
438 1417 492 1459 et
547 1406 627 1461 sic
673 1407 824 1471 panis
869 1407 965 1456 ille
1014 1406 1230 1472 proprie

189 1477 392 1529 nonfuit
415 1477 572 1542 panis
584 1492 763 1538 verm,
780 1477 911 1542 quia
927 1476 1033 1527 fuit
1058 1475 1229 1542 figura

193 1548 316 1611 panis
363 1547 731 1600 substantialis
786 1547 893 1599 dati
943 1547 999 1596 in
1039 1549 1229 1597 Sacra-

193 1632 360 1685 mento,
393 1632 446 1672 et
476 1622 604 1672 ideo
625 1620 727 1671 iste
751 1619 907 1685 panis
938 1630 1018 1670 est
1052 1635 1228 1680 verne,

194 1691 268 1756 qui
300 1691 393 1741 fuit
421 1708 518 1757 per
553 1691 710 1744 inum
747 1691 1023 1756 figuratus.
1057 1691 1231 1743 Panis

191 1762 305 1812 enim
337 1763 437 1813 Dei
471 1777 652 1821 verus,
696 1777 811 1813 non
845 1760 1087 1827 figuralis
1129 1767 1227 1822 est,

191 1832 264 1895 qui
290 1832 349 1884 de
381 1833 517 1884 coelo
546 1831 830 1895 descendit,
858 1838 913 1882 et
938 1832 1036 1881 dat
1065 1831 1232 1881 vitam

189 1904 389 1968 mund03
421 1904 645 1956 effectus
675 1919 921 1969 namque
961 1903 1116 1969 panis
1149 1913 1234 1953 est

191 1973 326 2027 vitam
351 1991 689 2035 conservare,
709 1986 763 2026 et
791 1976 913 2026 ideo
943 1976 1034 2027 ille
1047 1984 1132 2026 est
1147 1991 1235 2025 ve-

187 2061 266 2098 rus
301 2048 450 2112 panis
510 2047 847 2111 spiritualis,
887 2048 994 2112 >qui
1045 2049 1134 2098 dat
1184 2057 1236 2098 et

189 2130 434 2172 conservat
489 2119 661 2171 vitam
715 2119 1070 2185 spiritualem.
1113 2121 1236 2170 ‘Hoc

189 2202 340 2244 autem
387 2190 651 2257 competit
711 2192 887 2242 Verbo
937 2191 1233 2251 incarnato,

191 2265 319 2328 cujus
339 2266 587 2333 egressio
617 2281 651 2317 a
676 2281 878 2317 summo
904 2268 1057 2329 εωῖο,
1074 2267 1128 2316 id
1155 2275 1237 2317 est

191 2337 399 2401 epatre,
429 2338 579 2388 unde
620 2338 787 2401 veniet„
827 2345 885 2387 ut
919 2339 1087 2388 vitam
1129 2340 1236 2390 ‹da-

192 2413 257 2457 ret
296 2410 502 2460 mundo.
553 2408 719 2458 'Panis
769 2407 1062 2474 corporalis
1128 2426 1236 2459 non

191 2478 263 2528 dat
294 2481 473 2541 vitam,
523 2481 617 2532 sed
651 2491 856 2530 tantum
900 2482 1239 2548 praeexisten-

193 2560 279 2602 tem
325 2563 607 2605 conservat
653 2554 721 2602 ad
783 2563 1028 2619 tempus;
1083 2555 1240 2620 panis

193 2636 293 2675 wo
331 2623 635 2689 spiritualis
673 2624 752 2673 ita
789 2624 1046 2686 vivificat,
1095 2628 1240 2692 quod

195 2691 286 2757 ipse
329 2696 418 2748 dat
460 2696 649 2754 vitam,
694 2710 818 2745 nam
843 2696 1028 2747 anima
1051 2697 1242 2763 incipit

192 2765 340 2818 vivere
356 2784 449 2833 pet
479 2769 603 2826 hoc,
629 2769 777 2833 quod
803 2767 1042 2818 adhaeret
1061 2770 1109 2819 ¹'V
1113 2771 1241 2819 erbo

193 2836 291 2901 Dei,
332 2851 384 2891 et
433 2840 561 2891 ideo
615 2840 798 2905 ipsum
852 2841 1089 2891 -V-erbum
1145 2843 1241 2893 Dei

196 2912 538 2979 principaliter
605 2912 801 2962 dicitur
871 2914 1029 2978 panis
1101 2917 1242 2967 vitae.

196 2984 392 3049 Propter
430 2985 582 3051 quod
609 2986 865 3035 Christus
908 2986 1039 3036 dicit
1067 3004 1081 3037 ε
1116 2989 1246 3054 Ego

195 3066 293 3103 sum
309 3056 474 3121 panis
519 3055 660 3117 vitae,
690 3055 743 3104 id
791 3064 876 3104 est
905 3057 1040 3107 dans
1083 3058 1247 3108 vitam

192 3138 274 3187 per
321 3126 689 3185 divinitatem,
728 3127 819 3191 qui
867 3127 933 3177 de
983 3129 1113 3179 caelo
1169 3130 1251 3181 de-

195 3197 384 3260 scendi,
437 3211 534 3263 per
561 3207 901 3261 ‘assumptam
937 3198 1251 3250 humanita-

194 3274 305 3327 tem,
358 3284 434 3320 ex
473 3284 580 3334 quo
630 3269 681 3319 si
723 3270 845 3334 quis
887 3270 1049 3336 digne
1098 3288 1252 3323 man-

193 3338 477 3405 ducaverit,
520 3357 579 3391 ac
617 3340 669 3391 ei
716 3342 820 3392 fide
866 3352 922 3392 et
970 3344 1254 3395 dilectione

192 3410 515 3473 conjunxerit
542 3426 617 3472 se,
643 3426 744 3462 non
789 3413 1047 3463 morietur
1081 3425 1255 3465 morte

195 3477 400 3541 anime,
447 3481 547 3532 Sed
587 3482 730 3531 vivet
771 3498 885 3531 -non
936 3492 1152 3534 tantum
1189 3486 1252 3534 *in

195 3552 433 3612 pruenti
485 3562 537 3602 et
571 3563 725 3613 nunc,
749 3554 865 3605 vita
905 3556 1116 3621 gratiae,
1160 3558 1253 3608 sed

197 3619 343 3672 etiam
374 3623 440 3673 in
484 3623 665 3673 futuro
690 3625 823 3674 etin
848 3632 1109 3677 aternum
1145 3628 1256 3678 vita

195 3693 390 3758 glorie.
433 3697 555 3746 Non
586 3698 725 3748 sicut
739 3705 932 3763 patres
951 3715 1139 3750 eorum
1160 3703 1254 3767 qui

197 3762 395 3816 similes
429 3766 551 3817 istis
584 3777 746 3828 erant,
795 3770 1259 3822 manducaverunt

199 3846 405 3897 manna,
440 3842 494 3885 et
522 3839 717 3888 mortui
771 3846 894 3889 sunt
920 3849 1095 3890 morte
1132 3841 1257 3891 ani-

199 3916 322 3970 Μ,
350 3906 485 3972 quia
507 3910 665 3974 *quod
690 3909 963 3976 videbant,
990 3911 1257 3978 intessige-

1328 411 1471 468 bant,
1517 411 1665 476 quod
1701 426 1811 460 non
1853 410 2122 472 videbant,
2154 428 2265 461 non
2307 412 2401 463 in-

1325 481 1655 546 telligebant.
1692 480 1830 531 Justi
1862 491 2037 530 autem
2067 481 2159 546 qui
2191 482 2400 536 similes

1328 552 1450 602 istis
1480 568 1589 601 non
1618 562 1791 611 erant,
1816 567 1924 603 non
1950 554 2246 602 secundum
2277 555 2400 605 ani-

1325 638 1473 671 mam
1521 623 1721 672 mortui
1762 632 1906 681 sunt,
1944 623 2073 688 quia
2127 624 2401 675 visibilem

1327 693 1512 742 cibum
1587 693 1931 758 spiritualiter
2001 693 2400 747 intellexerunt.

1330 763 1483 813 Unde
1504 779 1629 829 erga
1645 764 1867 814 devotos
1887 764 2113 814 habebat
2133 780 2294 815 omne
2314 766 2402 818 de-

1328 835 1709 883 lectamentum
1752 835 2062 898 suavitatis3
2115 836 2271 886 malis
2311 852 2400 887 au-

1325 915 1437 954 tem
1466 914 1578 954 erat
1606 905 1890 970 insipidus,
1935 922 2168 971 quorum
2221 907 2400 958 anima

1329 991 1582 1026 nauseam
1635 977 1880 1037 habebat,
1937 994 2097 1043 super
2138 979 2258 1030 cibo
2306 980 2400 1030 illo

1325 1049 1548 1115 quando
1612 1048 1857 1098 edebant.
1913 1049 2000 1098 Sic
2067 1050 2404 1101 Eucharistia

1328 1123 1491 1188 digne
1514 1122 1853 1172 sumentibus
1889 1133 1969 1173 est
1995 1124 2117 1174 vitae
2147 1125 2402 1190 spiritua-

1330 1194 1401 1243 lis
1450 1193 1728 1254 solatium3
1758 1202 1813 1242 et
1863 1193 2085 1260 indigne
2136 1196 2402 1249 sumenti-

1334 1265 1453 1323 bus„
1515 1263 1790 1328 judicium.
1845 1265 1936 1313 Ille
1984 1279 2108 1329 ergo
2157 1274 2237 1315 est
2282 1282 2406 1317 vere

1324 1335 1491 1400 panis
1513 1336 1654 1397 vitae,
1696 1350 1792 1384 seu
1846 1334 2017 1393 vivuS‚
2050 1345 2109 1384 ·et
2150 1337 2216 1385 de
2272 1338 2405 1388 coelo

1333 1407 1670 1467 descendens,
1702 1406 1795 1472 qui
1812 1415 1990 1471 potest
2030 1422 2352 1470 praeservare
2378 1424 2409 1458 a

1333 1488 1506 1527 morte
1558 1478 1858 1526 secundum
1911 1477 2171 1538 animam,
2200 1489 2251 1528 et
2283 1480 2408 1529 dare

1332 1547 1499 1598 vitam
1558 1558 1840 1610 aeternam3
1901 1548 2022 1597 talis
2069 1564 2196 1598 vero
2249 1550 2406 1615 panis

1334 1631 1415 1671 est
1462 1621 1699 1670 Verbum
1740 1620 2097 1681 incarnatum,
2155 1637 2265 1672 non
2309 1638 2407 1673 au-

1333 1702 1443 1742 tem
1473 1693 1628 1742 datus
1656 1708 1686 1742 a
1716 1693 1899 1757 Moyse
1929 1692 1983 1742 in
2022 1695 2247 1754 desert0,
2279 1694 2408 1759 quia

1336 1764 1494 1813 multi
1547 1764 1641 1830 qui
1695 1779 1759 1813 ex
1797 1764 1890 1814 illo
1929 1765 2405 1830 manducaverunt,

1334 1837 1531 1887 mortui
1558 1837 1758 1886 suntin
1774 1837 1974 1901 anima,
2003 1848 2054 1888 et
2073 1849 2245 1889 morte
2259 1849 2408 1889 aeter-

1338 1924 1423 1958 na.
1454 1909 1518 1958 Et
1540 1917 1668 1957 tunc
1689 1907 1829 1958 inter
1856 1917 2025 1958 cetera
2055 1908 2189 1958 dixit
2218 1909 2296 1959 eis
2314 1911 2406 1960 Je-

1334 1997 1430 2032 sus
1457 1980 1619 2030 verba
1660 1980 1960 2045 spiritualia
2007 1980 2072 2030 de
2111 1997 2332 2047 corpore
2356 1992 2409 2031 et

1338 2052 1602 2117 sanguine
1633 2067 1734 2101 suo
1765 2069 1778 2101 :
1804 2053 1994 2114 Panis,
2019 2052 2217 2119 inquit,
2246 2053 2298 2102 id
2329 2063 2408 2103 est

1336 2128 1611 2193 signatum
1680 2141 1774 2192 per
1829 2142 2044 2191 panem,
2101 2142 2253 2193 quem
2306 2141 2409 2194 ego

1336 2214 1588 2249 summus
1636 2197 1892 2247 Sacerdos
1939 2198 2077 2248 dabo
2117 2214 2410 2250 sacramen-

1339 2271 1514 2321 taliter
1565 2280 1617 2334 et
1668 2268 2044 2334 spiritualiter,
2098 2272 2178 2319 vel
2220 2271 2411 2321 saltem

1340 2340 1695 2405 spiritualiter
1718 2339 2085 2400 manducanti,
2130 2354 2257 2390 caro
2295 2354 2413 2390 mea

1341 2416 1423 2461 est
1473 2411 1644 2459 latens
1696 2410 1798 2460 sub
1856 2410 2031 2475 specie
2080 2410 2268 2475 pani5‚
2312 2426 2415 2478 pro

1344 2479 1532 2530 mundi
1560 2480 1726 2529 totius
1752 2480 1859 2530 vita
1893 2479 2246 2543 sufficienter;
2284 2491 2334 2530 et
2362 2481 2411 2531 si

1344 2556 1403 2605 in
1435 2554 1763 2615 quibusdam
1795 2570 1905 2603 non
1941 2553 2120 2616 efficit,
2148 2556 2302 2620 culpa
2319 2571 2416 2606 eo-

1339 2643 1468 2677 rum
1524 2636 1623 2676 est.
1682 2626 1754 2679 Et
1801 2626 2042 2676 iterum:
2097 2626 2228 2676 Nisi
2265 2641 2420 2676 man-

1346 2696 1676 2748 ducaveritis
1725 2710 1937 2746 carnem
2003 2696 2140 2746 Filii
2190 2697 2421 2748 hominis

1345 2766 1615 2819 vivificam
1656 2768 1721 2816 ad
1761 2766 1926 2817 vitam
1974 2767 2156 2833 gratiae
2203 2777 2254 2816 et
2302 2768 2422 2836 glo-

1347 2840 1457 2898 riae,
1488 2845 1539 2889 et
1574 2838 1813 2888 biberitis
1849 2839 1964 2904 ejus
1985 2839 2304 2904 sanguinem
2326 2839 2420 2890 in-

1348 2913 1481 2963 tima
1519 2922 1887 2978 aspergentem
1931 2921 1982 2962 et
2022 2914 2420 2977 emendantem,

1351 2998 1453 3032 non
1483 2983 1743 3032 habebitis
1767 2983 1930 3033 vitam
1965 2982 2018 3032 in
2062 2984 2226 3044 vobiS,
2261 2983 2315 3033 id
2339 2992 2421 3036 est

1352 3054 1550 3119 pignus
1588 3053 1708 3103 vitae
1732 3092 1745 3113 ‚
1784 3055 1965 3121 gratiae
2002 3064 2055 3103 et
2097 3055 2299 3119 gloriae.
2352 3055 2423 3106 Et

1353 3125 1549 3174 iterum
1599 3140 1613 3173 :
1681 3125 1788 3184 Qui
1845 3126 2134 3175 manducat
2206 3139 2420 3176 carnem

1352 3211 1541 3260 meam,
1591 3212 1715 3262 quae
1754 3198 1955 3266 pignus
1995 3210 2073 3249 est
2102 3199 2243 3259 vitae,
2293 3196 2422 3263 quia

1355 3267 1411 3316 in
1453 3282 1608 3317 carne
1658 3278 1737 3317 est
1784 3268 1953 3319 deitas
1991 3284 2113 3335 quae
2160 3266 2421 3329 vivificat;

1355 3344 1409 3388 et
1437 3338 1565 3387 bibit
1606 3353 1778 3389 meum
1802 3341 2118 3407 sanguinem
2148 3349 2275 3404 potu
2307 3336 2423 3403 spi·
2474 3394 2479 3398 q

1357 3408 1565 3474 rituali,
1611 3409 1727 3474 qui,
1764 3410 2007 3477 inquam,
2048 3410 2335 3460 manducat
2372 3411 2428 3457 et

1359 3478 1490 3528 bibit
1523 3489 1583 3529 ut
1612 3481 1784 3541 debet,
1840 3481 2038 3531 scilicet
2082 3497 2190 3529 non
2247 3477 2426 3528 solum

1357 3555 1832 3616 sacramentaliter,
1870 3555 1961 3605 sed
1993 3555 2155 3605 etiarn
2185 3551 2431 3618 spiritua·

1360 3622 1500 3684 liter,
1558 3625 1715 3676 hai-et
1781 3627 1943 3677 vitam
1990 3631 2264 3684 aeternam,
2301 3618 2431 3686 quia

1362 3696 1529 3747 habet
1546 3698 1872 3764 principium
1901 3697 2174 3749 vivificans
2203 3695 2255 3744 in
2281 3704 2431 3744 aeter-

1360 3786 1512 3821 num.
1568 3773 1632 3821 Et
1681 3772 1921 3822 iterum:
1958 3772 2102 3821 Caro
2146 3782 2261 3818 mea
2307 3780 2431 3820 vere

1361 3847 1445 3890 est
1472 3842 1636 3905 cibuS,
1668 3842 1724 3892 in
1751 3851 2009 3909 quantum
2049 3848 2127 3888 est
2152 3837 2433 3902 conjuncta

1361 3914 1542 3966 Verbo
1567 3913 1683 3975 Dei,
1727 3914 1871 3978 quod
1903 3923 1983 3963 est
2021 3911 2174 3961 cibus
2208 3926 2316 3976 quo
2356 3908 2429 3962 vi·
