2757 4413
358 291 464 344 600

359 408 505 461 neris
534 405 843 472 impendere
886 404 1205 455 beneficium
1241 404 1426 455 carita-

359 480 450 530 tis.
487 479 635 529 Sicut
652 477 800 527 enim
821 475 1060 526 medicus
1082 492 1241 527 verus
1263 476 1424 527 citius

361 561 415 602 et
453 549 708 600 libentius
734 557 882 598 curat
914 547 1153 613 seipsum
1193 557 1247 599 et
1289 547 1425 598 alios

362 621 427 671 ad
463 636 520 670 se
556 618 884 684 pertinentes
926 633 1090 683 quam
1123 628 1423 679 extraneos,

365 691 439 741 ita
458 690 708 741 dicebant
735 699 786 739 et
808 689 859 740 ei
883 704 896 738 :
921 687 979 737 Si
999 698 1059 738 tu
1081 688 1276 739 faceres
1302 703 1428 739 vera

365 763 640 824 miracula,
676 762 837 813 citius
862 761 1062 813 faceres
1098 777 1159 812 ea
1193 761 1249 812 in
1290 760 1428 813 civi-

366 844 471 884 tate
493 844 601 895 tua,
631 844 685 884 et
716 834 896 899 potius
923 834 1060 884 inter
1094 832 1431 899 propinquos

365 915 491 955 tuos
539 919 705 970 quam
748 904 887 955 inter
929 913 1221 954 extraneos,
1273 901 1429 952 Unde

366 975 710 1040 subjungitur
738 992 752 1024 ε
783 975 1019 1036 Quanta,
1046 973 1317 1031 miracula,
1337 987 1434 1023 au-

368 1047 599 1098 divimus
613 1048 776 1113 sacta
797 1063 832 1098 a
853 1054 903 1098 te
926 1048 979 1097 in
1002 1046 1385 1112 capharnaum
1398 1044 1433 1096 P

361 1120 464 1185 fac
496 1126 547 1170 et
583 1121 668 1173 hic
699 1121 751 1171 in
776 1121 966 1188 patr-ia
1004 1126 1113 1183 tua,
1162 1120 1218 1169 id
1260 1128 1340 1168 est
1371 1119 1431 1169 in

368 1200 460 1240 tua
511 1189 735 1251 civitate,
786 1191 881 1241 ubi
930 1199 1217 1255 conceptus
1272 1204 1328 1240 es
1381 1198 1433 1238 et

369 1260 622 1322 nutritus,
659 1272 739 1312 tot
774 1273 826 1313 et
859 1272 1007 1312 tanta
1041 1271 1102 1310 ut
1125 1259 1431 1324 credamus3

371 1332 500 1398 quia
547 1348 668 1398 quae
717 1333 847 1383 facis
900 1332 1040 1399 apud
1085 1330 1432 1396 alienigenaS,

369 1403 544 1469 magis
574 1403 735 1454 debes
763 1403 929 1454 facere
960 1404 1101 1469 apud
1134 1411 1255 1452 tuos
1284 1416 1435 1450 com-

371 1476 646 1542 patriotas,
675 1476 848 1543 magis
874 1477 1024 1527 'enim
1051 1475 1252 1527 teneris
1279 1474 1436 1525 bene·

371 1548 490 1600 ficia
541 1549 850 1615 impendere
890 1549 1000 1601 tuis
1047 1547 1434 1614 compatriotis„

372 1636 538 1686 quam
571 1620 778 1671 alienis,
809 1620 976 1679 Quasi
1009 1619 1190 1670 dicant
1223 1635 1238 1668 ε
1266 1617 1438 1668 Multa

372 1693 682 1743 audivimus
716 1708 746 1743 a
782 1701 834 1743 te
865 1691 997 1743 facta
1033 1691 1307 1754 miracula,
1343 1690 1438 1740 sed

375 1780 488 1814 non
515 1764 783 1814 credimus
806 1764 951 1830 quod
979 1764 1179 1814 incerta
1203 1762 1441 1827 vulgavit

375 1834 534 1896 fama,
567 1850 689 1885 cum
731 1835 873 1900 apud
909 1851 1011 1885 nos
1049 1834 1189 1884 nihil
1219 1834 1323 1884 tale
1354 1832 1438 1883 fe-

377 1907 546 1967 ceris,
606 1906 806 1972 quibus
857 1905 1260 1957 convenientius
1315 1905 1440 1955 talia

380 1977 741 2042 impendenda
784 1986 935 2027 erant
982 1975 1235 2028 beneficia
1274 1992 1439 2043 quam

379 2046 585 2097 ceteris·
617 2047 719 2096 Sed
738 2046 1026 2111 DominuS,
1053 2058 1442 2113 consequenter

377 2120 726 2184 respondens,
761 2120 1001 2170 ostendit
1029 2120 1175 2186 quod
1211 2136 1323 2170 non
1354 2120 1442 2171 di-

378 2190 625 2242 mittebat
667 2191 809 2241 inter
849 2206 941 2242 eos
982 2189 1151 2242 facere
1187 2191 1444 2243 miracula

379 2272 595 2328 propter
621 2262 809 2312 odium
834 2262 1037 2328 patriae,
1066 2263 1150 2313 vel
1176 2262 1441 2313 defectum

379 2331 659 2398 potentiae3
695 2332 787 2382 sed
818 2341 1034 2404 propter
1056 2348 1245 2382 eorum
1276 2332 1445 2383 incre-

378 2405 658 2456 dulitatem
693 2415 746 2455 et
781 2405 1062 2457 malitiam.
1098 2406 1259 2467 Quod
1296 2406 1441 2456 enim

380 2476 455 2527 ibi
493 2476 751 2527 miracula
770 2491 881 2526 non
909 2476 1150 2541 faciebat,
1191 2494 1303 2529 non
1331 2489 1445 2529 erat

379 2557 598 2614 propter
654 2548 757 2598 hoc
808 2548 954 2613 quod
1001 2549 1229 2613 patriam
1289 2564 1442 2600 suam

383 2619 690 2685 despiceret,
738 2634 902 2684 quam
954 2633 1053 2670 sua
1097 2620 1445 2685 conceptione

382 2699 436 2738 et
464 2686 780 2738 educatione
807 2690 1175 2754 honoraverat,
1203 2690 1289 2739 vel
1313 2705 1445 2755 pro-

384 2768 502 2823 pter
529 2758 632 2808 hoc
659 2760 805 2824 quod
835 2759 950 2826 ipse
981 2758 1252 2824 impotens
1279 2771 1444 2826 esset3

386 2831 478 2881 sed
518 2831 646 2896 quia
678 2832 783 2897 ipsi
822 2832 1030 2898 indigni
1064 2842 1232 2883 erant.
1276 2834 1344 2883 Et
1380 2834 1446 2884 ad

384 2902 489 2952 hoc
525 2903 731 2953 inducit
764 2918 924 2953 sacrae
960 2902 1247 2969 Scripturae
1276 2919 1449 2955 exem-

384 2972 491 3037 pla.
531 2972 684 3022 Unde
711 2973 957 3038 sequitur
989 2989 1005 3023 ε
1031 2973 1130 3023 Ait
1159 2979 1338 3024 autem
1362 2975 1450 3025 Je-

384 3056 480 3092 sus
508 3060 525 3093 .-
552 3047 738 3104 Amen,
767 3043 822 3094 id
850 3053 933 3094 est
961 3058 1100 3105 vere,
1131 3045 1252 3095 dico
1278 3046 1446 3111 vobiS,

384 3113 511 3179 quia
560 3127 708 3164 nemo
764 3114 1038 3180 Propheta
1083 3123 1333 3182 acceptus
1369 3125 1451 3168 est

384 3185 442 3235 in
472 3186 660 3251 patria
688 3200 806 3250 sua,
838 3186 896 3236 in
930 3203 1038 3254 qua
1069 3198 1228 3239 natus
1268 3200 1368 3251 est,
1397 3199 1450 3241 et

385 3256 441 3306 in
469 3257 622 3308 domo
642 3271 757 3320 sua,
793 3273 859 3309 ex
886 3274 993 3325 qua
1015 3261 1314 3311 secundum
1344 3276 1450 3312 car-

383 3342 510 3377 nem
542 3328 819 3394 processit,
847 3338 901 3380 et
935 3330 1040 3380 hoc
1076 3341 1140 3381 ut
1174 3332 1233 3382 in
1270 3331 1445 3397 pluri-

384 3401 486 3451 bus
513 3417 573 3451 ac
609 3418 733 3452 cum
763 3402 945 3454 debito
978 3404 1186 3455 honore
1210 3415 1264 3456 et
1292 3421 1446 3457 reve·-

383 3472 570 3523 rentia.
609 3473 788 3525 Minus
826 3474 974 3525 enim
1011 3475 1159 3527 Elias
1195 3487 1244 3527 et
1287 3478 1444 3528 ceteri

388 3545 664 3612 Prophetae
716 3547 775 3597 in
826 3548 939 3598 suis
986 3547 1296 3600 civitatibus
1326 3550 1447 3601 fue-

387 3627 514 3667 runt
534 3617 801 3681 honorati,
827 3635 991 3686 quam
1024 3620 1083 3670 in
1111 3621 1256 3684 aliis;
1286 3622 1447 3672 Isaias

385 3688 532 3740 enim
573 3689 780 3752 sectus,¹
808 3691 1063 3743 Jeremias
1093 3692 1446 3744 incarceratus

386 3769 438 3810 et
480 3762 636 3813 ceteri
682 3763 985 3829 vituperati.
1032 3765 1152 3814 Mos
1201 3762 1349 3814 enim
1397 3775 1448 3815 et

386 3845 524 3896 pene
554 3835 795 3884 naturale
824 3844 922 3895 est,
952 3834 1091 3886 cives
1121 3834 1331 3885 civibus
1360 3834 1447 3884 in-

388 3901 587 3969 videre3
622 3916 674 3957 et
703 3922 813 3957 non
848 3906 1129 3974 praesentia
1154 3905 1256 3957 viri
1287 3921 1446 3972 opera

991 287 1227 339 1>leAE
1261 286 1509 338 PARTIS
1544 285 1778 337 CAPUT
1809 285 1971 337 LXV.

1525 420 1624 455 nec
1652 405 1878 455 virtutes
1904 404 2265 462 considerare,
2295 403 2388 452 sed
2436 400 2601 454 infan·

1527 475 1617 535 tiae
1634 474 1975 541 fragilitatem
1998 473 2282 534 recordari,
2303 473 2465 539 quasi
2491 488 2596 522 non

1529 557 1581 599 et
1610 547 1713 614 ipsi
1738 563 1834 615 per
1863 547 2081 599 eosdem
2110 546 2280 598 aetatis
2304 547 2511 615 gradus
2535 547 2598 596 ad

1531 626 1797 668 maturam
1826 627 2034 669 aetatem
2065 617 2438 683 pervener-inu
2472 617 2600 668 dum

1532 687 1678 738 enim
1717 688 1850 740 civis
1884 697 1939 739 et
1969 688 2306 740 contribulus
2336 689 2407 738 ad
2448 686 2603 738 alicu-

1531 759 1617 824 jus
1650 758 1869 810 virtutis
1905 760 1991 810 vel
2029 758 2313 824 probitatis
2350 758 2602 808 eminen-

1533 828 1666 879 tiam
1716 829 1970 890 ascendit,
2020 829 2243 895 ejusque
2289 828 2437 879 fama
2486 842 2602 881 cre-

1533 903 1649 968 scit,
1682 904 1927 955 concives
1958 912 2013 954 et
2042 902 2333 954 contribuli
2364 902 2464 969 qui
2496 917 2602 952 non

1534 975 1613 1026 sic
1639 976 1939 1036 laudantur,
1969 975 2096 1025 inde
2119 975 2337 1041 gravius
2367 974 2605 1025 saucian-

1536 1057 1641 1107 tur,
1669 1056 1723 1098 et
1752 1047 2022 1098 aestimant
2046 1061 2104 1097 se
2131 1045 2433 1110 contemni,
2460 1044 2507 1095 si
2527 1044 2604 1095 eis

1535 1119 1692 1170 laude
1726 1129 1779 1170 et
1805 1118 1948 1169 fama
1978 1118 2279 1184 probitatis,
2305 1115 2602 1183 praesertim

1537 1193 1718 1243 minor
1746 1208 1958 1260 genere,
1985 1191 2310 1258 praeferatur.
2335 1191 2484 1241 Hinc
2522 1189 2605 1239 ha-

1538 1265 1728 1314 bemus
1763 1262 1822 1313 in
1850 1262 2052 1328 Joseph
2079 1263 2390 1328 exemplum
2426 1270 2606 1325 respe-

1537 1344 1626 1385 ctu
1677 1333 1900 1384 fratrum
1953 1349 2203 1384 suorum.
2257 1331 2418 1383 Unde
2473 1345 2604 1381 con-

1538 1404 1703 1471 tingit
1758 1405 1905 1471 quod
1959 1403 2169 1456 facilius
2223 1411 2605 1470 promoventur

1537 1474 1787 1526 homines
1835 1475 1894 1525 in
1930 1485 2069 1526 terra
2109 1475 2299 1536 aliena,
2338 1489 2510 1542 quam
2554 1473 2604 1523 in

1540 1547 1711 1614 patria
1752 1547 1988 1614 propria.
2034 1547 2233 1598 Idcirco
2285 1547 2457 1612 igitur
2501 1559 2604 1595 non

1540 1634 1669 1669 curo
1706 1617 1932 1685 patriam
1970 1633 2165 1679 meam,
2200 1617 2329 1684 quia
2368 1616 2422 1667 ei
2461 1629 2605 1668 acce-

1541 1700 1665 1757 ptus
1693 1706 1805 1740 non
1837 1705 1978 1750 sum,
2011 1698 2065 1739 et
2097 1689 2226 1756 quia
2257 1688 2425 1739 fidem
2465 1688 2524 1739 in
2550 1699 2605 1735 ea

1541 1777 1650 1811 non
1695 1761 1929 1822 invenie,
1982 1769 2034 1811 et
2083 1759 2222 1810 mihi
2266 1759 2410 1810 sicut
2451 1755 2603 1809 ceteri

1543 1846 1652 1882 non
1667 1831 1860 1896 credit;
1885 1840 2141 1896 tantoque
2160 1829 2345 1880 minus
2364 1845 2458 1880 me
2482 1843 2605 1894 cog-

1544 1903 1737 1965 noscit,
1766 1914 1966 1969 quanto
1991 1905 2116 1969 plus
2149 1918 2261 1969 prae
2302 1903 2496 1954 ceteris
2525 1913 2606 1951 me

1544 1986 1738 2029 notum
1766 1978 1974 2029 habuit.

1605 2066 1639 2116 7
1667 2050 1783 2101 Cun
1805 2049 2050 2100 Doumus
2072 2065 2251 2100 nunna
2271 2064 2432 2100 stetu
2452 2062 2603 2100 raca—

1543 2135 1635 2170 mr
1663 2121 1985 2172 Nazanmn?
2016 2149 2078 2159 —
2106 2122 2171 2171 Et
2202 2120 2331 2187 quia
2360 2136 2475 2170 non
2502 2127 2603 2169 erat

1544 2202 1792 2259 acceptus
1818 2192 1915 2253 eis,
1944 2208 2041 2243 nec
2067 2192 2114 2243 ei
2140 2191 2448 2253 credebant,
2471 2191 2599 2247 ideo,

1544 2266 1766 2317 virtutes
1792 2266 2005 2329 multaS,
2039 2266 2094 2316 id
2120 2274 2201 2316 est
2230 2264 2387 2330 signa
2414 2274 2470 2315 et
2500 2262 2602 2314 mi-

1545 2338 1741 2398 racula,
1774 2336 1849 2388 ibi
1868 2337 2064 2403 facere
2102 2351 2205 2387 non
2233 2342 2474 2401 poterat,
2502 2348 2601 2384 non

1545 2407 1611 2457 de
1639 2406 1972 2472 impotentia,
2000 2406 2095 2457 sed
2126 2407 2192 2457 de
2223 2405 2601 2457 inconvenien-

1544 2477 1643 2542 tia3
1676 2493 1789 2529 non
1814 2478 1960 2529 enim
1993 2477 2314 2529 conveniens
2336 2476 2460 2538 fuit,
2486 2474 2604 2543 quia

1545 2549 1695 2616 digni
1739 2565 1852 2599 non
1901 2558 2068 2599 erant.
2118 2549 2184 2599 Et
2224 2563 2381 2598 causa
2433 2546 2604 2598 statim

1545 2620 1813 2681 subditur,
1841 2620 2045 2671 scilicet
2069 2637 2083 2670 :
2109 2626 2332 2686 propter
2358 2617 2605 2671 incredu—

1550 2692 1751 2743 litatem
1782 2707 1979 2757 eorum,
2013 2702 2230 2758 propter
2257 2707 2426 2757 quam
2454 2690 2605 2742 etiam

1550 2761 1819 2813 Dominus
1866 2762 2193 2825 mirabatur,
2246 2761 2375 2827 quia
2432 2761 2603 2827 ipsum

1550 2834 1712 2885 etiam
1768 2845 2087 2901 praesentem
2138 2834 2396 2884 habentes
2450 2830 2604 2885 Chri-

1551 2917 1715 2973 stum,
1744 2907 2076 2975 agnitionem
2108 2906 2211 2967 sui,
2243 2906 2425 2957 verbis
2457 2915 2510 2956 et
2537 2903 2606 2954 si-

1551 2981 1672 3047 gnis
1729 2982 1807 3032 eis
1860 2981 2205 3048 ingerentem,
2252 2979 2607 3029 nihilominus

1552 3051 1809 3103 increduli
1836 3052 2211 3118 perdurabant.
2244 3052 2303 3101 In
2335 3051 2441 3101 hoc
2476 3057 2608 3117 patet

1550 3124 1697 3189 quod
1733 3122 1865 3174 fides
1917 3122 2150 3173 maxime
2192 3131 2509 3185 cooperatur
2553 3119 2603 3169 in

1552 3195 1827 3246 miraculis
1879 3194 2161 3255 faciendis,
2209 3194 2340 3261 quia
2398 3203 2606 3260 propter

1549 3267 1975 3318 incredulitatem
2006 3267 2272 3317 subtracta
2308 3274 2439 3315 sunt
2474 3264 2604 3326 iuis3

1549 3338 1758 3405 aliquas
1777 3348 1957 3390 tamen
1978 3338 2203 3389 virtutes
2227 3337 2302 3387 ibi
2331 3335 2474 3398 fecit,
2501 3333 2602 3386 sci-

1549 3408 1672 3459 licet
1694 3425 1889 3475 paucos
1911 3409 2161 3460 infirmos
2182 3407 2366 3458 fideles
2382 3418 2439 3458 et
2458 3408 2603 3457 devo-

1545 3489 1649 3542 tos,
1683 3480 1935 3532 manibus
1966 3479 2168 3531 deificis
2195 3478 2485 3545 impositis,
2512 3491 2601 3527 cu-

1550 3551 1753 3613 rando;
1811 3551 1958 3616 quod
2009 3558 2152 3617 patet
2197 3565 2260 3599 ex
2314 3549 2418 3598 hoc
2464 3543 2599 3615 quod

1547 3636 1710 3687 supra
1735 3620 1987 3672 dixerunt
2007 3638 2022 3671 ε
2042 3620 2182 3672 unde
2201 3619 2323 3670 huic
2345 3616 2599 3686 sapientia

1543 3694 1679 3757 haec,
1710 3699 1761 3744 et
1797 3693 2069 3746 virtutes?
2097 3692 2306 3744 Dicitur
2344 3691 2403 3742 in
2433 3692 2599 3741 Marco

1550 3781 1660 3816 non
1681 3766 1924 3832 potuisse
1943 3765 2153 3831 facere,
2186 3762 2316 3829 quia
2340 3762 2529 3822 noluit,
2553 3765 2600 3808 et

1549 3850 1730 3886 revera
1764 3852 1875 3886 non
1899 3835 2098 3899 decuit,
2122 3839 2349 3901 propter
2377 3831 2602 3883 incredu-

1552 3907 1755 3957 litatem
1794 3920 1975 3959 eorum
1986 3923 2007 3971 ,·
2041 3921 2152 3956 non
2178 3913 2240 3955 ut
2267 3912 2490 3970 negetur
2516 3913 2598 3967 po-
