2757 4413
532 299 628 349 DE
655 294 975 361 MULIERE
1007 293 1077 343 IN
1107 292 1517 343 ADULTERIO
1541 292 2028 343 DEPREHENSA.
2315 292 2412 360 751

172 423 294 472 haec
319 417 533 476 mulier,
566 416 623 465 in
652 411 911 464 adulterio
945 410 1248 476 deprehen-

174 507 251 552 sa,
274 505 394 556 quae
422 489 489 538 de
516 484 794 552 praeteritis
820 482 1132 540 absolvitur,
1161 496 1250 530 se-

168 578 300 614 cura
345 559 574 613 efficitur
618 558 686 606 de
744 553 965 604 futuris!
1020 552 1068 602 O
1110 552 1249 602 bone

174 632 329 685 Jesu!
363 642 415 682 te
459 630 704 679 dicente:
737 627 853 676 Nec
883 640 986 690 ego
1028 630 1077 675 te
1121 637 1248 673 con-

173 704 447 766 demnabo,
492 700 616 766 quis
654 694 1074 747 condemnabit?
1103 695 1248 744 Deus

171 786 253 828 est
282 775 377 842 qui
430 770 695 839 justificat,
725 769 848 834 quis
894 777 974 818 est
1001 766 1094 832 qui
1132 782 1250 816 con-

177 848 397 897 demnet
421 843 441 894 ?
473 842 738 894 Audiatur
775 850 953 890 tamen
982 838 1049 887 de
1076 847 1248 888 cetero

177 933 279 968 vox
326 926 422 966 tua
466 932 479 964 :
525 913 698 975 Vade,
751 916 801 960 et
841 909 963 974 jam
1017 909 1249 973 amplius

180 989 287 1041 noli
351 1000 584 1053 peccare
636 1002 652 1035 .·
694 1004 721 1033 >³
770 982 885 1032 haec
946 982 1247 1035 AnselmuS.

179 1062 246 1112 Et
273 1058 527 1128 quamvis
554 1057 821 1107 Dominus
856 1057 1009 1106 Jesus
1053 1054 1249 1104 mulie-

181 1148 292 1182 rem
319 1147 352 1181 a
377 1131 530 1195 culpa
569 1127 920 1187 absolvend0‚
951 1136 1003 1176 et
1035 1140 1103 1175 ne
1129 1140 1248 1174 am·
1271 1156 1274 1159 v

181 1203 323 1269 plius
358 1209 593 1267 peccaret
630 1197 1009 1256 interdicendO,
1047 1196 1248 1246 nullam

179 1273 339 1324 aliam
404 1270 705 1334 injungeret
764 1268 812 1317 ei
883 1265 1248 1331 poenitentiam

181 1360 273 1395 seu
327 1356 578 1410 poenam3
652 1350 830 1389 tamen
891 1338 993 1388 hoc
1055 1336 1251 1387 factum

182 1415 385 1467 Christi
412 1430 520 1463 non
548 1423 627 1462 est
646 1412 963 1462 trahendum
983 1411 1047 1470 ad
1076 1425 1255 1460 conse-

181 1485 463 1554 quentiam
492 1494 543 1535 et
580 1484 637 1534 in
678 1482 1142 1540 consuetudinem,
1173 1484 1251 1544 ut,

181 1558 429 1623 exemplo
504 1555 742 1614 Domini,
797 1554 995 1620 aliquis
1051 1554 1253 1619 absque

180 1627 520 1679 confessione
602 1636 653 1675 et
715 1641 887 1690 poenae
964 1624 1255 1674 inflictione

177 1711 516 1765 quemquam
552 1695 815 1755 absolvat,
838 1694 961 1760 quia
1004 1695 1253 1745 Christus

182 1769 551 1822 excellentiam
623 1767 678 1818 in
749 1768 1088 1819 sacramentis
1155 1767 1255 1817 ha—

185 1842 317 1901 buit,
357 1849 408 1890 et
435 1838 613 1905 potuit
640 1839 881 1888 conferre
907 1837 1151 1888 effectum
1180 1853 1255 1888 sa·

184 1912 445 1965 eramenti
502 1912 621 1962 sine
686 1922 1017 1962 sacramento
1041 1950 1053 1971 ,
1108 1912 1253 1977 quod

187 1986 371 2035 nullus
404 1999 573 2049 purus
604 1983 770 2032 homo
801 1993 998 2048 potest3
1032 1983 1143 2033 imo
1172 1985 1276 2033 de--

185 2058 313 2108 bent
341 2057 642 2106 sacerdotes
670 2055 725 2105 in
753 2054 867 2106 foro
906 2056 1251 2122 poenitentia-

185 2129 220 2179 li
264 2129 550 2194 imponere
602 2127 971 2193 poenitentiam
997 2167 1010 2188 ,
1067 2143 1255 2177 secun-

184 2202 315 2253 dum
380 2200 749 2252 conditionem
831 2201 1089 2267 peccantis
1119 2241 1132 2262 ,
1204 2211 1256 2251 et

188 2272 403 2338 peccati,
430 2272 560 2337 quia
588 2288 695 2321 non
735 2272 935 2322 habent
966 2272 1124 2322 talem
1151 2288 1255 2337 po-

185 2352 433 2393 testatem
478 2341 804 2392 remittendi.
853 2342 1062 2392 Poterat
1097 2341 1254 2392 etiam

188 2414 443 2464 Christus
475 2411 553 2462 illi
584 2411 795 2462 mulieri
825 2422 1024 2462 tantam
1052 2412 1256 2463 contri-

190 2483 392 2535 tionem
427 2482 570 2546 dare,
602 2484 747 2547 quod
771 2482 1037 2534 sufficeret
1059 2484 1123 2533 ad
1160 2484 1257 2533 de-

1358 410 1608 461 letionem
1652 409 1818 460 totius
1854 411 2022 476 culpae
2048 420 2104 461 et
2140 426 2329 476 poenae,
2369 420 2423 461 et

1356 482 1504 532 illam
1533 482 1906 532 contritionem
1944 497 2287 548 cognoscere,
2311 497 2420 532 non

1356 554 1434 604 sic
1460 563 1640 604 autem
1669 554 1807 604 alius
1838 554 2080 604 sacerdos
2105 563 2298 619 potest,
2323 553 2419 620 qui

1357 640 1454 675 nec
1483 635 1663 675 movet
1683 640 1792 684 cor,
1818 640 1913 675 nec
1937 624 2099 675 videt.

1418 713 1450 762 7
1486 696 1627 755 Qun>
1660 712 1963 746 nonani-ER
2007 712 2297 747 smmi-mm·
2334 713 2422 748 m-

1353 782 1524 818 mssxo
1546 783 1796 817 numi-:ms
1824 783 2118 817 ADULTERAE
2139 769 2156 818 ἰ
2183 799 2243 808 —-
2266 772 2424 822 Simi-

1354 839 1393 889 li
1439 839 1601 889 modo
1645 838 1885 905 quotidie
1908 839 2176 890 Dominus
2229 843 2419 908 recipit

1354 910 1667 969 adulteram,
1693 925 1815 959 cum
1843 925 1937 975 per
1968 909 2193 975 gratiam
2229 913 2417 978 recipit

1354 981 1653 1047 quamlibet
1680 980 1916 1031 animam
1944 996 1974 1031 a
1999 981 2214 1032 diabolo
2231 999 2421 1034 corru-

1356 1064 1500 1119 ptam
1554 1069 1648 1118 per
1713 1054 1942 1118 culpam.
1989 1055 2090 1104 Per
2140 1056 2422 1107 mulierem

1355 1126 1503 1177 enim
1568 1126 1626 1175 in
1709 1125 1969 1176 adulterio
2032 1127 2421 1192 deprehensam

1354 1196 1685 1263 significatur
1712 1197 1966 1263 quaelibet
1997 1213 2226 1263 persona
2257 1200 2423 1251 Chri-

1356 1280 1440 1320 sto
1469 1285 1563 1335 per
1590 1269 1750 1319 fidem
1776 1268 2109 1334 desponsata,
2136 1273 2227 1321 sed
2245 1282 2426 1337 postea

1356 1359 1451 1409 per
1480 1342 1704 1393 mortale
1743 1351 2015 1407 peccatum
2060 1358 2183 1392 cum
2209 1344 2424 1396 diabolo

1357 1417 1677 1477 adulterata;
1708 1430 1800 1480 per
1819 1415 2027 1465 Scribas
2065 1432 2189 1466 vero
2214 1427 2265 1467 et
2296 1419 2426 1468 Pha-

1359 1487 1541 1535 risaeos
1602 1485 1970 1550 significantur
2013 1487 2284 1537 daemones
2328 1489 2423 1553 qui

1358 1557 1610 1605 dicuntur
1646 1555 1735 1605 hic
1780 1556 1997 1616 Scribae,
2040 1558 2167 1622 quia
2216 1568 2425 1623 peccata

1361 1639 1542 1679 nostra
1569 1629 1798 1679 retinent
1831 1629 2140 1680 memoriter
2166 1641 2425 1698 tanquam

1359 1699 1586 1751 firmiter
1614 1699 1808 1766 scripta
1826 1719 1839 1763 ;
1871 1711 1922 1750 et
1952 1701 2224 1762 Pharisaei,
2256 1703 2311 1753 id
2347 1714 2427 1754 est

1362 1771 1526 1821 divisi
1561 1780 1701 1821 recte
1746 1771 2016 1830 dicuntur,
2047 1772 2175 1838 quia
2203 1789 2232 1822 a
2261 1774 2427 1823 Chri-

1360 1854 1444 1893 sto
1499 1852 1551 1892 et
1601 1844 1916 1892 Sanctorum
1962 1843 2229 1894 consortio
2271 1860 2428 1910 sepa-

1361 1925 1564 1966 rantur.
1604 1915 1673 1964 Hi
1715 1914 1995 1964 mulierem
2046 1915 2110 1964 ad
2170 1915 2427 1981 judicium

1360 1988 1660 2045 adducunt,
1720 1986 1849 2051 quia
1890 1986 2291 2036 damnationem
2324 1988 2429 2036 ho-

1364 2056 1576 2106 minum
1628 2056 1853 2105 sollicite
1893 2067 2161 2121 quaerunt.
2195 2058 2267 2107 Et
2305 2057 2431 2123 quia

1361 2126 1627 2191 Dominus
1673 2141 1774 2175 non
1811 2125 1925 2175 vult
1963 2133 2186 2176 mortem
2230 2141 2430 2193 pecca-

1364 2196 1514 2258 tor-125,
1567 2195 1661 2245 sed
1707 2201 1763 2245 ut
1799 2195 1980 2261 magis
2013 2202 2350 2247 convertatur
2379 2204 2431 2247 et

1362 2268 1537 2329 vivat,
1565 2265 1684 2314 ideo
1728 2265 1776 2314 ei
1820 2264 1949 2315 dicit
1984 2282 1998 2315 z
2046 2266 2208 2327 Vade,
2238 2273 2290 2316 et
2311 2282 2431 2316 am·

1357 2339 1508 2405 plius
1535 2337 1645 2388 noli
1677 2351 1918 2401 peccare,
1945 2338 2074 2403 quia
2102 2338 2200 2387 tibi
2236 2339 2434 2388 sufficit

1363 2426 1486 2461 vera
1542 2408 1851 2475 poenitentia
1901 2410 1967 2459 de
2014 2410 2312 2475 praeteritiS,
2381 2420 2432 2460 et

1366 2484 1567 2533 cautela
1586 2491 1766 2532 contra
1793 2481 2077 2532 recidivam
2099 2498 2194 2547 pro
2216 2482 2429 2532 futuris·

1179 2704 1451 2756 ORATIO
1534 2739 1544 2752 .

254 2878 306 2927 O
330 2877 457 2926 Jesu
490 2873 744 2931 clemens,
764 2872 857 2939 qui
881 2872 1267 2939 deprehensam
1297 2873 1354 2923 in
1384 2873 1643 2923 adulterio
1674 2874 1964 2924 clementer
1998 2873 2065 2922 ab
2111 2872 2436 2923 accusatori-

194 2949 296 2998 bus
316 2944 576 3003 liberasti,
616 2954 786 2994 etate
823 2943 1283 2995 incondemnatam
1314 2945 1371 2995 in
1408 2960 1532 3010 pace
1568 2945 1983 2996 misericorditer
2019 2945 2307 3006 dimisisti,
2335 2954 2442 2996 stat

196 3035 373 3069 coram
397 3028 450 3068 te
476 3016 658 3067 anima
681 3032 799 3066 mea
817 3017 1179 3077 adulteratrix,
1194 3032 1311 3083 quae
1335 3018 1494 3068 toties
1517 3033 1547 3068 a
1566 3027 1617 3067 te
1636 3033 1760 3067 vero
1789 3019 2000 3083 Sponso
2030 3011 2262 3078 recessit,
2295 3035 2437 3084 quo-

196 3091 298 3140 ties
345 3086 787 3155 suggestionibus
834 3087 1181 3137 adulterantis
1243 3087 1452 3138 inimici
1499 3088 1799 3151 consensit;
1849 3097 2060 3138 accusat
2099 3089 2438 3149 conscicntia,

191 3171 450 3212 accusant
470 3175 631 3224 opera
661 3169 711 3208 et
736 3158 875 3208 actio
896 3175 1086 3224 prava3
1116 3175 1223 3208 non
1250 3160 1435 3222 intres,
1468 3158 1718 3220 Domine,
1751 3159 1808 3209 in
1828 3160 2096 3225 judicium
2126 3176 2247 3210 cum
2269 3176 2346 3219 ea,
2372 3176 2440 3210 ne

200 3230 523 3283 memineris
570 3229 919 3295 iniquitatum
959 3231 1074 3294 ejus
1102 3230 1473 3295 antiquarum3
1519 3230 1685 3279 libera
1716 3229 1783 3279 ab
1820 3231 2218 3280 accusatoribus
2238 3233 2436 3295 'pecca-

200 3304 391 3353 tricem
427 3312 480 3350 et
512 3315 683 3362 ream;
716 3299 924 3350 dimitte
953 3301 1007 3351 in
1037 3316 1163 3366 pace
1186 3300 1291 3350 sibi
1335 3298 1723 3349 conscientiam
1742 3315 1773 3349 a
1795 3310 1889 3351 tuo
1929 3302 2205 3351 tremendo
2229 3299 2437 3365 judicio

202 3373 539 3429 absolutam,
578 3370 705 3436 quia
744 3370 844 3420 tibi
879 3371 1155 3436 proprium
1199 3381 1279 3421 est
1324 3368 1565 3421 misereri
1617 3384 1826 3436 semper
1858 3381 1910 3422 et
1958 3386 2198 3437 parcere,
2246 3380 2297 3419 et
2327 3385 2436 3419 non

192 3455 278 3496 est
315 3459 576 3494 numerus
610 3452 714 3493 tuae
754 3443 1152 3494 misericordiae.
1196 3444 1390 3493 Amen.
