2757 4413
550 240 644 292 DE
678 240 1129 292 POENITENTIA
1161 242 1411 293 MARIAE
1444 245 1931 301 MAGDALENAE.

146 359 307 424 rigat,
361 372 487 408 vera
543 357 858 422 poenitentia
911 368 963 410 et
1019 359 1194 409 cordis

147 431 472 496 compunctio
506 431 924 482 demonstratur.
953 434 1018 483 Et
1051 448 1193 499 quo-

148 502 276 552 niam
303 502 519 552 easdem
550 502 809 567 lacrymas
838 504 1056 568 capillis
1084 510 1194 554 ter-

145 576 299 641 gendo
322 575 607 624 abscondit
623 585 674 624 et
696 575 853 634 delet,
873 591 988 626 sese
1007 576 1073 626 de
1091 574 1197 626 illis

146 663 242 696 non
268 661 378 696 esse
404 644 644 695 ostendit
670 646 761 710 qui
792 661 960 710 opera
991 662 1090 696 sua
1102 647 1195 712 sa-

144 720 270 770 ciunt
292 725 349 769 ut
378 717 665 767 videantur
693 717 762 767 ab
795 717 1108 769 hominibus.
1132 746 1193 756 —

143 783 197 833 In
213 781 383 832 osculo
405 795 609 845 pacem,
631 795 869 830 amorem
891 791 943 830 et
962 781 1195 831 dilectio·

146 867 252 901 nem
280 850 654 914 monstrabat;
688 850 741 899 in
774 857 1040 916 unguento
1067 865 1192 900 vero

143 924 298 975 cordis
323 922 519 973 intima
548 922 914 973 blandimenta
943 934 993 974 et
1017 923 1192 975 devoti

146 995 366 1061 obsequii
440 994 776 1045 affectionem
843 995 1193 1061 significabat.

149 1068 230 1117 Per
253 1067 590 1117 alabastrum
619 1076 802 1131 pectus
831 1077 882 1117 et
908 1067 1083 1117 cordis
1106 1083 1193 1117 se-

146 1138 438 1197 cretarium,
483 1138 707 1202 plenum
744 1136 848 1188 fide
889 1147 941 1188 et
981 1139 1197 1188 caritate

148 1223 417 1273 possumus
486 1207 810 1273 intelligere3
885 1209 988 1258 tale
1051 1208 1193 1258 enim

147 1279 453 1328 alabastrum
500 1277 812 1341 hujusmodi
860 1288 1195 1344 unguentum

147 1349 405 1399 consuevit
453 1363 679 1398 servare.
710 1349 816 1400 Ubi
851 1349 1155 1415 Gregorius
1183 1365 1200 1400 .·

149 1440 171 1466 α
192 1420 453 1486 Cogitanti
481 1419 617 1469 mihi
648 1421 713 1470 de
739 1421 1056 1488 poenitentia
1081 1422 1199 1471 Ma·-

147 1492 245 1551 riae,
269 1491 396 1540 flere
425 1490 600 1555 magis
631 1490 776 1552 libet,
803 1508 965 1559 quam
993 1491 1200 1557 aliquid

146 1562 317 1612 dicere.
355 1561 525 1625 Cujus
554 1560 698 1611 enim
724 1564 806 1613 vel
847 1578 1065 1613 saxeum
1104 1577 1202 1627 pe-

149 1644 266 1694 ctuS,
294 1633 401 1683 illae
428 1631 592 1695 hujus
627 1633 928 1697 peccatricis
962 1631 1203 1682 mulieris

150 1706 395 1771 lacrymae,
442 1704 507 1753 ad
557 1705 860 1769 exemplum
904 1702 1200 1769 poenitendi

152 1791 239 1824 non
274 1776 585 1826 emolliant?
635 1775 1006 1825 Consideravit
1044 1790 1203 1824 nam-

153 1864 240 1914 que
272 1849 404 1914 quid
447 1849 587 1907 fecit,
635 1858 687 1898 et
727 1849 899 1898 noluit
941 1846 1204 1898 moderari

153 1921 265 1987 quid
300 1920 509 1971 faceret.
540 1922 712 1986 Super
746 1921 1085 1971 convivantes
1113 1918 1206 1968 in-

154 2007 314 2056 gressa
357 2001 464 2051 est,
510 2008 616 2041 non
660 1991 804 2056 jussa
842 1991 1013 2049 venit,
1068 1991 1207 2039 inter

154 2065 335 2128 epulas,
360 2066 618 2130 lacrymas
644 2063 856 2114 obtulit.
880 2062 1078 2113 Discite
1096 2077 1206 2128 quo

155 2134 318 2183 dolore
340 2135 502 2197 ardet,
539 2150 658 2201 quae
687 2133 813 2183 flere
841 2143 893 2184 et
914 2133 1054 2183 inter
1073 2148 1206 2198 epu-

156 2204 222 2253 las
250 2221 355 2254 non
381 2204 663 2255 erubescit.
692 2204 795 2255 Sed
811 2203 937 2271 quia
968 2202 1206 2269 turpitu-

159 2275 286 2326 dinis
310 2292 416 2327 suae
441 2277 700 2343 lacrymas
726 2276 944 2341 aspexit,
986 2275 1208 2325 lavanda

161 2350 217 2400 ad
259 2349 453 2401 fontem
504 2350 886 2401 misericordiae
941 2350 1173 2400 cucurrit
1191 2387 1204 2409 ,

163 2420 478 2472 convivantes
513 2437 626 2470 non
654 2420 886 2471 erubuit.
915 2420 1053 2470 Nam
1080 2419 1209 2485 quia

162 2491 478 2556 semetipsam
503 2490 733 2556 graviter
760 2491 1102 2541 erubescebat
1119 2490 1207 2539 in-

164 2572 255 2622 tuS,
292 2564 423 2614 nihil
470 2580 585 2614 esse
626 2564 847 2614 credidit
881 2564 1027 2629 quod
1053 2579 1207 2615 vere·

164 2634 452 2684 cundaretur
480 2634 612 2685 foris
643 2651 656 2683 :
690 2653 717 2681 n
745 2634 860 2686 haec
889 2635 1209 2701 Gregorius·

222 2704 245 2754 3
276 2707 434 2756 Panas
471 2708 669 2757 Dorum
693 2724 910 2758 urs-rma
946 2723 1210 2758 muamus

169 2791 483 2830 smmi-icam.
516 2807 577 2818 —
604 2780 848 2846 Mystice,
894 2782 1054 2846 pedes
1095 2781 1210 2830 Do-

168 2846 330 2897 minici
363 2849 602 2915 corporis
631 2860 761 2900 sunt
782 2866 1058 2916 paupereS,
1083 2851 1212 2917 quia

169 2927 274 2967 sunt
314 2918 534 2969 inferior
568 2935 689 2985 pars
730 2921 968 2986 corporis
999 2921 1211 2987 mystici

170 3003 249 3053 per
266 2990 607 3054 dejectionem
622 3008 638 3056 3
664 3001 715 3042 et
741 2993 882 3043 cruci
919 2993 1085 3043 afflixi
1120 3008 1213 3059 per

168 3059 504 3112 afflictionem.
535 3062 696 3112 Dives
728 3078 852 3129 ergo
879 3073 931 3114 et
955 3073 1209 3129 peccator,

166 3132 330 3181 volens
353 3131 595 3184 obtinere
624 3133 832 3183 veniam
860 3133 918 3183 in
945 3134 1209 3199 praesenti,

167 3213 211 3253 et
228 3205 363 3270 regni
384 3206 530 3273 quod
558 3222 851 3273 pauperum
877 3216 957 3257 est
985 3208 1212 3273 gloriam

167 3274 214 3324 in
254 3276 448 3337 futuro,
482 3279 640 3329 debet
677 3293 830 3330 secus
866 3280 1034 3347 pedes
1080 3280 1212 3331 istos

167 3353 297 3406 stare
318 3364 414 3414 per
429 3349 805 3401 familiaritatis
822 3349 1211 3402 exhibitionem

165 3427 207 3467 et
220 3418 465 3470 amicitiae
494 3419 923 3486 acquisitionem,
951 3421 1214 3490 lacrymis

164 3501 237 3537 eos
256 3489 446 3554 rigare
465 3505 560 3555 per
584 3491 1032 3556 compassionem,
1053 3493 1217 3560 capil-

163 3556 222 3607 lis
237 3565 524 3625 extergere
550 3576 641 3626 per
669 3565 970 3628 squalorem
997 3578 1217 3629 pauper-

163 3631 293 3693 tatis,
327 3643 380 3683 et
408 3634 673 3684 resolvere
696 3651 789 3700 per
817 3636 1213 3702 temporalium,

163 3714 267 3766 quae
293 3718 386 3768 per
413 3704 633 3770 capillos
662 3705 1023 3773 designantur,
1060 3724 1214 3759 com-

165 3775 565 3828 municationem
601 3789 667 3834 et>
681 3779 908 3832 miseriae
935 3782 1216 3833 relevatio-

169 3860 302 3911 nem3
338 3849 575 3900 osculum
608 3850 690 3901 eis
727 3850 859 3902 dare
894 3868 988 3918 per
1026 3853 1216 3905 affabi-

280 3965 416 4019 vm
440 3966 569 4020 ,ἵκευ
597 3968 837 4034 Carus-ri,
865 3986 1036 4025 ‘tonus
1071 3973 1136 4027 11.

2264 251 2368 317 ⁵47

1298 360 1500 412 litatem
1573 374 1626 415 et
1682 365 1933 418 blandam
1992 368 2372 419 allocutionem

1298 432 1750 504 fraternitatisque
1791 455 2057 503 amorem;
2108 447 2374 507 unguento

1301 510 1510 570 ung-ere
1534 523 1629 573 per
1657 509 1944 561 miserendi
1974 511 2296 563 hilaritatem
2323 522 2376 563 et

1298 576 1488 625 cordis'
1514 577 1735 644 benigni
1768 580 2110 632 dulcedinem
2144 597 2204 632 ac
2242 599 2373 633 con-

1297 646 1577 697 solationis
1616 650 1949 702 suavitatem.
1998 652 2167 702 Aliter
2208 653 2373 717 enim,

1298 721 1590 771 secundum
1609 724 1989 789 Augustinum,
2014 741 2125 775 non
2151 735 2377 791 possunt

1297 791 1489 841 divites
1535 793 1710 844 dicere
1754 806 2160 861 competenter:
2203 798 2374 848 Pater

1300 868 1494 924 noster,
1529 863 1633 913 nisi
1658 879 1715 914 se
1737 863 1924 916 fratres
1955 882 2250 933 pauperum
2274 882 2371 917 co-

1299 944 1557 1001 gnoscant
1602 946 1653 987 et
1704 935 2007 989 exhibeant.
2071 939 2195 1002 Sed,
2233 937 2371 990 heu!

1300 1004 1457 1054 multi
1484 1004 1686 1056 faciunt
1729 1007 1817 1058 his
1847 1009 2135 1072 contraria;
2169 1019 2220 1059 et
2247 1025 2374 1076 ergo

1299 1092 1421 1126 cum
1467 1077 1731 1129 Pharisaeo
1772 1096 1868 1131 nec
1899 1081 2122 1147 gratiam
2160 1098 2378 1132 meren-

1301 1156 1407 1210 tur,
1446 1164 1542 1199 nec
1579 1151 1822 1216 gloriam.
1852 1153 2007 1203 Unde
2036 1154 2340 1220 Gregorius
2358 1170 2379 1203 .·

1304 1238 1331 1266 «
1358 1221 1469 1270 Nos
1490 1236 1633 1286 ergo,
1656 1238 1752 1272 nos
1773 1224 1864 1274 illa
1884 1224 2081 1275 mulier
2101 1225 2379 1292 expressit,

1309 1292 1356 1342 si
1389 1302 1500 1342 toto
1529 1294 1686 1344 corde
1714 1296 1780 1345 ad
1807 1297 2101 1347 Dominum
2127 1308 2248 1363 post
2271 1313 2384 1364 pec·

1307 1373 1422 1414 cata
1464 1365 1777 1425 redeamus,
1813 1366 1858 1416 si
1898 1368 2013 1433 ejus
2050 1369 2382 1433 poenitentiae

1311 1435 1489 1485 luctus
1522 1434 1816 1488 imitemur.
1863 1437 2005 1496 Quid
2052 1450 2229 1489 autem
2277 1455 2386 1489 un-

1309 1514 1530 1570 guent0,
1576 1505 1681 1556 nisi
1721 1506 1899 1556 bonus
1940 1508 2074 1557 odor
2115 1508 2386 1573 opinionis

1306 1574 1665 1639 exprimitur?
1706 1575 1760 1625 Si
1812 1576 1977 1642 igitur
2025 1587 2164 1627 recta
2217 1593 2380 1644 opera

1306 1646 1536 1711 agimus,
1552 1646 1753 1712 quibus
1775 1649 2051 1715 opinionis
2072 1652 2225 1701 bonae
2245 1651 2386 1700 odo-

1306 1734 1364 1769 re
1384 1719 1672 1769 Ecclesiam
1695 1722 2074 1788 respergimus,
2091 1724 2220 1789 quid
2236 1722 2384 1773 aliud

1309 1790 1365 1840 in
1391 1790 1611 1841 Domini
1639 1807 1876 1858 corpore,
1904 1794 2010 1844 nisi
2039 1805 2384 1860 unguentum

1308 1862 1620 1913 fundimus?
1671 1865 1870 1915 Contra
1937 1867 2098 1931 pedes
2157 1867 2382 1917 Domini

1308 1933 1573 1994 stetimuS‚
1595 1950 1719 1985 cum
1742 1936 1798 1986 in
1824 1937 2048 2001 peccatis
2069 1938 2249 2003 positi,
2267 1939 2383 2003 ejus

1309 2002 1591 2055 itineribus
1638 2005 2036 2070 renitebamur3
2083 2007 2174 2057 sed
2220 2008 2265 2058 si
2313 2007 2382 2057 ad

1307 2091 1487 2126 veram
1534 2077 1898 2142 poenitentiam
1947 2089 2068 2144 post
2107 2087 2382 2144 peccatum

1308 2150 1690 2212 convertimur,
1734 2151 1840 2217 jam
1869 2162 2010 2202 retro
2048 2168 2199 2202 secus
2221 2153 2383 2218 pedes

1308 2231 1531 2282 stamus,
1562 2222 1691 2287 quia
1717 2223 1829 2287 ejus
1850 2224 2075 2290 vestigia
2101 2223 2382 2291 sequimur

1309 2307 1473 2354 quem
1488 2291 1955 2358 impugnabamus
1972 2294 2247 2360 Lacrymis
2267 2310 2383 2343 mu-

1310 2365 1407 2414 lier
1439 2364 1599 2429 pedes
1638 2365 1806 2431 rigat;
1852 2367 1996 2432 quod
2037 2383 2135 2416 nos
2164 2380 2383 2431 quoque

1310 2435 1523 2501 agimus
1550 2435 1595 2485 si
1623 2436 1954 2501 quibuslibet
1979 2438 2188 2487 ultimis
2217 2453 2382 2487 mem·

1311 2507 1426 2557 bris
1457 2507 1675 2557 Domini
1712 2523 1805 2573 per
1832 2508 2219 2573 compassionis
2247 2508 2380 2558 affe-

1312 2588 1460 2628 ctum
1515 2577 1856 2629 inclinamur.
1927 2578 2153 2644 Capillis
2219 2578 2381 2644 pedes

1313 2648 1535 2699 Domini
1585 2650 1872 2716 tergimuS,
1921 2651 2137 2716 quando
2178 2660 2382 2701 sancto·

1314 2735 1437 2769 rum
1465 2720 1596 2785 ejuS,
1623 2718 1821 2786 quibus
1852 2737 1917 2772 ex
1940 2721 2152 2772 caritate
2174 2736 2383 2786 compa·

1313 2791 1483 2842 timur
1504 2830 1518 2851 ,
1571 2792 1728 2842 etiarn
1776 2808 1840 2842 ex
1891 2793 1977 2843 his
2038 2809 2159 2858 quae
2226 2793 2384 2843 nobis

1313 2862 1675 2928 superfluunt,
1719 2863 2054 2915 miseremur.
2096 2865 2385 2916 Osculatur

1316 2934 1513 2985 mulier
1534 2936 1692 3002 pedes
1714 2952 1854 3003 quos
1882 2937 2067 3003 tergit3
2106 2939 2251 3003 quod
2282 2952 2384 2987 nos

1314 3021 1532 3072 quoque
1568 3005 1796 3071 agimus,
1833 3007 1878 3057 si
1923 3006 2160 3057 studiose
2206 3007 2382 3073 diligi-

1315 3092 1438 3128 mus
1463 3094 1601 3144 quos
1620 3094 1683 3128 ex
1702 3080 1918 3130 caritate
1945 3079 2285 3130 continemus
2310 3096 2325 3129 z
2348 3098 2377 3128 n

1313 3149 1431 3199 haec
1474 3150 1793 3215 GregoriuS.

1374 3235 1413 3285 4
1439 3219 1701 3279 Quarum
1728 3237 1995 3271 rcum-ress
2025 3238 2124 3272 PER
2160 3224 2385 3272 Maena-

1315 3307 1491 3341 LENAM
1531 3307 1850 3343 riouna‘run.
1872 3321 1932 3331 -—
1966 3294 2067 3343 Per
2087 3294 2225 3343 hanc
2257 3308 2383 3358 ergo

1317 3361 1599 3412 mulierem
1653 3364 1991 3427 peccatricem
2050 3363 2114 3414 ad
2165 3362 2384 3413 Domini

1318 3434 1480 3499 pedes
1506 3435 1855 3499 accedentem,
1887 3434 2218 3502 significatur
2245 3450 2389 3502 quae-

1317 3505 1448 3555 libet
1473 3520 1699 3570 persona
1725 3521 1849 3556 vere
1877 3507 1942 3556 de
1974 3506 2198 3572 peccatis
2227 3504 2391 3571 poeni-

1318 3587 1438 3627 tens
1467 3586 1518 3627 et
1544 3577 1798 3640 contrita;
1831 3579 1895 3628 ad
1915 3580 2058 3644 quod
2079 3577 2387 3643 requiritur,

1319 3650 1466 3717 quod
1494 3651 1632 3701 sicut
1669 3652 1843 3702 Deum
1876 3653 2100 3703 offendit
2130 3666 2222 3717 per
2266 3651 2386 3701 cul-

1319 3738 1463 3789 pam,
1491 3722 1563 3773 ita
1589 3722 1638 3771 ei
1669 3723 1862 3773 serviat
1886 3739 1979 3789 per
2000 3720 2385 3788 poenitentiam,

1318 3793 1617 3844 secundum
1640 3793 1773 3842 illud
1795 3793 2036 3859 Apostoli
2060 3809 2074 3842 :
2103 3792 2257 3843 Sicut
2281 3807 2389 3846 ex-

1317 3863 1566 3924 hibuistis
1595 3862 1828 3913 membra
1855 3869 2032 3915 vestra
2057 3860 2260 3912 servire
2279 3859 2385 3911 im-

2166 3981 2199 4031 7
