2757 4413
310 286 392 337 DE
427 283 699 344 QUAEST.
739 280 1029 332 JOANNIS
1066 279 1269 331 BAPT.
1293 279 1342 328 A
1363 276 1671 331 CHRISTO
1710 278 2204 333 COMMENDATI.
2266 277 2369 345 507

1119 503 1393 555 ORATIO

232 677 431 728 Domine
454 675 583 725 Jesu
608 674 840 735 Christe,
872 673 1123 740 Magister
1144 673 1301 733 bone,
1331 674 1399 724 da
1425 673 1563 724 mihi
1593 673 1907 740 Prophetas»,
1928 672 2130 723 scilicet
2148 671 2242 738 qui
2271 672 2375 721 do-

185 748 316 798 ctrina
336 758 382 797 te
418 745 723 811 praedicant,
758 756 810 796 et
838 746 1007 810 justos
1041 744 1136 810 qui
1177 745 1318 794 bona
1348 745 1455 795 vita
1484 755 1533 795 te
1569 745 1957 803 demonstrant,
1987 759 2045 793 ac
2084 742 2376 807 discipulos

185 832 223 872 et
239 820 433 870 nuntios
454 828 596 877 tuoS,
624 819 718 879 qui
741 829 791 869 te
811 833 1032 884 quoquo
1058 818 1219 867 modo
1248 817 1585 879 denuntiant,
1619 817 1695 868 sic
1722 833 1819 885 pro
1847 816 2068 866 nomine
2092 826 2185 867 tuo
2209 829 2376 865 vene-

184 891 263 940 rari
279 901 325 941 et
355 891 601 956 recipere,
631 905 690 939 ac
718 889 798 940 eis
826 889 1063 939 caritatis
1095 888 1354 954 obsequia
1404 899 1455 938 et
1498 888 1750 939 beneficia
1791 888 2121 953 impendere,
2151 898 2211 937 ut
2244 900 2380 935 mer-

184 962 328 1012 cedem
354 978 472 1011 cum
492 961 572 1012 eis
601 976 824 1021 merear,
847 970 898 1010 te
920 960 1169 1023 donante,
1192 959 1402 1009 meritis
1431 974 1618 1009 eorum
1644 960 1902 1010 obtinere.
1933 959 2011 1009 Da
2036 958 2173 1008 mihi
2193 957 2375 1017 etiam,

184 1035 374 1085 Domine
392 1035 534 1085 Deus
556 1050 728 1095 meu5‚
751 1035 1010 1099 praelatos,
1033 1033 1402 1099 praedicatores
1420 1043 1472 1083 et
1488 1034 2108 1095 sacerdotesreverenter
2128 1030 2312 1081 audire
2325 1038 2378 1080 et

185 1122 332 1156 eorum
370 1107 837 1158 admonitionibus
875 1105 1176 1156 obediendo
1211 1105 1565 1172 acquiescere,
1591 1116 1653 1156 ut
1679 1121 1801 1157 cum
1831 1104 1970 1157 veris
2001 1102 2379 1154 obedientibus

187 1178 345 1229 valeam
366 1179 504 1244 apud
531 1187 582 1229 te
607 1178 832 1243 gratiam
856 1175 1116 1228 invenire.
1147 1178 1343 1228 Amen.

925 1523 936 1536 ’
993 1554 1328 1625 CAPUT
1377 1554 1540 1621 Lv1

184 1802 262 1872 De
296 1804 670 1895 quaestione
708 1803 1008 1875 Joannis
1060 1801 1407 1895 Baptistae
1450 1811 1519 1870 et
1569 1803 1714 1888 ejus
1771 1802 2379 1872 commendatione.

235 2074 250 2107 1
298 2060 616 2111 Pnfficunson
668 2060 865 2109 Domni
911 2070 1212 2107 nisctrunos

185 2142 282 2179 suos
302 2148 361 2180 An
387 2147 496 2180 auu
524 2146 732 2190 fflrrir,
756 2146 826 2179 ur
857 2144 1014 2178 ipsun
1038 2143 1213 2177 iuren-

186 2215 368 2253 nooenr.
398 2232 458 2241 -
489 2203 735 2254 Joannes
756 2206 931 2252 autem
962 2199 1213 2264 Baptista

188 2271 446 2324 invinculis
464 2287 520 2325 et
551 2274 608 2322 in
634 2288 839 2323 carcere
869 2272 1211 2329 constitutus,

186 2354 274 2393 cum
298 2360 384 2409 per
423 2344 728 2410 discipulos
769 2359 897 2394 suos
927 2343 1098 2408 magis
1126 2342 1214 2392 in-

184 2415 310 2478 vidia,
340 2433 501 2485 quam
559 2418 792 2484 simplici
822 2418 979 2468 corde
1015 2416 1214 2466 stimu-

186 2484 306 2547 Ιαῐοε,
352 2491 601 2541 audisset
643 2503 807 2557 opera
856 2498 910 2539 et
960 2487 1215 2538 miracula

186 2571 277 2623 quae
313 2559 531 2612 faciebat
582 2560 852 2620 ChristuS,
887 2561 1007 2626 plus
1038 2561 1104 2611 de
1126 2560 1217 2608 di-

186 2627 473 2692 scipulorum
509 2632 683 2682 salute
709 2647 873 2698 quam
915 2632 982 2681 de
1006 2647 1105 2681 suo
1134 2647 1217 2696 pe—

188 2695 323 2749 riculo
371 2702 656 2766 sollicitus,
703 2703 918 2753 mittens
972 2702 1107 2753 duos
1153 2702 1219 2753 de

187 2767 428 2845 discipulis
498 2775 616 2824 suis
685 2774 1059 2826 dubitantibus
1085 2812 1098 2834 ,
1160 2782 1221 2823 ut

187 2840 289 2901 ipsis
332 2845 556 2894 reversis
597 2845 896 2896 crederetur
949 2846 1014 2895 ab
1067 2844 1217 2907 aliis;

188 2909 288 2976 quia
311 2913 361 2962 in
401 2929 499 2965 ore
544 2916 771 2966 duorum
813 2915 897 2965 vel
940 2916 1099 2966 trium
1154 2921 1223 2965 te-

187 2983 314 3034 stium
338 2988 502 3038 stabit
529 3002 681 3038 omne
701 2988 932 3050 verbum,
968 2988 1221 3051 Joannes,

187 3050 401 3120 inquam,
444 3058 528 3108 ait
582 3058 682 3120 illi,
741 3058 941 3108 scilicet
983 3057 1219 3122 Christo,

188 3138 262 3187 per
303 3126 591 3194 discipulos
643 3143 771 3178 suos
809 3127 1031 3191 missos;
1067 3128 1221 3194 quasi

188 3191 353 3245 diceret
381 3197 479 3247 :Si
516 3196 652 3246 mihi
697 3214 807 3247 non
863 3198 1078 3248 creditis
1128 3198 1222 3265 qui

191 3263 534 3317 testimonium
579 3267 644 3318 de
685 3267 902 3318 Christo
952 3269 1223 3333 perhibui,

189 3334 357 3400 vosipsi
382 3338 547 3388 dicite
574 3338 622 3388 ei
652 3355 666 3388 :
707 3338 793 3388 Tu
824 3352 883 3388 es
913 3340 1004 3405 qui
1039 3346 1225 3391 ventu-

191 3417 267 3454 rus
289 3420 341 3455 es
368 3408 618 3458 Christus
653 3416 706 3458 et
739 3408 962 3460 Messias
995 3409 1051 3460 in
1087 3412 1225 3477 Lege

191 3476 475 3540 promissus,
500 3478 596 3544 qui
625 3478 784 3529 debes
813 3481 1016 3531 salvare
1035 3481 1224 3544 Israel;

190 3560 245 3596 an
272 3551 428 3602 alium
464 3558 858 3618 exspectantia,
904 3554 971 3603 ad
1013 3554 1227 3605 salvan-

191 3616 326 3697 dum?
377 3624 612 3675 Joannes
667 3624 1046 3691 interpretatur
1100 3641 1229 3692 gra-

193 3692 279 3754 ha3
321 3694 549 3747 Joannes
582 3711 709 3762 ergo
750 3696 804 3747 in
859 3696 1085 3748 vinculis
1128 3708 1224 3759 est,

194 3771 294 3839 cum
334 3766 496 3830 gratia
526 3767 580 3817 in
609 3767 792 3833 aliquo
814 3767 1047 3819 vinculis
1074 3785 1229 3820 mun-

195 3828 253 3893 dl,
272 3836 345 3884 vel
382 3839 572 3902 carnis,
605 3839 689 3889 vel
720 3840 918 3905 peccati
947 3841 1107 3906 ligata
1145 3852 1227 3891 te-

197 3912 340 3967 netur,
375 3923 443 3958 ne
486 3907 747 3974 proficiat.
774 3912 912 3973 Heu,
949 3910 1008 3961 in
1040 3913 1227 3963 multis

1320 2050 1486 2101 hodie
1546 2051 1781 2101 Joannes
1853 2060 2065 2102 tenetur
2120 2050 2385 2102 vinculis!

1320 2124 1532 2189 Corpus
1571 2124 1718 2174 enim
1772 2139 1947 2174 carcer
1982 2135 2062 2175 est
2095 2122 2390 2190 impediens

1321 2194 1602 2246 hominem
1646 2212 1677 2247 a
1716 2196 2169 2262 contemplatione
2195 2196 2391 2247 verita-

1320 2268 1410 2318 tis,
1457 2268 1578 2317 Non
1611 2277 1788 2319 autern
1825 2268 1939 2334 ipse
1968 2270 2200 2320 Joannes
2224 2270 2392 2319 dubi-

1322 2339 1483 2403 tavit3
1535 2355 1630 2390 nec
1668 2339 1965 2390 dubitando
2017 2342 2266 2407 quaesivit
2293 2341 2388 2406 qui

1320 2411 1388 2459 de
1406 2411 1616 2480 §bristi
1647 2411 1926 2476 praesentia
1947 2412 2000 2461 in
2031 2423 2180 2463 utero
2206 2413 2393 2462 matris

1321 2482 1643 2545 exsultavit,
1676 2481 1770 2547 qui
1817 2482 1865 2531 ei
1899 2482 2059 2532 etiam
2088 2483 2153 2532 ad
2206 2482 2394 2547 Bapti-

1323 2569 1505 2603 smum
1569 2553 1803 2604 venienti
1861 2554 2065 2604 dixerat
2118 2571 2131 2604 :
2173 2556 2302 2620 Ego
2357 2570 2394 2605 a

1325 2634 1377 2678 te
1404 2627 1563 2678 debeo
1610 2628 1896 2694 baptizari,
1934 2634 1986 2678 et
2026 2634 2086 2678 tu
2131 2628 2279 2678 venis
2320 2628 2396 2678 ad

1325 2698 1455 2750 me?
1483 2700 1553 2750 Et
1593 2699 1648 2749 in
1687 2700 1963 2765 Baptismo
2004 2717 2125 2751 eum
2171 2717 2265 2767 per
2300 2716 2396 2751 co-

1326 2773 1567 2822 lumbam
1608 2774 2039 2833 descendentem,
2071 2791 2130 2825 ac
2169 2790 2262 2840 per
2291 2775 2396 2824 Pa-

1325 2844 1426 2894 tris
1454 2859 1637 2894 vocem
1665 2854 1717 2894 et
1757 2844 2130 2895 testimonium
2160 2845 2396 2911 agnovit,

1328 2925 1381 2964 et
1420 2924 1603 2979 postea
1644 2913 1818 2979 digito
1855 2915 2261 2974 demonstravit,
2303 2914 2413 2980 qui·

1329 2984 1491 3034 etiam
1532 2999 1629 3049 pro
1669 2984 1890 3034 Christo
1933 3000 1992 3035 ac
2037 2985 2141 3035 fide
2186 2986 2317 3050 ejuS,
2347 2993 2401 3035 et

1330 3054 1550 3120 justitia,
1581 3056 1789 3120 positus
1812 3067 1892 3106 est
1916 3056 1969 3106 in
1997 3072 2220 3116 carcere,
2242 3067 2293 3106 et
2317 3071 2406 3122 pa·

1332 3140 1481 3177 ratus
1533 3142 1762 3179 mortem
1804 3129 2094 3192 sustinere;
2139 3131 2229 3180 sed
2277 3145 2403 3179 mo-

1333 3214 1447 3248 rem
1487 3197 1785 3249 dubitantis
1820 3215 2007 3264 gerens
2050 3200 2312 3265 quaesivit,
2343 3208 2406 3250 ut

1333 3267 1723 3333 discipulorum
1757 3269 2079 3319 dubitationi
2110 3271 2405 3319 consulen-

1333 3341 1423 3400 do,
1462 3356 1554 3390 eos
1596 3356 1688 3405 per
1731 3340 2011 3391 Christum
2051 3341 2403 3402 confirmaret,

1335 3423 1387 3459 et
1433 3409 1633 3461 Christi
1684 3409 1978 3476 discipulos
2022 3410 2229 3470 faceret,
2268 3425 2407 3477 quos

1334 3483 1402 3532 de
1446 3481 1665 3533 Christo
1698 3481 1872 3531 adhuc
1904 3482 2208 3532 dubitantes
2241 3497 2409 3532 nove·-

1336 3563 1435 3614 rat‚
1485 3564 1545 3605 ut
1594 3555 1835 3605 videntes
1886 3553 2039 3620 signa
2087 3565 2138 3605 et
2188 3553 2407 3605 correcti

1334 3627 1492 3677 dictis
1541 3627 1829 3678 crederent.
1887 3628 2203 3678 Scandalum
2262 3626 2410 3676 enim

1334 3698 1690 3762 patiebantur,
1720 3698 1848 3764 quia
1879 3699 2061 3749 Jesum
2091 3698 2330 3763 praeponi
2359 3707 2414 3749 et

1334 3768 1570 3835 praeferri
1626 3784 1726 3818 suo
1788 3769 2049 3834 magistro
2111 3768 2411 3825 audierant,

1340 3842 1493 3893 Unde
1518 3842 1862 3907 Augustinus
1886 3859 1903 3893 .·
1931 3859 1958 3887 «
1988 3842 2080 3901 Ite,
2108 3840 2273 3892 dicite
2302 3841 2403 3892 illi.

1339 3928 1451 3963 non
1494 3911 1623 3978 quia
1665 3927 1765 3978 ego
1810 3910 2032 3974 dubito;
2084 3911 2176 3961 sed
2215 3920 2276 3962 ut
2301 3910 2415 3962 ‘vc-s
