2757 4413
970 320 1067 373 DE
1098 320 1435 373 PASTORE.
1456 321 1705 373 OVIUM.

201 440 406 491 tiernur
433 453 448 486 ε
478 455 508 486 »ι
534 435 654 485 haec
678 434 1006 502 Gregorius·

260 527 297 576 4
327 510 526 561 Vanus
557 523 656 557 nst
692 522 862 557 enm
897 522 1138 569 aaaron„
1171 523 1271 559 cu-

194 597 285 634 ms
326 595 679 632 conon-tonas
720 594 932 630 tumr.
972 578 1274 630 -Deinde

193 652 697 705 ostenditseetiam
714 669 832 705 esse
849 661 1152 718 pastorem·
1165 652 1274 702 hoc

194 735 380 780 altem
433 735 586 792 paoet
632 743 725 794 per
778 728 930 778 hanc.
967 722 1234 775 rationem
1250 763 1268 786 ,

194 797 336 863 qnia
365 797 510 848 sicut
550 813 644 864 per
682 808 952 864 pastorem
987 811 1122 862 grex
1159 811 1277 861 gu-

195 868 453 918 bernatur
488 878 543 919 et
583 870 833 934 pascitur,
874 867 948 917 ita
986 866 1147 917 etiam
1173 881 1269 931 per

198 939 485 991 Christum
526 938 709 990 fideles
740 947 1020 1005 reguntur,
1054 947 1107 989 et
1146 936 1270 1003 spi-

196 1010 382 1061 rituali
424 1010 572 1070 cibo„
608 1026 668 1061 ac
720 1010 885 1061 etiam
932 1007 1169 1075 Corpore
1214 1016 1268 1058 et

194 1080 479 1149 Sanguine
520 1097 619 1133 suo
672 1081 1014 1143 reficiuntur3
1065 1079 1156 1130 sed
1199 1080 1272 1129 ad

195 1152 562 1204 differentiam
591 1153 720 1204 mali
761 1150 994 1218 pastoris
1036 1160 1098 1202 et
1128 1149 1276 1201 furis

195 1226 347 1278 addit
395 1227 591 1290 boum,
646 1226 823 1276 bonus
877 1224 1099 1292 quidem
1154 1239 1268 1275 non

194 1297 377 1348 solum
419 1296 480 1347 in
522 1306 711 1347 natura
758 1306 816 1347 et
851 1294 1035 1362 gratia,
1076 1294 1170 1345 sed
1208 1294 1270 1344 in

193 1367 452 1433 pastorali
512 1381 664 1427 cura,
707 1366 839 1431 quia
888 1365 1078 1430 implet
1137 1365 1270 1415 boni,

194 1439 428 1503 pastoris
474 1439 674 1490 officiam
715 1437 872 1489 Unde
929 1436 1268 1505 Chrysosto-

193 1524 316 1561 mus
369 1526 387 1561 .·
454 1528 482 1557 α
541 1511 826 1560 ΡειεῐοιᾞῐῐιΔ
876 1509 1118 1573 seipsum
1146 1545 1160 1567 ,
1215 1516 1270 1558 et

193 1583 410 1634 ostium.
435 1581 797 1632 indifferenter
825 1579 1090 1646 praedicat.
1129 1579 1267 1640 Quia

193 1655 346 1707 enim
393 1653 613 1704 adducit
637 1669 739 1703 nos
777 1652 939 1713 Patri,
977 1650 1186 1702 ostium
1211 1667 1269 1703 se

193 1726 356 1790 dicit;
414 1726 541 1791 quia
584 1740 709 1775 vero
759 1732 1025 1789 procurat,
1081 1732 1276 1789 pasto-

193 1813 332 1850 rem.
361 1816 392 1845 n
426 1798 493 1847 Et
514 1795 669 1862 ponit
695 1794 1034 1845 conditiones
1061 1794 1192 1844 boni
1216 1804 1269 1845 et

194 1870 328 1923 mali
357 1869 610 1935 pastoris,
653 1868 784 1934 quia
819 1867 996 1918 bonus
1024 1877 1076 1917 et
1111 1883 1274 1919 verus

196 1949 398 2007 pastor,
444 1939 540 2004 qui
587 1937 812 1988 attendit
857 1937 923 1987 ad
982 1937 1272 2002 praemium

194 2008 403 2077 gloriae,
460 2008 617 2059 debet
669 2008 864 2058 habere
929 2007 1269 2058 affectionem

194 2081 263 2131 ad
315 2094 533 2146 gregem
584 2078 647 2128 in·
691 2087 925 2138 tantum,
975 2078 1147 2151 quod
1170 2093 1272 2143 pro

194 2168 287 2217 eo„
319 2151 366 2202 si
409 2163 630 2200 necesse
670 2158 769 2209 est,
810 2147 1075 2199 sustineat
1115 2141 1269 2198 mor-

195 2236 336 2280 tem.
383 2226 570 2276 Bonus
615 2224 753 2274 enim
794 2230 993 2288 pastor
1034 2222 1272 2274 animam

196 2311 355 2349 naam
381 2294 674 2362 propriam,
703 2293 757 2343 id
786 2304 866 2345 est
889 2293 1060 2344 vitam
1083 2309 1266 2359 corpo-

197 2369 386 2427 ralem,
422 2367 533 2429 dat,
578 2381 704 2415 cum
743 2380 884 2431 opus
919 2373 1016 2426 est,
1055 2379 1269 2430 semper

198 2449 384 2492 autem
422 2446 636 2503 paratus
685 2445 766 2485 est
806 2436 956 2494 dare,
993 2450 1103 2502 pro
1145 2435 1265 2485 ovi-

200 2513 298 2562 bus
334 2510 454 2562 suis
501 2517 553 2559 et
592 2522 777 2557 earum
823 2507 1016 2557 salute.
1053 2505 1110 2556 Si
1151 2506 1271 2556 haec

199 2592 288 2635 est
323 2580 614 2645 descriptio
655 2578 781 2628 boni
826 2576 1052 2644 pastoris
1098 2586 1152 2628 et
1186 2577 1268 2628 si-

200 2669 413 2735 gnum,
467 2651 622 2701 valde
692 2648 995 2699 timendum
1056 2657 1137 2698 est
1202 2648 1269 2698 de

201 2725 470 2792 paucitate
503 2723 772 2772 bonorum
813 2729 1110 2784 pastorum.
1160 2718 1269 2770 Ca-

199 2797 279 2848 dit
315 2796 465 2848 enim
511 2793 680 2844 bestia
720 2791 981 2870 proximi,
1018 2800 1071 2841 et
1108 2790 1266 2841 multi

198 2883 316 2919 eam
363 2866 669 2927 sublevant3
712 2860 850 2912 cadit
896 2860 1078 2911 anima
1117 2860 1266 2926 justi,

198 2951 251 2992 et
291 2955 406 2991 non
447 2947 529 2989 est
570 2951 634 2986 ex
670 2932 929 2985 omnibus
965 2932 1103 2983 caris
1154 2933 1268 2998 ejus

199 3012 295 3078 qui
340 3025 461 3059 eam
507 3009 719 3066 relevet,
754 3020 884 3055 cum
915 3013 1095 3054 tamen
1137 3003 1267 3069 qui-

198 3082 333 3132 libet
361 3080 485 3146 plus
512 3086 752 3128 teneatur
782 3074 1003 3141 diligere
1032 3073 1268 3124 animam

200 3153 460 3220 proximi,
505 3166 669 3217 quam
719 3163 914 3214 corpus
966 3147 1267 3214 proprium.

200 3225 306 3276 Sed
331 3222 609 3305 quomodo
640 3235 736 3286 pro
763 3234 824 3269 ea
862 3233 1056 3284 corpus
1084 3233 1270 3268 meum

202 3313 422 3364 ponam,
470 3295 566 3362 qui
612 3308 712 3344 nec
747 3309 862 3345 rem
917 3291 1271 3358 temporalem

201 3373 329 3423 dare
372 3372 497 3422 volo
542 3378 605 3419 ut
648 3383 768 3418 eam
813 3383 845 3418 a
902 3377 1113 3433 peccato
1162 3365 1272 3416 eri-

201 3447 383 3514 piam
367 3445 387 3482 )
413 3446 480 3496 Et
503 3453 631 3494 nota
651 3442 802 3508 quod
821 3440 961 3491 mori
987 3454 1086 3505 pro
1113 3453 1273 3504 grege

202 3517 495 3569 Dominico
541 3524 717 3582 potest
762 3528 881 3565 esse
922 3510 1205 3577 tripliciter
1255 3527 1273 3561 ε

198 3599 296 3639 aut
324 3603 422 3655 pro
447 3588 566 3653 ipso
600 3585 666 3635 de
685 3584 863 3635 bono
852 3600 910 3633 m
934 3581 1136 3632 melius
1156 3596 1275 3663 poro-

200 3661 494 3720 movendo,
519 3669 573 3709 et
613 3658 690 3709 sic
729 3667 812 3707 est
839 3653 1273 3722 supererogatio-

201 3732 312 3795 nis,
357 3740 625 3797 quantum
661 3728 726 3777 ad
770 3740 964 3776 omnes
1005 3726 1273 3791 praelatos,

198 3806 299 3856 sed
325 3805 393 3854 ad
428 3818 589 3869 opera
623 3797 1128 3882 supererogationis
1148 3797 1274 3847 nul-

200 3877 292 3927 lus
335 3884 576 3937 tenetur,
600 3872 706 3922 nisi
746 3881 872 3923 voto
911 3884 976 3919 se
1004 3867 1275 3917 astrinxe-

201 3948 303 4013 rit3
355 3958 454 3999 aut
502 3963 600 4014 pro
656 3945 772 4010 ipso
830 3943 897 3994 ab
952 3941 1274 3992 imminente

2346 326 2450 394 773

1391 438 1630 503 periculo
1667 438 1963 499 liberando,
2014 450 2072 490 et
2114 440 2201 492 sic.
2243 450 2458 495 tenetur

1389 509 1617 574 quilibet
1657 512 1924 575 praelatus,
1952 510 2081 576 quia
2106 513 2340 579 suscepit
2369 530 2458 566 ω-

1369 577 1504 630 'ram
1541 581 1818 632 Dominici
1864 582 2059 649 gregis,
2093 592 2147 633 et
2185 585 2250 634 de
2290 601 2456 639 manu

1389 653 1503 716 ejus
1549 653 1851 718 requiretur
1902 654 2159 720 sanguis;
2217 666 2310 707 aut
2357 673 2456 723 pro

1390 724 1507 789 ipso
1537 725 1590 775 in
1615 736 1856 777 extremo
1878 726 2103 778 articulo
2126 729 2457 783 necessitatis

1388 796 1699 858 constituto,
1727 797 1822 864 qui
1867 813 1974 848 non
2018 808 2191 864 potest
2235 801 2455 853 evadere

1387 867 1817 929 damnationem,
1857 869 1967 919 nisi
2004 869 2171 920 homo
2204 871 2370 921 morti·
2396 887 2453 925 se

1388 950 1633 1004 exponat,
1675 951 1728 990 et
1753 939 1846 990 sic·
1870 950 1952 990 est
1987 942 2454 1002 necessimtis,.sie-

1387 1020 1451 1060 ut
1478 1011 1708 1061 vendere
1744 1027 1843 1062 sua
1866 1022 1919 1062 et
1964 1013 2092 1064 dare
2129 1014 2454 1080 pauperibus

1388 1084 1441 1133 in
1475 1093 1708 1134 extrema
1735 1086 2053 1136 necessitate
2080 1087 2449 1140 existentibus.

1389 1155 1494 1205 Sed
1534 1155 1815 1206 sciendum
1853 1156 2005 1222 quod
2045 1156 2093 1207 si
2140 1167 2222 1209 est
2268 1174 2454 1224 perse·-

1380 1228 1532 1291 cutio
1562 1228 1840 1293 generalis,
1867 1244 1989 1294 quae
2018 1231 2223 1295 populo
2257 1231 2454 1283 indici—

1388 1310 1495 1359 tur,
1524 1312 1653 1350 tunc
1680 1299 1837 1350 debet
1870 1310 2052 1365 pastor
2078 1316 2137 1351 se
2162 1318 2452 1368 opponere,

1389 1384 1442 1424 et
1480 1373 1721 1424 animam
1763 1389 1917 1423 suam
1953 1389 2174 1439 ponere,
2204 1391 2273 1425 ne
2309 1385 2457 1429 totus

1388 1459 1517 1510 grex
1543 1444 1909 1511 dispergatur3
1940 1445 1988 1495 si
2017 1460 2143 1495 vero
2167 1455 2248 1496 est
2272 1461 2457 1511 perse·-

1389 1515 1532 1565 cutio
1558 1516 1874 1580 personalis,
1904 1527 1955 1567 et
1987 1516 2101 1582 ipse
2127 1517 2276 1566 solus
2307 1531 2459 1582 quae-

1389 1587 1544 1645 ritur,
1591 1596 1723 1638 tunc
1775 1588 1902 1645 licet
1958 1587 2144 1652 fugere
2199 1602 2454 1652 persecu-

1388 1657 1614 1718 tionem,
1670 1659 1917 1723 exemplo
1964 1657 2209 1717 Christi,
2268 1656 2361 1723 qui
2424 1672 2456 1707 a

1386 1726 1520 1781 facie
1545 1731 1775 1781 Herodis
1806 1730 1945 1797 fugit
1978 1730 2035 1780 in
2058 1731 2378 1796 AEgyptum,
2406 1740 2459 1780 et

1389 1802 1634 1868 exemplo
1656 1802 1826 1862 Pauli,
1845 1802 1942 1868 qui
1962 1801 2220 1852 dimissus
2238 1800 2343 1851 fuit
2362 1816 2459 1867 per

1390 1890 1628 1935 murum,
1670 1889 1797 1925 oves
1843 1889 2079 1940 namque
2130 1872 2339 1923 Pastori
2395 1874 2453 1924 in

1388 1948 1522 1996 coelo
1559 1946 1764 1997 sedenti
1807 1945 2145 1996 orationibus
2170 1960 2457 1997 commen-

1388 2017 1564 2080 dabat,
1595 2033 1653 2068 se
1680 2027 1862 2067 autem
1893 2017 2112 2067 utilitati
2146 2032 2333 2067 earum
2362 2017 2454 2067 fu-

1388 2087 1585 2151 giendo
1609 2088 1874 2149 servabat3
1902 2086 2033 2136 hinc
2054 2086 2127 2135 ait
2149 2087 2418 2138 Dominus
2439 2104 2453 2137 ε

1388 2158 1455 2211 Si
1486 2171 1583 2208 vos
1605 2158 1876 2222 persecuti
1900 2155 2122 2222 fuerint
2147 2156 2200 2205 in
2234 2171 2337 2206 una
2370 2157 2452 2209 ci-

1389 2230 1572 2289 vitate,
1601 2228 1791 2292 sugite
1825 2227 1878 2277 in
1921 2227 2106 2276 aliam.
2146 2225 2455 2292 Aliquando

1388 2308 1568 2349 autem
1614 2297 1769 2348 debet
1817 2296 2031 2361 fugere,
2076 2310 2171 2344 nec
2216 2296 2456 2347 animam

1389 2384 1545 2420 suam
1571 2382 1787 2433 ponere,
1827 2367 1919 2416 sed
1958 2365 2220 2431 patienter
2262 2381 2457 2432 exspe-

1389 2452 1561 2505 ctare;
1591 2440 1811 2505 quando
1844 2438 2045 2489 scilicet
2071 2447 2287 2488 tantum
2312 2439 2455 2499 lana,

1389 2513 1445 2563 id
1485 2523 1565 2563 est
1601 2509 1916 2576 temporalia
1953 2508 2307 2573 diripiuntur,
2344 2524 2453 2560 non

1390 2597 1649 2649 personae.

1455 2653 1484 2705 5
1519 2654 1640 2706 Cun
1684 2665 2046 2703 mactamus
2098 2664 2298 2698 msron
2346 2663 2456 2698 met

1389 2742 1494 2776 non
1520 2723 1748 2775 vorm?
1779 2750 1845 2760 —
1872 2719 2251 2771 Mercenarius
2277 2724 2454 2769 autem

1389 2814 1420 2850 a
1449 2797 1690 2859 mercede
1712 2794 1904 2854 dictus,
1946 2793 2036 2844 vel
2057 2792 2187 2858 quia
2211 2792 2454 2842 mercede

1390 2872 1681 2923 conductus
1727 2878 1836 2928 est,
1863 2868 1946 2917 vel
1986 2865 2115 2931 quia
2155 2865 2457 2915 mercedem

1388 2953 1651 2994 terrenam
1680 2948 1875 3005 sperat,
1905 2944 1956 2989 et
1986 2937 2078 3003 qui
2106 2951 2208 2987 non
2231 2942 2314 2986 est
2341 2952 2457 3002 pro-

1390 3015 1505 3081 prie
1542 3018 1753 3080 pastor,
1801 3010 1932 3077 quia
1977 3025 2088 3059 non
2132 3007 2356 3061 attendit
2390 3008 2457 3058 ad

1390 3084 1677 3151 praemium
1727 3080 1912 3147 gloriae
1956 3078 2209 3137 coelestis,
2253 3077 2347 3128 sed
2390 3077 2455 3128 ad

1389 3153 1741 3206 commodum
1793 3150 1869 3201 rei
1926 3148 2274 3215 temporalis;
2334 3148 2457 3198 talis

1389 3225 1554 3284 enim,
1583 3222 1879 3274 secundum
1900 3222 1981 3273 Gr
1983 3220 2244 3287 egorium,
2267 3218 2457 3269 merito

1393 3311 1592 3348 nomen
1622 3293 1855 3361 pastoris
1879 3294 2071 3359 perdit,
2092 3308 2155 3343 eo
2183 3290 2330 3356 quod
2357 3297 2456 3341 ter-

1391 3383 1578 3420 renam
1604 3364 1961 3416 substantiam
1992 3365 2112 3430 plus
2139 3375 2304 3428 quam
2331 3375 2457 3410 oves

1391 3438 1588 3518 diligit,
1625 3446 1678 3487 et
1712 3436 1835 3486 ideo
1868 3437 1983 3501 ejus
2033 3448 2136 3484 non
2171 3436 2297 3481 sunt
2331 3445 2458 3481 oves

1385 3508 1649 3575 propriae,
1709 3507 1805 3558 sed
1859 3516 2068 3556 tantum
2126 3501 2456 3566 usurpative,

1392 3579 1539 3647 quod
1598 3578 1793 3644 probat
1845 3593 1939 3644 per
1990 3575 2273 3632 effectum,
2329 3570 2459 3637 quia

1394 3650 1580 3701 videns
1635 3650 1815 3716 lupum
1870 3647 2197 3707 venientem,
2258 3640 2459 3692 scilicet

1395 3722 1692 3781 diabolum,
1716 3729 1777 3770 ut
1804 3733 1931 3769 oves
1957 3715 2146 3781 rapiat,
2172 3712 2259 3763 vel
2285 3712 2459 3762 haere-

1394 3794 1564 3845 ticum
1609 3803 1669 3843 ut
1729 3789 1977 3854 decipiat,
2030 3785 2112 3835 vel
2168 3793 2456 3849 tyrannum

1397 3877 1456 3918 ut
1499 3861 1843 3930 corporaliter
1883 3856 2115 3922 affligat,
2162 3865 2215 3904 et
2260 3852 2460 3904 timens

1396 3938 1657 3988 damnum
1709 3943 1892 3982 rerum
1937 3929 2021 3979 vel
2077 3924 2338 3991 corporis»,
2389 3924 2447 3974 in
