2757 4413
343 317 445 365 720

339 415 663 481 respondere
698 413 858 470 bona,
894 408 1097 475 quibus
1126 407 1280 471 plena
1322 416 1404 456 est

339 490 533 539 domus
551 497 658 548 tua,
684 500 803 550 quae
827 483 1022 532 habere
1045 479 1257 544 optasti,
1279 493 1402 543 quae

341 559 560 624 perdere
586 554 836 613 timuisti,
868 566 1046 602 nonne
1072 549 1171 599 tibi
1201 550 1402 599 clama-

345 639 468 680 rent
493 646 507 678 2
540 629 627 678 Tu
671 641 770 676 nos
809 626 950 675 bona
977 622 1061 672 vis
1084 621 1298 683 habere,
1325 620 1403 670 sic

344 711 397 752 et
425 716 523 750 nos
551 700 801 749 volumus
843 696 1047 745 bonum
1076 693 1273 743 habere
1298 692 1402 741 do-

342 770 590 823 minum?
645 768 828 819 Tacita
882 780 1014 816 voce
1067 764 1406 830 interpellant

343 853 523 893 contra
580 852 633 891 te
694 836 979 887 dominum
1034 850 1215 885 suum.
1272 835 1405 884 Ecce

341 925 486 966 tanta
513 915 654 963 bona
682 909 877 961 dedisti
908 907 1052 968 huic,
1078 917 1132 957 et
1156 907 1270 973 ipse
1297 921 1406 956 ma-

340 987 427 1037 lus
470 994 567 1034 est.
616 983 759 1042 Quid
808 980 955 1030 enim
1002 978 1217 1044 prodest
1257 977 1404 1043 quod

341 1056 504 1106 habet
536 1071 550 1103 :
579 1053 795 1119 quando
824 1066 948 1100 eum
983 1049 1077 1116 qui
1109 1049 1293 1099 omnia
1320 1048 1405 1097 de·

345 1129 444 1187 dit,
482 1143 589 1176 non
620 1124 814 1175 habet?
841 1145 869 1172 n
900 1124 1013 1174 haec
1043 1122 1402 1189 Augustinus,

344 1199 442 1249 Per
483 1198 599 1247 haec
628 1196 789 1246 verba
820 1193 1070 1260 praedicta
1113 1192 1403 1259 quemdam

341 1268 612 1319 lubricum
639 1282 670 1317 a
699 1264 925 1332 peccatis
964 1262 1182 1313 retraxit
1210 1263 1403 1327 Augu-

341 1340 515 1390 stinus
542 1339 598 1388 in
626 1338 861 1404 quodam
893 1349 1144 1386 sermone
1168 1348 1286 1382 suo.

405 1412 439 1464 6
490 1415 722 1463 Smin-10
773 1425 1022 1459 numnius
1071 1422 1401 1458 mcuRvArAE.

341 1511 404 1523 —
441 1485 589 1535 Erat
635 1489 810 1534 autem
835 1482 1029 1531 docens
1067 1480 1121 1529 in
1150 1492 1404 1546 synago-

345 1570 424 1622 ga
476 1570 677 1616 eorum,
731 1554 785 1602 in
814 1553 931 1601 loco
961 1549 1262 1610 communi,
1306 1548 1401 1598 ubi

340 1625 727 1676 conveniebant
749 1621 938 1683 Judaei,
979 1630 1032 1670 et
1062 1619 1118 1669 in
1143 1620 1403 1682 sabbatiS,

342 1696 400 1747 in
454 1696 654 1762 quibus
692 1692 940 1742 homines
978 1691 1177 1741 debent
1221 1690 1404 1739 inten-

341 1767 466 1816 dere
506 1765 693 1814 divino
740 1762 905 1812 cultui
956 1762 1023 1811 ad
1076 1759 1403 1810 audiendum

343 1839 569 1890 verbum
639 1837 773 1898 Dei;
837 1844 898 1885 ut
958 1834 1033 1884 ibi
1097 1833 1404 1900 praedictam

343 1908 755 1959 similitudinem
801 1919 1135 1970 proponens,
1184 1919 1301 1953 eam
1338 1904 1406 1954 ad

342 1993 668 2045 synagogam
716 1976 976 2043 pertinere
1015 1975 1305 2036 indicaret,
1353 1985 1407 2025 et

339 2048 488 2115 quod
540 2062 867 2113 synagogam
919 2045 1261 2096 infructuosae
1315 2060 1405 2095 ar—

341 2120 459 2171 bori
489 2128 836 2184 compararet.
867 2117 1090 2167 Arboris
1116 2117 1261 2168 enim
1289 2132 1409 2167 suc-

345 2193 481 2246 cisio
531 2182 861 2259 significabat
913 2206 1197 2258 synagogae
1249 2189 1406 2241 exci-

339 2266 552 2318 sionem
601 2265 777 2330 quoad
829 2264 1092 2330 quosdam
1147 2264 1406 2328 reprobos

343 2346 395 2388 et
417 2336 783 2398 damnandos3
811 2335 903 2385 sed
933 2334 1178 2385 mulieris
1201 2335 1267 2384 de
1298 2349 1406 2400 qua

341 2408 588 2474 sequitur
638 2406 850 2464 erecti0,
909 2405 1153 2455 Ecclesiae
1203 2404 1406 2455 exalta-

339 2478 542 2528 tionem
589 2485 642 2527 et
688 2476 971 2542 cujuslibet
1008 2475 1185 2526 fidelis
1211 2475 1407 2524 animae

342 2551 683 2610 erectionem,
712 2549 824 2598 sive
867 2549 932 2598 ad
979 2548 1141 2597 fidem
1189 2557 1241 2597 et
1280 2563 1406 2612 gra—

337 2620 490 2679 tiam,
533 2620 647 2671 sive
688 2621 750 2669 ad
782 2618 1025 2684 gloriam.
1075 2617 1227 2668 Unde
1268 2619 1405 2667 Am-

344 2694 556 2745 brosius
590 2710 607 2743 .·
643 2710 671 2738 α
711 2693 885 2751 Quam
934 2692 1168 2741 clemens
1210 2690 1405 2740 Domi-

342 2778 461 2824 nus»,
504 2777 667 2828 quam
716 2762 840 2827 pius
885 2761 940 2811 in
979 2771 1229 2827 utroque,
1280 2775 1405 2810 cum

337 2843 431 2884 aut
451 2833 752 2893 miseretur,
781 2843 872 2883 aut
899 2831 1166 2883 vindicat!
1199 2832 1255 2881 In
1285 2846 1409 2897 syn-

344 2919 526 2971 agogae
563 2916 710 2971 type,
739 2906 986 2955 arborem
1024 2904 1196 2955 excidi
1232 2904 1403 2969 jubet3

343 2977 401 3027 in
425 2986 554 3042 typo
584 2976 849 3038 Ecclesiae,
878 2976 1133 3026 feminam
1165 2976 1348 3027 salvat.
1376 2995 1405 3024 n

341 3047 497 3097 Tunc
526 3062 651 3111 ergo
678 3046 753 3095 ibi
783 3056 892 3096 erat
916 3046 1111 3096 mulier
1137 3046 1405 3112 quaedam,

338 3132 463 3184 quae
503 3117 728 3167 habebat
771 3117 1017 3184 spiritum
1054 3118 1403 3185 infirmitatis,

342 3188 401 3239 id
429 3198 508 3239 est
548 3186 915 3238 infirmitatem
955 3204 986 3240 a
1020 3189 1215 3256 spiritu
1243 3190 1407 3240 mali-

340 3275 451 3327 gno
480 3259 736 3310 inflictam
762 3270 813 3309 et
830 3271 1116 3322 causatam,
1146 3261 1276 3327 quia
1297 3273 1408 3313 erat

339 3347 374 3383 a
400 3333 615 3394 Satana;
647 3331 823 3382 decem
862 3339 915 3383 et
946 3340 1064 3385 octo
1096 3335 1255 3385 annis
1278 3334 1406 3385 vin-

340 3406 465 3457 culo
511 3403 839 3455 infirmitatis
884 3406 1111 3472 alligata,
1159 3417 1210 3457 et
1256 3423 1409 3459 more

342 3478 627 3529 brutorum
658 3477 948 3539 incurvata,
980 3479 1051 3529 ita
1084 3489 1144 3530 ut
1168 3495 1262 3532 nec
1283 3495 1411 3546 pos·

341 3556 425 3600 aet
450 3564 664 3600 sursum
690 3550 957 3616 respicere
1003 3550 1061 3600 in
1096 3552 1309 3613 coelum,
1339 3554 1407 3603 ad

339 3621 490 3686 quod
537 3630 647 3671 erat
695 3620 845 3685 facta,
896 3621 1025 3686 quia
1069 3629 1277 3673 terrena
1307 3638 1410 3674 sa-

344 3691 499 3759 piens
543 3701 596 3742 et
640 3690 827 3742 infima
859 3692 1137 3759 requirens
1177 3693 1409 3744 coelestia

341 3775 397 3815 et
426 3766 701 3831 superiora
730 3766 961 3833 cogitare
995 3766 1239 3816 nondum
1265 3767 1408 3818 scie-

345 3833 452 3884 bat.
495 3835 635 3885 Cum
685 3851 802 3886 eam
844 3836 1065 3901 videret,
1097 3836 1308 3886 vocavit
1340 3839 1408 3887 ad

342 3917 421 3966 se,
444 3914 497 3954 et
522 3906 729 3958 sanavit
738 3924 755 3973 3
786 3916 839 3959 et
861 3923 986 3959 cum
1014 3922 1205 3960 manus
1232 3907 1282 3959 ei
1310 3907 1409 3959 im-

940 291 1180 343 PRIMAE
1215 288 1464 340 PARTls
1493 289 1727 341 CAPUT
1765 290 1996 342 LXXIX.

1514 415 1752 471 poneret,
1802 407 2084 472 confestim
2136 413 2311 457 erecta
2366 413 2457 469 est,
2504 416 2547 459 et

1510 478 1859 546 glorificabat
1905 480 2103 541 Deum,
2158 495 2256 544 pro
2301 480 2547 532 beneficiis

1509 550 1764 615 acceptis3
1797 551 1966 600 solam
1996 549 2140 600 enim
2174 550 2400 616 gloriam
2433 550 2547 600 reti-

1509 631 1598 670 net
1642 622 1785 671 Deus
1826 621 1893 671 de
1936 621 2188 687 operibus
2229 620 2362 683 sui5‚
2401 630 2547 671 totam

1509 709 1634 743 vero
1669 692 1955 744 utilitatem
2011 693 2251 743 concedit
2296 692 2460 742 nobis,
2497 694 2547 742 In

1511 763 1612 813 hoc
1640 764 1876 815 ostendit
1905 764 2172 814 Dominus
2197 778 2353 813 suam
2381 763 2549 812 humi-

1509 837 1729 898 litatem,
1778 838 1907 903 quia
1960 837 2206 887 infirmos
2260 852 2371 886 non
2418 836 2550 886 dedi-

1510 910 1772 974 gnabatur
1812 920 2048 975 tangere,
2086 918 2551 975 quantumcunque

1509 982 1804 1033 deformem
1832 985 1916 1033 vel
1961 998 2172 1049 gravem
2211 982 2464 1032 haberent
2487 979 2553 1030 in·

1509 1053 1837 1105 firmitatem.
1879 1054 2024 1105 Licet
2050 1065 2230 1104 autem
2270 1054 2371 1107 ista
2412 1053 2551 1103 incli-

1511 1124 1656 1173 natio
1694 1124 1939 1175 mulieris
1976 1125 2310 1190 intelligatur
2337 1124 2400 1173 de
2425 1122 2554 1172 incli-

1510 1196 1725 1246 natione
1760 1196 2103 1256 infirmitatiS,
2146 1212 2333 1262 quam,
2361 1194 2552 1244 diabolo

1509 1275 1747 1327 vexante,
1778 1268 2075 1317 sustinebat
2120 1276 2336 1330 tamen;
2382 1264 2553 1329 accipi—

1511 1354 1633 1388 mus
1661 1355 1778 1389 eam
1807 1341 2083 1390 moraliter
2109 1339 2188 1389 sic
2230 1357 2243 1389 ε
2286 1338 2427 1404 quod
2461 1337 2555 1386 uti-

1512 1424 1636 1460 nam
1665 1411 1843 1461 omnis
1873 1411 2069 1461 mulier
2093 1411 2169 1460 sic
2208 1411 2424 1461 haberet
2449 1407 2555 1458 vul-

1509 1492 1624 1532 tum
1654 1493 1705 1532 et
1732 1483 1916 1532 oculos
1956 1483 2023 1533 ad
2061 1492 2260 1531 terram
2299 1480 2554 1541 demissoS,

1510 1555 1655 1619 quod
1687 1553 1743 1604 in
1784 1563 2102 1620 perpetuum
2145 1553 2426 1603 hominem
2463 1564 2554 1599 non

1509 1627 1812 1692 respiceret,
1856 1626 1984 1693 quia
2024 1637 2269 1692 aspectus
2311 1627 2420 1690 ejus
2457 1624 2556 1674 val·

1510 1699 1576 1748 de
1604 1709 1685 1748 est
1706 1696 2070 1764 periculosus!

1574 1787 1606 1835 7
1649 1771 1786 1820 Vin
1823 1785 1930 1819 uon
1978 1785 2062 1819 srr
2104 1784 2367 1819 mutuis
2412 1778 2555 1816 nm

1509 1858 1578 1891 ετ
1614 1857 1856 1892 pi-:ccuis
1893 1857 2190 1892 namen-A.
2225 1870 2287 1879 —
2316 1841 2412 1890 Hic
2445 1852 2554 1887 eru-

1510 1916 1693 1965 dimur
1723 1931 1791 1965 ne
1841 1914 1952 1965 vita
2002 1925 2184 1964 nostra
2239 1915 2310 1965 sit
2356 1909 2555 1963 terrenis

1511 1986 1797 2051 implicata,
1845 1985 1985 2035 sicut
2027 1985 2231 2035 mulier
2277 1996 2423 2035 terrae
2460 1988 2554 2032 erat

1512 2058 1775 2109 inclinata.
1802 2058 1961 2119 Quia,
1981 2067 2044 2108 ut
2069 2058 2200 2108 dicit
2218 2057 2552 2125 Augustinus

1511 2138 1710 2195 quanto
1740 2128 1912 2194 magis
1948 2129 2179 2194 quisque
2214 2128 2439 2180 terrenis
2472 2139 2553 2175 oc-

1511 2200 1887 2268 cupationibus
1920 2199 2249 2266 implicatur,
2282 2210 2426 2251 tanto
2452 2211 2555 2247 ma·

1511 2272 1593 2337 gis
1632 2287 1662 2321 a
1707 2271 1791 2322 sui
1835 2270 2147 2321 Conditoris
2189 2271 2400 2321 visione
2435 2280 2554 2333 prae-

1513 2341 1740 2406 peditur.
1804 2343 1893 2404 Et,
1943 2351 2006 2391 ut
2056 2341 2188 2391 dicit
2239 2339 2554 2407 Gregorius,

1511 2413 1892 2478 concupiscens
1953 2412 2221 2471 visibilia,
2282 2409 2555 2462 invisibila

1508 2482 1733 2532 virtutes
1774 2482 1991 2533 amittit.
2030 2483 2124 2532 Ille
2164 2483 2366 2549 quippe
2409 2482 2554 2530 homo

1511 2569 1710 2603 curvus
1750 2562 1847 2614 est,
1891 2554 1988 2619 qui
2033 2553 2319 2605 inclinatus
2355 2553 2416 2603 ad
2452 2549 2554 2600 cul·

1511 2642 1654 2691 pam,
1697 2640 1913 2675 sursum
1953 2626 2214 2691 respicere
2256 2641 2363 2675 non
2402 2627 2557 2689 potest

1512 2714 1606 2764 per
1644 2697 1926 2762 justitiam3
1971 2697 2099 2763 quia
2152 2697 2380 2749 terrenis
2417 2693 2557 2743 volu·

1512 2769 1749 2834 ptatibus
1803 2768 2046 2829 deditus,
2100 2770 2214 2819 sola
2271 2779 2468 2818 terrena
2510 2770 2555 2811 et

1510 2838 1811 2890 transitoria
1840 2838 2041 2905 cogitat
2068 2848 2120 2889 et
2146 2838 2344 2905 diligit,
2375 2838 2435 2887 ad
2458 2848 2554 2883 coe-

1511 2910 1663 2961 lestia
1698 2910 2109 2975 contemplanda
2149 2910 2348 2959 mentis
2391 2905 2555 2957 oculos

1511 2996 1622 3031 non
1652 2980 1828 3047 erigit,
1860 2990 1914 3031 et
1934 2990 2142 3030 aeternae
2183 2978 2443 3030 felicitatis
2475 2973 2553 3023 di-

1509 3054 1666 3105 vitias
1713 3070 1824 3103 non
1866 3052 2111 3119 requirit.
2161 3053 2320 3102 Hunc
2374 3058 2553 3105 autem,

1511 3127 1556 3176 si
1621 3124 1889 3175 Dominus
1952 3138 2044 3189 per
2103 3123 2330 3190 gratiam
2395 3125 2556 3184 tangat

1510 3208 1562 3248 et
1598 3212 1709 3247 suae
1744 3195 2126 3246 misericordiae
2157 3210 2380 3244 manum
2412 3201 2555 3255 super

1510 3282 1635 3317 eum
1666 3274 1845 3331 ponat,
1884 3265 2066 3316 statim
2106 3281 2203 3332 per
2242 3259 2554 3331 justificatio·

1510 3354 1636 3389 nem
1659 3337 1898 3404 erigitur,
1922 3347 1975 3387 et
2000 3346 2332 3387 terrenorum
2356 3332 2556 3388 oblitus,

1510 3408 1749 3460 coelestia
1774 3409 2189 3473 contemplatur.
2223 3407 2373 3458 Unde
2428 3402 2553 3452 idem

1513 3481 1820 3547 Gregorius
1847 3496 1866 3530 .·
1889 3497 1917 3525 α
1946 3478 2145 3529 Omnis
2168 3478 2309 3528 enim
2338 3479 2555 3541 peccator

1511 3562 1721 3603 terrena
1772 3550 2035 3616 cogitanS,
2090 3559 2144 3600 et
2186 3546 2414 3600 coelestia
2457 3553 2553 3592 non

1512 3624 1819 3690 requirens,
1877 3637 2097 3673 sursum
2147 3621 2406 3687 respicere
2456 3625 2552 3663 nen

1509 3695 1668 3751 valet,
1698 3694 1844 3759 quia,
1876 3692 2009 3743 dum
2038 3690 2299 3741 desideria
2320 3684 2553 3740 inferiora

1510 3766 1775 3833 sequitur.
1812 3780 1848 3816 a
1885 3764 2084 3815 mentis
2122 3779 2234 3814 suae
2259 3755 2553 3812 rectitudine

1512 3849 1780 3899 curvatur,
1807 3847 1860 3889 et
1886 3838 1992 3888 hoc
2027 3852 2240 3903 semper
2261 3835 2399 3886 videt
2420 3822 2551 3907 quql

1511 3910 1633 3962 sine
1673 3909 2074 3963 intermissione
2109 3908 2319 3975 cogitat.
2349 3905 2413 3957 Et
2437 3906 2548 3964 qm
