2757 4413
408 310 516 377 634

404 428 671 487 scandala,
726 436 1085 493 quantamque
1142 427 1470 492 persecutio-

404 516 529 550 nem
560 500 818 550 suscitant
842 499 898 549 in
926 498 1174 550 Ecclesia.
1206 500 1285 549 Illi
1321 500 1468 549 enirn

322 572 327 576 ’
403 589 527 624 vere
578 574 865 623 Ecclesiam
920 583 1328 639 persequuntur,
1375 573 1468 639 qui

404 645 551 696 vitiis
579 656 629 694 et
660 645 815 694 malis
847 644 1105 709 exemplis
1133 659 1470 710 persequun-

406 729 512 768 tur.
561 718 640 767 llli
689 717 930 767 acerbius
976 717 1294 782 sanguinem
1340 716 1470 766 fun-

405 790 559 848 dunt,
612 789 704 853 qui
765 787 1042 838 Christum
1089 797 1352 854 quantum
1410 787 1468 836 in

404 860 537 925 ipsis
560 871 640 910 est
667 859 724 908 in
758 858 981 910 homine
1017 859 1283 909 occidunt.
1312 859 1468 910 Unde

405 930 722 981 Ber-nardus
763 947 780 978 .·
834 947 860 974 ι(
906 930 960 979 Si
1012 929 1275 979 Dominus
1335 945 1467 995 pro-

404 1003 585 1068 prium
614 1001 931 1068 sanguinem
960 1003 1105 1053 dedit
1143 1002 1200 1052 in
1230 1003 1465 1068 pretium

404 1073 792 1138 redemptionis
864 1072 1190 1132 animarum,
1285 1088 1466 1122 nonne

402 1142 502 1193 tibi
567 1143 773 1193 videtur
844 1143 1139 1209 graviorem
1213 1143 1467 1193 suscitare

402 1213 859 1279 persecutionem,
946 1213 1040 1280 qui
1121 1213 1466 1279 suggestione

401 1284 559 1342 mala,
595 1285 839 1349 exemplo
872 1284 1189 1349 pernicios0,
1232 1283 1465 1333 scandali

398 1355 693 1414 occasione,
749 1356 938 1405 avertit
998 1355 1065 1404 ab
1123 1370 1186 1404 eo
1258 1353 1466 1403 animas

399 1439 534 1491 quas
576 1425 819 1485 redemit,
865 1425 1057 1475 abillo
1097 1424 1191 1491 qui
1240 1424 1467 1489 sangui-

400 1511 525 1546 nem
577 1512 736 1546 suum
797 1495 968 1547 fudit?
1019 1515 1046 1544 >2
1105 1497 1170 1545 Et
1209 1495 1405 1545 iterum
1448 1511 1461 1543 :

399 1586 428 1615 α
459 1568 610 1628 Quis,
655 1569 891 1628 obsecm,
934 1567 1192 1617 laicorum
1255 1566 1466 1616 avidius

397 1640 603 1690 clericis
632 1640 858 1706 acquirit
897 1640 1228 1705 temporalia,
1259 1650 1310 1689 et
1344 1639 1466 1688 ine-

397 1711 544 1776 ptius
568 1712 737 1760 utitur
764 1710 1068 1776 acquisitis?
1089 1711 1228 1761 Cum
1254 1720 1464 1759 tantum

397 1782 598 1832 fastum
634 1782 847 1832 videant
899 1781 1016 1832 laici
1054 1781 1107 1830 in
1145 1781 1463 1846 supellectili

399 1851 734 1910 clericorum,
784 1866 963 1900 nonne
1008 1867 1102 1916 per
1144 1866 1234 1900 eos
1281 1851 1463 1915 potius

400 1922 695 1973 invitantur
723 1923 787 1972 ad
817 1923 1081 1972 mundum
1105 1923 1461 1989 diligendum,

400 2010 562 2061 quam
612 1995 1025 2061 negligendum?
1061 1995 1290 2057 Medice,
1330 2010 1462 2045 cura

400 2064 640 2130 teipsum,
684 2065 860 2114 dicere
919 2075 1167 2130 possunt;
1230 2065 1275 2115 si
1308 2080 1464 2114 mun-

398 2138 530 2189 dum
561 2139 816 2203 praedicas
847 2140 1319 2199 contemnendum,
1341 2154 1464 2188 con-

398 2219 580 2260 temne
627 2219 684 2259 tu
731 2210 899 2276 priuS,
942 2220 994 2261 et
1023 2211 1088 2261 ad
1120 2211 1298 2276 ipsum
1327 2210 1462 2260 alios

399 2280 667 2331 efficacius
719 2281 991 2333 invitabis.
1048 2283 1125 2333 Da
1188 2282 1302 2333 voci
1355 2293 1461 2332 tuae

397 2369 580 2405 vocem
600 2354 829 2414 virtutis,
852 2367 1108 2406 consonet
1125 2356 1234 2406 vita
1256 2356 1458 2417 verbis;

397 2437 451 2477 et
498 2427 679 2477 statim
730 2427 832 2477 erit
858 2428 913 2478 in
942 2444 1033 2479 ore
1060 2439 1153 2479 tuo
1188 2429 1359 2485 vivax,
1412 2435 1464 2479 et

397 2498 591 2563 efficax
624 2512 797 2550 sermo
835 2500 956 2560 Dei,
1006 2506 1058 2550 et
1077 2499 1464 2565 penetrabilior

399 2572 541 2621 omni
565 2571 757 2636 gladio
785 2571 1028 2638 ancipiti.
1072 2572 1192 2621 Non
1224 2572 1299 2621 sic
1331 2587 1463 2637 pro·-

399 2641 538 2692 fecto
566 2653 673 2705 est;
709 2644 801 2693 sed
825 2644 961 2694 sicut
989 2645 1239 2709 populuS,
1267 2644 1344 2693 sic
1372 2659 1463 2693 sa-

400 2715 613 2776 cerdos;
644 2715 783 2765 sicut
809 2716 993 2773 laicus.
1019 2716 1096 2765 sic
1134 2724 1183 2766 et
1214 2715 1459 2778 clericus3

401 2793 626 2850 uterque
650 2787 813 2852 cupit,
840 2797 1063 2853 uterque
1094 2786 1271 2851 diligit
1296 2803 1465 2837 mun-

402 2854 553 2913 dum,
598 2866 649 2905 et
685 2872 745 2905 ea
789 2872 908 2923 quae
954 2857 1010 2906 in
1064 2856 1267 2906 mundo
1318 2866 1463 2907 sunt.

402 2924 595 2974 Laicus
631 2937 808 2976 tamen
850 2943 972 2977 cum
1002 2928 1197 2987 labore,
1230 2928 1321 2977 sed
1354 2929 1467 2977 cle-

400 2993 498 3043 rici
553 2995 671 3045 sine
729 2998 905 3047 labore
953 2998 1144 3047 volunt
1197 2998 1468 3063 possidere

400 3073 575 3114 totum
610 3067 894 3116 mundum.
929 3067 1340 3119 Communicare
1363 3084 1468 3118 vo·-

401 3135 524 3185 lunt
563 3137 840 3201 cupiditati
886 3147 938 3188 et
982 3140 1333 3205 superfluitati
1375 3140 1470 3190 ho-

402 3206 635 3266 minum,
681 3209 771 3257 sed
823 3225 932 3259 non
1001 3212 1200 3277 labori3
1254 3227 1468 3278 peccare

399 3278 607 3336 volunt,
644 3280 735 3327 sed
773 3296 881 3329 non
920 3280 1172 3347 flagellari
1208 3298 1330 3332 cum
1362 3283 1467 3332 ho-

401 3348 661 3409 minibus,
693 3351 835 3400 unde
863 3351 1165 3402 timendum
1198 3363 1279 3403 est
1318 3354 1464 3419 quod

401 3419 737 3485 flagellentur
780 3438 903 3472 cum
937 3423 1292 3475 daemonibus·
1325 3425 1467 3485 Quo-

399 3491 563 3541 modo
632 3494 893 3543 seculares
939 3510 1045 3544 non
1109 3496 1467 3561 expenderent

399 3561 750 3612 substantiam
813 3579 964 3614 suam
1024 3564 1250 3615 vivendo
1299 3566 1466 3616 luxu-

401 3633 542 3684 riose
590 3636 750 3685 etiam
805 3636 861 3686 in
901 3636 1182 3703 praesentia
1218 3639 1465 3688 sacerdo-

401 3708 550 3757 tum?
616 3709 904 3768 Quomodo
957 3725 1065 3759 non
1127 3708 1466 3759 intenderent

400 3779 726 3831 vanitatibus
770 3792 821 3831 et
850 3780 1131 3833 lenociniis
1177 3780 1338 3844 hujus
1376 3795 1467 3830 se-

404 3851 542 3901 culi?
585 3854 871 3911 Quomodo
913 3855 1026 3903 non·
1077 3861 1254 3902 essent
1311 3851 1466 3900 inso-

403 3926 573 3974 lentes
605 3933 657 3972 et
683 3924 824 3985 elati,
853 3940 976 3976 cum
1009 3934 1219 3976 tantum
1250 3922 1466 3987 fastum,

977 376 980 385 ι
1007 309 1245 360 PRIMAE
1281 310 1526 360 PARTlS
1557 310 1790 363 CAPUT
1829 313 2058 366 LXVIII.

1581 437 1781 479 tantam
1808 428 2146 480 insolentiam
2173 429 2380 481 videant
2406 429 2598 481 clerico-

1580 498 1734 548 rum?
1766 500 1958 551 Nonne
2010 501 2067 550 in
2117 500 2393 566 praesentia
2440 516 2596 551 eorum

1579 569 1925 621 irreverenter
1965 571 2250 622 abutimini
2286 572 2600 637 eleemosynis

1581 643 1909 707 pauperum?
1950 643 2029 693 De
2085 643 2408 708 patrimonio
2457 643 2602 693 crucis

1580 712 1784 762 Christi
1817 729 1926 763 non
1964 713 2137 765 facitis
2164 714 2371 764 codices
2394 713 2448 763 in
2473 715 2603 764 eccle·

1578 782 1698 845 siis;
1749 784 1840 833 sed
1892 784 2108 850 pascitis
2162 786 2395 850 pelliceS‚
2423 784 2602 850 impin-

1578 853 1752 918 guatis
1794 869 1967 914 caneS,
2014 856 2284 905 adornatis
2333 871 2506 922 equos.
2551 855 2603 903 Et

1575 938 1696 973 vere
1724 925 1781 974 in
1808 926 2069 992 capitibus
2098 927 2352 976 omnibus
2388 925 2604 976 omnium

1575 997 1870 1061 platearum
1950 999 2185 1064 dispersi
2248 1005 2370 1048 sunt
2428 998 2602 1064 lapides

1577 1068 1887 1118 sanctuarii.
1929 1070 2117 1119 Plateae
2141 1070 2260 1120 latae
2287 1080 2426 1128 sunt,
2450 1079 2497 1119 et
2518 1069 2604 1117 lata

1575 1147 1655 1186 est
1681 1138 1783 1197 via,
1808 1154 1928 1204 quae
1967 1139 2111 1189 ducit
2136 1141 2201 1189 ad
2233 1151 2472 1190 mortem.
2517 1138 2605 1187 La·

1575 1208 1724 1273 pides
1742 1223 1869 1273 ergo
1896 1209 2201 1269 sanctuarii,
2218 1210 2272 1259 id
2303 1220 2381 1260 est
2404 1208 2609 1259 sacerdo-

1576 1288 1670 1336 tes,
1710 1289 1837 1328 sunt
1880 1280 1936 1329 in
1962 1280 2242 1345 capitibuS,
2286 1281 2339 1330 id
2367 1291 2442 1330 est
2468 1280 2517 1328 in
2539 1279 2610 1327 in-

1575 1349 1739 1398 troitu
1763 1350 1990 1400 latarum
2012 1350 2247 1414 viarum3
2275 1351 2460 1400 docent
2484 1348 2605 1398 enim

1575 1420 1803 1483 populos
1845 1435 1940 1484 per
1966 1435 2126 1485 prava
2158 1422 2398 1486 exempla
2429 1417 2605 1485 ingredi

1572 1490 1687 1539 vias
1706 1491 1853 1550 latas,
1872 1506 1993 1556 quae
2010 1492 2213 1541 ducunt
2232 1492 2298 1541 ad
2320 1500 2548 1548 mortem,
2563 1498 2606 1537 et

1574 1564 1891 1629 demergunt
1929 1566 1988 1614 in
2033 1565 2364 1631 profundum
2413 1560 2602 1613 inferni.

1575 1634 1737 1683 Dolor
1764 1634 1951 1699 capitis
1980 1635 2039 1684 in
2070 1636 2315 1685 membra
2362 1634 2607 1685 redundat.

1575 1704 1640 1753 Et
1691 1705 1883 1754 merito
1929 1705 2122 1755 clamat
2169 1716 2352 1755 sancta
2403 1701 2607 1753 Ecclesia

1574 1776 1786 1826 hodie:
1833 1778 1977 1828 Ecce
2036 1778 2090 1827 in
2135 1792 2278 1844 pace
2331 1774 2605 1828 amaritudo

1572 1864 1688 1899 mea
1727 1851 2088 1901 amarissima.
2141 1852 2312 1901 Multa
2356 1861 2432 1901 est
2473 1847 2609 1899 hodie

1571 1932 1623 1971 et
1649 1922 1810 1987 longe
1838 1922 2065 1987 gravior,
2094 1938 2260 1988 quam
2292 1921 2428 1972 credi
2465 1918 2607 1985 possit

1571 1995 1866 2060 persecutio
1898 2007 2091 2048 sanctae
2132 1997 2404 2059 Ecclesiae3
2436 2004 2485 2045 et
2510 1990 2610 2042 talis

1570 2068 1839 2118 incumbit
1879 2069 2054 2135 qualis
2107 2086 2216 2119 non
2250 2069 2354 2120 fuit
2381 2085 2409 2119 a
2432 2065 2609 2134 princi-

1569 2139 1677 2204 pio,
1731 2139 1916 2189 Multis
1966 2140 2143 2190 modis
2197 2150 2500 2205 persecutus
2541 2143 2609 2185 est

1570 2226 1686 2260 eam
1715 2211 1978 2272 diabolus,
2003 2213 2095 2262 sed
2121 2228 2404 2278 nunquam
2424 2208 2609 2277 gravius

1570 2297 1733 2347 quam
1781 2281 1966 2345 hodie3
2025 2282 2153 2347 quia
2207 2297 2483 2348 nunquam
2525 2277 2612 2328 fuit

1571 2353 1741 2416 major
1784 2352 2011 2417 perditio
2053 2352 2500 2413 Christianorum,
2532 2361 2612 2398 nec

1570 2422 1790 2472 liberior
1848 2433 1940 2472 aut
1996 2423 2235 2473 securior
2289 2418 2611 2487 transgressio

1570 2495 1877 2545 divinorum
1907 2506 2316 2561 praeceptorum.
2351 2492 2611 2546 Ecclesiam

1572 2565 1915 2631 incipientem
1963 2577 2274 2632 persecutus
2317 2576 2394 2616 est
2427 2580 2513 2631 per
2537 2573 2612 2627 ty-

1572 2654 1798 2701 rannos3
1834 2638 2198 2704 proficientem
2230 2650 2527 2706 persecutus
2547 2645 2615 2685 est

1574 2725 1665 2775 per
1698 2709 2000 2773 haereticos3
2034 2712 2140 2776 jam
2168 2712 2348 2762 laetam
2377 2722 2428 2761 et
2449 2709 2615 2759 floren·

1573 2791 1681 2830 tem
1732 2781 2071 2846 persequitur
2104 2797 2198 2847 per
2246 2793 2427 2832 motus
2475 2777 2617 2829 illici-

1572 2863 1658 2902 tos
1713 2868 1727 2902 ε
1789 2871 1816 2900 n
1879 2853 1993 2902 haec
2043 2854 2381 2904 Bet-nardus,
2449 2849 2617 2901 Adhuc

1573 2933 1751 2974 autem
1812 2938 1979 2972 unum
2038 2924 2105 2973 de
2161 2924 2370 2973 clericis
2423 2922 2475 2971 in
2527 2918 2616 2969 fine

1573 2994 1840 3061 subjungo
1874 2996 2197 3061 exemplum.
2247 2997 2481 3047 Clericus
2504 2990 2618 3058 qui-

1572 3067 1695 3116 dam
1748 3066 1805 3115 in
1840 3068 2046 3133 synodo
2073 3068 2461 3135 Episcoporum
2504 3076 2617 3130 prae·

1572 3137 1748 3187 dicare
1774 3139 2083 3204 compulsus
2105 3139 2501 3205 angustiabatur
2525 3146 2617 3184 non

1575 3208 1877 3269 modicum,
1930 3210 2186 3274 quidnam
2250 3210 2410 3276 digne
2459 3212 2617 3273 posset

1575 3294 1754 3328 coram
1793 3289 1871 3329 tot
1897 3280 2144 3331 Ecclesiae
2180 3280 2411 3347 praelatis
2438 3275 2617 3345 praedi-

1575 3364 1710 3399 care.
1738 3350 1806 3399 At
1827 3349 1921 3399 ubi
1953 3365 2262 3402 accessurus
2303 3351 2357 3401 in
2399 3348 2619 3400 oratione

1574 3422 1779 3485 jaceret,
1823 3421 1970 3472 venit
2012 3424 2076 3473 ad
2121 3439 2245 3474 eum
2291 3423 2546 3479 diabolus,
2572 3425 2618 3467 et

1573 3495 1711 3545 dixit
1740 3512 1754 3545 ε
1777 3496 1922 3556 Quid
1946 3497 2269 3562 angustiaris
2291 3496 2409 3546 istis
2435 3490 2620 3544 clericis

1576 3569 1895 3634 praedicare?
1950 3570 2048 3619 Dic
2093 3569 2172 3620 eis
2223 3570 2382 3628 istud,
2433 3577 2483 3618 et
2525 3578 2618 3615 non

1573 3639 1753 3689 aliud:
1784 3639 2043 3707 Princeps
2073 3640 2268 3691 inferni
2289 3640 2479 3690 salutat
2497 3634 2621 3702 prin·

1573 3710 1719 3775 cipes
1770 3710 2037 3762 Ecclesiae.
2097 3711 2229 3762 Laeti
2298 3723 2484 3759 omnes
2531 3717 2619 3755 nos

1574 3780 1775 3831 eisdem
1813 3782 2095 3833 referimus
2137 3781 2348 3849 gratiaS,
2388 3778 2509 3845 quia
2535 3789 2620 3841 per

1575 3867 1761 3902 eorum
1796 3852 2177 3918 negligentiam
2202 3853 2265 3902 ad
2295 3865 2394 3900 nos
2421 3848 2524 3898 fere
2551 3854 2620 3893 to·

1575 3935 1664 3976 tus
1710 3926 1948 3976 mundus
1993 3925 2305 3985 devolvitur,
2354 3921 2481 3989 quia
2504 3931 2616 3969 cum
