2757 4413
378 244 473 293 DE
504 242 914 294 MINISTERIO
946 242 1268 293 MARmAE
1301 241 1395 292 ET
1427 240 1599 291 OTIO
1632 242 1876 310 MARIAE
1909 244 2124 293 MAGD.

162 358 269 410 sine
344 357 454 408 fine
538 358 967 424 incorruptibilis
1048 367 1209 424 atque

160 429 603 480 incommutabilis
682 429 1032 495 permanebit.
1098 427 1208 478 Alii

159 500 441 566 quemlibet
463 500 789 551 esurientem
812 501 897 551 vel
916 500 1207 558 sitientem,

159 572 267 622 cibo
311 572 394 622 vel
451 582 581 636 pot-u
635 571 886 622 exteriori
933 570 1206 632 reficiunt3

159 644 247 695 ista
272 643 551 694 hominem
577 644 749 694 Deum
780 643 1091 694 humanitus
1122 642 1209 691 in-

158 717 438 782 digentem,
481 731 595 766 non
639 716 817 766 solum
857 715 1208 766 exterioribus

159 790 277 840 cibis
294 791 376 839 vel
399 788 622 854 potibus
647 787 809 853 pavit,
832 803 1025 838 verum
1046 785 1211 836 etiam

158 858 387 908 interiori
419 873 520 907 suo
557 858 690 907 lacte
726 856 875 908 aluit.
902 856 975 907 Et
1001 865 1061 905 ut
1085 856 1207 904 bre-

155 931 278 981 viter
326 946 426 980 sex
473 929 568 980 illa
623 945 785 995 opera
831 928 1208 980 misericordiae

155 1017 537 1067 percurramus,
579 1017 701 1067 quae
759 1001 804 1052 si
860 1001 963 1052 uni
1003 1016 1068 1051 ex
1120 999 1209 1049 his

155 1074 388 1124 minimis
414 1073 574 1133 fiunt,
602 1074 748 1124 Deus
777 1073 880 1124 sibi
916 1073 1053 1123 facta
1077 1088 1213 1122 con-

154 1144 334 1204 fitetur,
366 1144 472 1194 ista
493 1161 607 1194 non
634 1145 928 1211 quemlibet
949 1160 1013 1195 ex
1038 1143 1210 1193 mini-

155 1216 265 1276 mis,
288 1216 382 1266 sed
417 1231 700 1265 summum
736 1216 839 1266 Dei
865 1216 1069 1266 Filium
1101 1215 1208 1264 ho-

132 1287 333 1351 .spi1em
367 1286 638 1352 suscepit3
683 1287 893 1337 nudum
917 1301 1091 1347 carne,
1125 1285 1209 1335 vel

155 1358 305 1408 etiam
345 1358 571 1422 pannis,
607 1358 845 1422 operuit5
886 1357 1209 1408 esurientem

154 1427 285 1491 pavit
294 1443 311 1490 3
339 1427 623 1477 sitientem
650 1430 780 1478 lacte
804 1427 1026 1494 potavit3
1054 1425 1210 1476 infir-

154 1516 293 1551 mum
352 1516 454 1566 per
510 1500 797 1550 infantiam
846 1511 901 1551 et
952 1500 1208 1564 jacentem

156 1589 254 1623 non
283 1576 469 1622 solum
490 1573 747 1634 visitavit,
775 1574 866 1624 sed
889 1583 942 1624 et
965 1573 1211 1623 balnean-

153 1643 239 1702 do,
291 1644 570 1703 finiende,
620 1642 881 1704 faventin,
932 1643 1208 1709 gestando,

153 1713 519 1780 frequentavit,
550 1723 611 1763 ut
639 1715 829 1765 merito
847 1716 919 1765 de
942 1715 1036 1764 illa
1059 1714 1209 1763 dica·-

154 1793 228 1836 tur
258 1804 271 1836 :
305 1787 542 1836 hilar-tha
566 1792 741 1836 autem
758 1787 1046 1852 satagebat
1063 1785 1210 1836 cirea

144 1858 393 1924 frequens
419 1858 802 1921 ministerium5
823 1858 1209 1923 comprehenso

155 1939 198 1979 et
217 1928 499 1987 crucifixe,
514 1927 671 1992 quasi
702 1928 759 1978 in
787 1943 989 1978 carcere
1014 1928 1206 1993 posito,

153 1999 310 2059 affuit,
351 1998 496 2049 sicut
539 1998 799 2064 scriptum
839 2008 922 2049 est
957 2015 971 2048 :
1012 1999 1212 2051 Stabat

154 2084 319 2122 autem
356 2073 541 2139 juxta
595 2086 802 2122 crucem
843 2073 985 2122 Jesu
1024 2071 1211 2121 Mater

156 2144 271 2210 ejus.
307 2145 456 2194 Inter
484 2143 598 2192 haec
626 2142 859 2193 sollicita
877 2152 991 2193 erat
1019 2154 1070 2192 et
1093 2153 1211 2192 tur-

158 2216 362 2267 babatm·
391 2233 518 2266 cum
547 2216 752 2281 fuge-ret
779 2215 841 2266 in¹
861 2217 1159 2282 AEgyptum·
1182 2232 1212 2266 a

156 2285 274 2336 facie
315 2287 577 2349 Herodis3
610 2287 924 2337 turbabatur
958 2302 1080 2337 cum
1110 2288 1210 2337 Ju-

155 2357 282 2407 daeos
315 2356 640 2407 insidiantes
673 2366 730 2408 et
763 2368 995 2408 mortem
1029 2358 1079 2407 ei
1116 2357 1210 2407 in.-

154 2426 274 2478 ferre
305 2427 552 2478 volentes
576 2437 930 2493 cognosceret.
958 2429 1043 2479 Ad
1078 2428 1212 2478 ulti-

156 2513 293 2548 mum
342 2498 560 2549 turbata
597 2508 677 2548 cst
715 2499 883 2562 valde,
912 2514 1045 2549 cum
1072 2499 1211 2550 vidit

155 2568 341 2619 Filium
383 2584 551 2618 suum
593 2569 754 2619 talem
794 2569 1206 2634 comprehendi,

156 2640 315 2706 ligari,
343 2640 624 2706 flagellari,
654 2640 898 2706 conspui,
929 2640 1103 2707 spinis
1129 2657 1211 2691 co·

157 2712 339 2773 ronan-i,
386 2712 642 2772 derideri,
690 2711 1028 2778 colaphizari,
1083 2729 1209 2764 cru-

157 2782 301 2849 cifigi,
336 2782 502 2842 mori,
525 2782 757 2848 sepeliri.
793 2783 951 2833 Unde
989 2783 1041 2833 ei
1073 2799 1211 2833 con-

158 2854 288 2918 gruit
364 2854 517 2919 quod
588 2853 785 2903 dicitur
855 2870 873 2903 τ
945 2854 1205 2916 λίαντὴα,

157 2923 384 2987 Martha,
419 2924 653 2975 sollicita
673 2939 749 2986 es,
777 2930 829 2974 et
855 2924 1097 2975 turbaris-
1117 2939 1209 2986 er—

157 3012 225 3060 ga
267 2997 535 3063 plurima.
589 2998 759 3048 Nemo
813 3013 939 3047 veno
998 2998 1211 3049 dubita-1

158 3068 276 3132 quin
320 3069 477 3119 beata
508 3068 675 3118 Maria
712 3068 914 3119 Filium
950 3069 1108 3119 vellet
1143 3070 1217 3120 de.

158 3139 293 3189 omni
331 3139 685 3189 tribulatione
713 3139 866 3204 eripi,
900 3149 953 3190 et
976 3140 1207 3206 seipsam

159 3209 207 3260 in
242 3211 649 3278 perturbatione
677 3212 912 3277 adjuvari
941 3228 972 3263 a
1003 3213 1208 3264 divini-

156 3289 262 3342 tate,
275 3298 444 3348 quam
462 3281 640 3331 eidem
661 3281 801 3331 Filio
821 3282 1021 3333 sciebat
1035 3283 1217 3334 inesse

158 3366 237 3414 per
262 3352 580 3412 theoricam,
606 3367 727 3418 quae
751 3362 832 3402 est
858 3368 980 3418 pars
1007 3354 1207 3404 Mariae.

159 3420 257 3472 Hoc
299 3434 381 3473 est
420 3423 569 3488 quod
599 3422 808 3473 Martha
843 3424 1209 3489 conqueritur,

157 3494 284 3556 quod
317 3509 438 3543 eam
464 3508 624 3544 soror
658 3493 876 3559 reliquit
903 3495 1075 3546 solam
1104 3495 1208 3545 mi-

158 3564 390 3629 nistrare,
425 3576 478 3616 et
509 3566 624 3631 ejus
659 3567 966 3618 auxilium
953 3584 1011 3619 in
1038 3568 1211 3618 mini-

158 3635 297 3685 sterio
326 3637 550 3703 flagitat.
577 3638 708 3689 Haec
727 3637 951 3689 dicenda
971 3640 1037 3689 de
1060 3648 1209 3704 parte

160 3704 382 3759 Marthae.

212 3794 266 3831 ιι
308 3782 731 3834 Conramnm
765 3796 821 3833 m
861 3798 1030 3833 nura
1067 3782 1205 3833 Vm·-

164 3861 283 3915 Gms,
313 3868 428 3911 Qua
461 3869 681 3906 raa-ru
702 3854 909 3906 Mami
927 3868 1205 3907 axmsurr.

2268 244 2365 297 ἃδε

1311 385 1374 396 --
1404 356 1570 407 Porro
1599 358 1665 407 de
1684 368 1836 423 parte
1858 358 2059 421 Mariae,
2089 375 2210 426 quae
2236 363 2382 427 opti«

1311 445 1400 480 ma
1451 429 1786 495 praedicatur,
1831 442 2031 496 quanta
2068 434 2153 485 vel
2197 434 2378 500 qualis

1309 500 1557 552 fueritin
1607 502 1759 553 beata
1790 503 1990 564 Maria,
2045 505 2170 570 quis
2210 506 2374 572 digne

1309 572 1603 638 loquatur?
1658 573 1713 622 Si
1754 573 1875 623 talis
1904 584 1986 624 est
2016 585 2076 625 ut
2115 575 2384 637 diximus„

1313 643 1427 692 imo
1476 644 1669 694 melior
1718 656 1816 706 est,
1854 661 2016 711 quam
2050 646 2290 699 diximus
2317 649 2373 699 in

1312 715 1461 765 beata
1510 716 1680 766 Maria
1703 732 1825 782 pars
1863 717 2104 778 Marthae,
2138 734 2259 784 quae
2287 730 2373 770 ta-

1310 800 1437 835 men
1463 801 1494 835 a
1519 786 1756 837 Domino
1807 803 1916 837 non
1975 788 2236 850 laudatur,
2280 792 2373 841 sed

1309 864 1489 905 tamen
1520 873 1630 906 non
1680 857 2039 923 vituperatum
2077 862 2252 925 qualis
2292 871 2376 912 est

1311 941 1435 992 pars
1483 943 1646 993 quam
1699 930 1960 995 optimam
1994 931 2159 982 Maria
2194 933 2380 998 elegit,

1311 1013 1440 1064 quae
1455 999 1532 1049 sic
1560 1000 1821 1061 laudatur,
1853 1011 1918 1051 ut
1941 1002 2009 1052 ab
2038 1017 2097 1052 ea
2134 1019 2242 1053 non
2268 1019 2378 1054 au·-

1310 1067 1439 1119 ferri
1468 1069 1703 1121 dicatur?
1745 1072 1793 1121 O
1821 1087 1982 1137 quam
2008 1089 2202 1139 magna
2223 1076 2373 1125 mul-

1312 1139 1489 1190 titudo
1518 1140 1824 1191 dulcedinis
1866 1142 1962 1192 Dei
2010 1143 2113 1193 fuit
2136 1145 2193 1194 in
2225 1146 2375 1196 beata

1309 1209 1536 1276 Virgine
1557 1211 1741 1276 Maria,
1762 1214 1977 1278 quando
1997 1215 2226 1280 Spiritus
2247 1217 2380 1266 San·

1310 1294 1429 1335 evus
1486 1286 1543 1336 in
1577 1301 1693 1337 eam
1749 1289 2075 1352 supervenit3
2116 1300 2170 1339 et
2205 1291 2386 1341 virtus?

1311 1357 1579 1407 Altissimi
1620 1357 1670 1407 ei
1716 1358 2075 1419 obumbravit,
2110 1370 2161 1409 et
2184 1360 2249 1409 de
2275 1376 2373 1410 eo-

1310 1429 1435 1479 dem
1468 1430 1674 1495 Spiritu
1707 1431 1895 1480 Sancto
1923 1432 2187 1496 concepit!
2228 1433 2373 1492 Quid

1311 1500 1377 1549 de
1391 1514 1453 1549 eo
1469 1516 1580 1550 non
1608 1500 1860 1567 sapiebat,
1889 1499 1946 1549 in
1974 1517 2080 1567 qua
2104 1502 2376 1567 Sapientia

1312 1572 1408 1622 Dei
1442 1573 1654 1632 latebat,
1678 1582 1730 1623 et
1752 1573 1809 1623 in
1834 1572 1985 1637 cujus
2006 1583 2156 1623 utero
2178 1590 2386 1640 corpus-

1312 1641 1422 1692 sibi
1440 1642 1680 1708 aptabat?
1705 1643 1830 1693 Haec
1848 1652 2025 1694 autem
2064 1659 2171 1693 non
2195 1645 2373 1694 solum

1312 1714 1387 1762 ad
1428 1714 1612 1778 pedeS,
1641 1714 1732 1764 sed
1771 1715 1837 1764 ad
1870 1723 2027 1779 caput
2055 1715 2275 1766 Domini
2298 1729 2384 1765 se-

1312 1784 1458 1847 deur,
1483 1784 1735 1836 audiebat
1762 1785 1974 1836 verbum
1996 1800 2070 1836 ex
2114 1800 2209 1836 ore
2232 1786 2368 1852 ejus.

1314 1855 1438 1905 Haec
1465 1856 1818 1906 conservabat
1844 1857 2020 1907 omnia
2057 1857 2216 1907 verba
2253 1859 2378 1906 An-

1312 1926 1576 1990 gelorum,
1605 1937 1899 1992 pastorum,
1937 1942 2237 1993 magorum,
2276 1943 2374 1977 nec

1313 2010 1425 2045 non
1472 1996 1644 2062 ipsius
1691 1997 1815 2047 Filii
1860 1997 1965 2062 sui,
1991 1999 2275 2065 conserens
2321 1999 2380 2048 ἐκ

1312 2069 1473 2118 corde
1501 2066 1615 2120 suo·
1646 2070 1817 2120 Nemo
1836 2085 2075 2135 unquam
2102 2070 2240 2121 sicut
2275 2069 2379 2119 ista

1312 2140 1545 2203 gustavit
1567 2155 1726 2206 quam
1752 2140 1936 2190 suavis
1967 2146 2047 2190 est
2082 2140 2345 2190 Dominus
2353 2155 2388 2200 ἶ

1311 2212 1674 2262 inebriabatur
1697 2213 1765 2263 ab
1791 2214 2026 2263 ubertate
2047 2213 2232 2263 domus
2251 2212 2373 2272 Dei,

1314 2295 1364 2334 et
1377 2291 1613 2336 tur-rente
1628 2286 1917 2351 voluptatis
1934 2287 2050 2350 ejus
2071 2286 2378 2351 potabatur

1313 2354 1423 2405 Nec
1461 2354 1683 2414 mirum,
1734 2355 1992 2420 quoniam
2037 2355 2180 2433 apud
2229 2369 2369 2412 eam,

1312 2426 1426 2475 imo
1454 2425 1593 2475 intra
1634 2440 1771 2484 eam,
1801 2435 1911 2475 erat
1957 2424 2079 2473 fons
2120 2423 2260 2482 vitae,
2308 2423 2388 2474 de>

1311 2513 1421 2563 quo
1451 2497 1703 2548 manabat
1728 2506 1874 2547 tanta
1905 2495 2156 2561 perfectio
2174 2496 2378 2545 utrius-

1310 2586 1418 2636 que
1434 2571 1572 2621 vitae.
1606 2571 1767 2621 Circa
1783 2569 2039 2636 plurima,
2065 2579 2124 2618 ut
2145 2569 2379 2628 Martha,

1311 2645 1694 2711 occupabatur3
1718 2644 1853 2695 circa
1880 2659 2071 2700 unum,
2100 2652 2160 2691 ut
2186 2642 2383 2702 Maria,

1308 2717 1687 2766 delectabatur.
1703 2718 1892 2766 Porro.
1908 2730 2068 2764 unum
2094 2720 2180 2764 est
2201 2728 2375 2770 neces-

1311 2788 1544 2851 sarium,
1580 2787 1710 2853 quia
1752 2785 1985 2852 plurima
2034 2783 2372 2844 auferuntur,

1309 2873 1485 2907 unum
1540 2866 1738 2907 manet.
1800 2854 2153 2921 Singulariter
2208 2853 2374 2920 igitur

1311 2940 1518 2995 partem
1540 2929 1762 2980 Marthae
1810 2928 2036 2995 peregit,
2079 2926 2377 2993 singulari·

1308 3012 1390 3053 ter
1438 3002 1706 3068 optimam
1751 3002 1940 3053 Maria:
1993 3011 2197 3067 partem
2254 2999 2368 3050 ele·-

1347 3072 1406 3123 it.

1310 3088 1344 3138 g
1382 3159 1442 3193 η
1477 3143 1586 3194 San
1620 3157 1750 3192 rus
1791 3142 2039 3191 Man-ruit
2070 3155 2124 3189 m
2169 3153 2386 3188 aum-v

1310 3230 1436 3276 rua,
1458 3215 1801 3263 Massurius.
1821 3228 1992 3262 meu-a
2009 3224 2384 3260 »saum-emtis.

1311 3315 1372 3325 —-
1416 3286 1526 3335 Sed
1572 3299 1694 3350 pars
1748 3283 1974 3335 Marthae
2013 3282 2064 3332 ei
2108 3280 2384 3341 aufertur3

1308 3357 1422 3422 jam
1441 3356 1594 3406 enim
1630 3370 1739 3405 non
1785 3353 1884 3404 erit
1923 3352 2151 3403 sollicita
2186 3349 2384 3401 utmi—

1310 3427 1504 3478 nistret
1544 3426 1592 3477 ei
1641 3426 1780 3476 sicut
1823 3439 2008 3504 puero,
2050 3422 2136 3473 cui
2187 3435 2388 3472 omnes·

1294 3498 1641 3563 'Angelorum
1669 3495 1884 3545 ordines
1918 3493 2228 3544 ministrant
2265 3490 2378 3540 sic.-

1307 3578 1368 3623 ut
1419 3566 1671 3617 Domino.
1727 3567 1845 3616 Jam
1901 3581 2010 3614 non
2077 3560 2380 3612 tristabitur.

1308 3636 1566 3703 fugiens
1554 3654 1612 3687 in
1646 3637 1942 3702 AEgyptum
1968 3649 1999 3683 a
2027 3632 2160 3681 facie
2197 3632 2383 3679 Hero-

1308 3709 1411 3770 dis,
1442 3708 1571 3775 quia
1598 3708 1712 3774 ipsa
1739 3705 2011 3757 ascendit'
1999 3721 2055 3753 in
2077 3703 2290 3761 coelum,
2319 3709 2384 3752 et

1308 3781 1547 3830 Herodes
1582 3776 1857 3830 descendit
1914 3777 1979 3825 ad
2025 3771 2292 3822 infernum
2342 3783 2384 3821 a„

1307 3849 1444 3906 facie
1465 3851 1598 3917 ejus.
1640 3850 1763 3903 lam
1783 3862 1893 3900 non
1920 3841 2221 3898 turbabitur
2250 3855 2382 3908 erga
