2757 4413
436 273 648 325 INDEX
682 270 936 323 EVANG.
968 270 1139 322 DOM.
1182 269 1273 320 ET
1313 269 1699 321 FESTORUM
1737 270 1996 322 TOTIUS
2044 272 2234 322 ANNI.
2342 271 2447 339 857

355 418 472 468 Pro
494 429 801 483 quacunque
825 414 1156 465 necessitate.
1452 420 1651 472 torum,
1668 421 1766 463 etc.
1783 412 1945 463 Joan.
1967 426 2055 472 20,
2076 427 2130 478 p.
2155 428 2206 477 2,
2227 427 2276 464 c.
2299 429 2387 480 77.

215 518 427 571 Habete
459 517 619 570 fidem
656 517 775 580 Dei,
821 516 917 568 etc.
960 513 1141 567 Marc.
1197 528 1308 589 11,·
1453 508 1568 562 Pro
1593 509 1814 561 vitanda
1836 509 2167 561 mortalitate
2179 526 2199 573 ;
2222 508 2305 560 vel
2326 515 2452 562 teme

286 608 338 658 p.
374 607 423 652 2,
459 607 503 643 c.
533 607 585 656 4.
1677 594 1813 647 pore
1832 580 2176 648 pestilentiae.

266 743 269 744 ν
330 709 446 759 Pro
477 707 789 759 remissione
852 711 1170 758 eccatorum.
1394 666 1629 731 surgens
1690 667 1845 717 Jesus
1895 666 1961 716 de
2004 680 2293 732 synagoga’
2354 674 2457 716 εκ·

810 723 850 774 Ρ
1457 736 1586 787 Luc.
1605 751 1656 800 4,
1680 752 1732 802 p.
1764 752 1811 800 1,
1831 751 1875 787 c.
1898 735 1987 801 43.

221 797 395 848 Petite
413 808 463 847 et
487 797 701 847 dabitur
722 796 894 859 vobi5‚
917 807 1013 849 etc.
1045 799 1174 849 Lae.
1201 813 1220 847 1
1239 813 1256 847 1
1271 836 1285 858 ‚

287 887 339 937 p.
375 889 418 933 1,
455 887 503 921 c.
528 871 614 939 39.

351 984 441 1035 Ad
454 984 737 1049 petendam
766 983 1008 1051 gratiam
1033 984 1158 1035 bene

620 1057 898 1108 moriendi.

222 1153 501 1204 Attendite
532 1152 707 1213 vobis,
746 1168 810 1203 ne
838 1151 977 1203 forte
1005 1161 1292 1218 graventur
1462 1118 1578 1171 Pro
1634 1120 2146 1187 peregrinantibus’
2218 1117 2302 1171 νει
2360 1118 2463 1169 iter

292 1224 450 1275 corda
483 1234 672 1285 vestra,
711 1234 814 1275 etc.
849 1225 980 1276 Luc.
1018 1238 1104 1284 21,
1142 1239 1195 1289 p.
1239 1238 1290 1287 2,
1786 1194 2089 1262 agentibus·

296 1311 342 1345 C·
372 1310 462 1360 44·
1401 1290 1609 1342 Euntes
1635 1292 1934 1357 praedicate,
1963 1291 2201 1342 dicentes
2229 1290 2356 1356 quia
2381 1305 2468 1356 ap-

1729 841 1844 892 Pro
1869 841 2115 908 infirmis·

1396 936 1536 987 Cum
1567 936 1843 988 introisset
1876 938 2032 989 Jesus
2074 938 2458 1004 Capharnaum

1459 1007 1696 1069 accessit,
1728 1018 1823 1060 etc.
1863 1008 2062 1060 Matth.
2090 1007 2142 1069 8,
2165 1023 2215 1074 p.
2237 1023 2274 1070 1,
2296 1023 2343 1058 c.
2366 1023 2456 1072 42.

513 1397 718 1446 Contra
739 1409 1012 1462 paganos.

235 1493 375 1554 Quis
403 1502 640 1543 vestrum
672 1493 893 1544 habebit
914 1493 1171 1552 amicum,
1198 1502 1294 1543 ete.

298 1563 429 1614 Luc.
461 1578 542 1623 11,
568 1578 620 1628 p.
658 1579 703 1623 1,
732 1579 777 1614 c.
810 1564 896 1632 39.

1468 1448 1513 1483 c.
1541 1432 1626 1484 51.

1604 1522 1720 1574 Pro
1748 1537 1945 1589 sponso
1972 1530 2024 1575 et
2052 1536 2267 1588 sponsa.

952 1673 964 1683 ,
1406 1622 1462 1672 Si
1531 1621 1654 1672 licet
1714 1621 1926 1673 homini
1986 1622 2257 1673 dimittere
2320 1635 2463 1672 uxo-

554 1671 814 1738 Tempore
840 1671 979 1723 belh·
1471 1708 1603 1752 rem,
1634 1702 1729 1743 etc.
1759 1692 1959 1745 Matth.
1993 1710 2075 1761 19,
2095 1709 2147 1759 p.
2170 1708 2285 1753 2‚c.
2313 1707 2392 1742 10.

96 1749 158 1796 ἱ
234 1776 336 1826 Dic
376 1778 532 1828 nobis
572 1780 788 1845 quando
835 1780 950 1831 haec
990 1791 1166 1844 erunt,
1199 1788 1296 1831 etc.

301 1848 500 1902 Matth.
531 1868 620 1917 24,
655 1869 705 1918 p.
736 1869 787 1913 2,
820 1870 867 1904 c.
904 1852 988 1922 39.
1564 1820 1617 1869 P
1618 1835 1647 1868 Γ
1649 1833 1680 1870 ⁰
1701 1819 1841 1885 fidei
1857 1819 2317 1886 propagatione-'⁸

629 1961 744 2011 Pro
806 1977 840 2011 a
873 1977 917 2012 ε.
1413 1916 1688 1969 Circuibat
1731 1917 1883 1968 Jesus
1929 1932 2119 1968 omnes
2160 1915 2397 1966 civitates
2424 1922 2476 1962 et

766 1978 804 2027 Ρ
843 1978 871 2013 ⁶
1475 1989 1703 2048 castella,
1755 1998 1852 2039 etc.
1894 1987 2095 2039 Matth.
2140 2003 2185 2038 c.
2233 2004 2285 2054 9,
2330 2002 2381 2052 p.
2429 2000 2475 2043 1,

236 2062 384 2112 Cum
407 2074 526 2110 sero
555 2069 710 2120 esset,
739 2060 825 2112 die
848 2060 960 2121 ille,
986 2076 1091 2111 una
1113 2060 1307 2111 sabba-
1478 2076 1521 2110 c.
1548 2060 1631 2109 50.

1466 1362 1865 1429 propinquavit,
1880 1372 1980 1414 etc.
2000 1361 2200 1413 Matth.
2233 1376 2312 1422 10,
2336 1376 2387 1427 p.
2419 1376 2467 1422 1,
2543 1422 2550 1430 .
