2757 4413
263 338 373 405 488

265 453 486 519 justitiae
509 463 563 504 et
588 452 783 519 partim
811 452 1100 503 formidine
1130 466 1326 518 poenae3

267 526 335 575 de
365 525 467 575 hoc
494 525 686 574 timore
715 523 912 590 legitur
940 539 954 572 :
985 524 1205 574 Initium
1237 537 1331 573 sa-

259 597 482 663 pientiae
531 596 688 646 timor
740 595 959 646 Domini
967 613 987 659 ,-
1036 595 1332 646 intellectus

269 671 436 721 bonus
500 670 744 720 omnibus
791 668 1124 734 facientibus
1194 682 1331 718 eum.

269 743 474 793 Omnes
498 742 586 792 isti
610 742 832 792 timores
860 751 985 792 sunt
1016 739 1330 806 imperfecti,
1390 751 1392 763 ¹

268 812 398 878 quia
433 812 680 878 perfecta
728 813 932 863 caritas
969 812 1138 878 foras
1171 811 1334 860 mittit

270 884 526 933 timorem.
583 882 688 931 Sed
745 881 925 932 filialis
982 881 1096 932 sive
1150 890 1333 931 castus

267 955 433 1005 timor
454 964 535 1005 est
569 953 662 1004 ille
696 969 805 1020 quo
835 954 960 1020 quis
986 968 1167 1003 amore
1203 953 1331 1002 boni

269 1037 323 1076 et
362 1025 625 1076 virtutum
675 1040 964 1075 succensus
1007 1040 1138 1090 pure
1178 1024 1335 1074 timet

268 1097 536 1148 offendere
552 1097 744 1157 Deum,
761 1106 813 1146 et
831 1097 900 1146 ab
921 1112 985 1146 eo
1002 1095 1253 1162 separari,
1274 1110 1335 1145 ac

267 1167 499 1218 declinat
518 1182 550 1216 a
578 1165 720 1216 malo
750 1177 961 1217 tantum
981 1181 1163 1216 amore
1188 1165 1336 1232 justi·
1395 1168 1396 1173 ’

267 1241 375 1292 tiae.
416 1241 517 1291 Iste
544 1239 706 1289 timor
741 1250 824 1290 est
855 1239 1116 1305 perfectus
1140 1249 1192 1289 et
1222 1254 1333 1289 non

268 1310 554 1377 expellitur
599 1328 694 1377 per
745 1310 1035 1371 caritatem,
1076 1309 1189 1359 imo
1232 1324 1335 1359 au-

270 1390 425 1446 getur
468 1381 766 1430 secundum
803 1388 1155 1449 augmentum
1195 1376 1335 1427 cari-

268 1449 423 1512 tatis3
479 1459 533 1499 et
576 1450 642 1500 de
694 1449 797 1500 isto
856 1451 1051 1500 timore
1094 1447 1337 1513 legitur.

278 1520 466 1586 Timor
499 1520 720 1572 Domini
765 1527 984 1570 sanctus
1016 1531 1335 1584 permanens

269 1594 324 1642 in
374 1593 606 1645 seculum
660 1594 847 1644 seculi.
907 1592 1162 1643 Prohibet
1209 1606 1337 1657 ergo

268 1663 552 1725 DominuS‚
585 1680 652 1714 ne
701 1664 896 1714 timore
960 1663 1201 1712 humano
1250 1661 1338 1711 vel

270 1734 568 1793 mundane,
592 1743 645 1784 et
668 1744 882 1799 propter
904 1734 1179 1799 corporale
1203 1733 1337 1798 peri-

270 1805 472 1864 culum,
511 1804 597 1854 vel
640 1804 936 1870 temporale
965 1803 1337 1864 commodum,

270 1875 337 1924 de
387 1874 587 1924 virtute
633 1875 697 1924 ad
743 1874 937 1924 vitium
988 1873 1335 1924 declinemus.

270 1947 349 1996 De
367 1946 564 1996 timore
583 1947 782 2006 servili,
804 1956 856 1996 et
879 1946 1031 1996 filiali
1055 1962 1152 1996 sen
1171 1956 1334 2011 caste,

271 2015 568 2081 specialiter
625 2016 702 2067 sic
766 2017 900 2066 dicit
945 2017 1292 2083 Augustinus
1316 2035 1336 2068 .·

273 2107 300 2133 α
336 2089 432 2140 Est
483 2089 648 2139 timor
696 2089 921 2154 serviliS,
962 2100 1015 2140 et
1052 2100 1132 2140 est
1173 2091 1338 2141 timor

271 2169 465 2211 castus·
487 2160 579 2211 Est
597 2160 851 2225 timor‚ne
870 2160 1086 2227 patiaris
1102 2177 1335 2227 poenam3

271 2243 353 2282 est
368 2231 508 2283 alius
528 2231 713 2293 timor,
734 2248 804 2282 ne
830 2233 1042 2283 amittas
1060 2232 1336 2299 justitiam.

277 2303 470 2354 Timor
485 2303 578 2354 ine
602 2320 672 2354 ne
698 2304 918 2371 patiaris
936 2320 1171 2371 poenam,
1196 2304 1338 2355 servi

273 2387 369 2428 est.
407 2378 531 2428 Non
575 2388 657 2428 est
694 2394 951 2445 magnum
999 2378 1188 2429 timere
1218 2394 1338 2444 poe-

274 2465 420 2511 nam,
454 2451 548 2501 sed
575 2466 835 2516 magnum
868 2459 949 2500 est
977 2465 1155 2500 amare
1176 2449 1338 2514 justi-

272 2519 422 2571 tiam.
450 2521 580 2571 Eam
619 2522 765 2572 Deus
803 2520 1166 2571 innocentiam
1206 2535 1338 2585 pro-

277 2590 385 2654 bat,
414 2606 521 2656 qua
553 2592 721 2641 homo
751 2608 863 2641 non
893 2600 1040 2641 metu
1077 2605 1249 2655 poenae
1277 2588 1340 2640 fit

274 2663 557 2726 innocenS,
588 2666 681 2713 sed
709 2680 889 2715 amore
931 2663 1168 2729 justitiae.
1201 2663 1338 2712 Nam

274 2732 372 2798 qui
433 2732 627 2783 timore
676 2749 787 2783 non
844 2737 1038 2799 peccat,
1093 2731 1341 2799 quamvis

276 2819 388 2853 non
436 2814 624 2854 noceat
668 2804 755 2854 cui
799 2806 916 2855 vult
951 2819 1178 2863 nocere,
1231 2802 1339 2868 sibi

275 2886 457 2924 tamen
504 2874 804 2941 plurimum
844 2885 1021 2938 nocet;
1073 2884 1125 2925 et
1166 2873 1342 2932 absti-

277 2962 414 2997 nens
454 2947 521 2996 ab
545 2947 737 3013 iniquo
762 2963 951 3013 opere,
1002 2948 1115 2997 sola
1159 2956 1341 2998 tamen

276 3033 399 3068 reus
413 3026 493 3067 est
504 3019 796 3068 voluntate.
818 3038 845 3066 n
860 3019 927 3069 Et
940 3018 1138 3067 iterum
1154 3034 1173 3068 ι
1189 3036 1215 3063 α
1229 3019 1343 3069 Ina-

277 3088 418 3139 niter
441 3099 594 3155 putat
610 3089 865 3140 victorem
889 3104 947 3140 se
975 3104 1090 3152 esse
1118 3089 1340 3155 peccati,

275 3178 370 3227 qm
403 3161 596 3213 timore
624 3178 797 3228 poenae
835 3179 948 3213 non
977 3172 1172 3229 peccat,
1212 3162 1341 3244 quia

277 3232 374 3283 etsi
417 3250 527 3283 non
575 3234 829 3300 impletur
875 3234 1006 3285 foris
1060 3234 1341 3301 negotium

276 3304 430 3354 malae
476 3299 802 3370 cupiditatis
836 3305 953 3371 ipsa
991 3314 1168 3355 tamen
1203 3306 1344 3356 mala

276 3373 538 3441 cupiditas
604 3375 752 3426 intus
819 3385 900 3427 est
953 3375 1143 3427 hostis.
1204 3376 1344 3426 Nam

277 3456 540 3512 quantum
571 3447 628 3497 in
671 3447 791 3513 ipso
837 3456 950 3508 est,
1000 3448 1185 3498 mallet
1233 3463 1344 3497 non

277 3534 392 3569 esse
438 3517 697 3584 justitiam
750 3515 1058 3585 punientem
1115 3530 1345 3585 peccata.

279 3590 533 3641 Inimicus
570 3590 787 3657 justitiae
827 3601 908 3641 est
934 3591 1027 3657 qui
1060 3607 1233 3657 poenae
1270 3592 1346 3641 ti-

281 3676 433 3711 more
480 3678 591 3712 non
643 3672 850 3727 peccat;
904 3661 1110 3712 amicus
1166 3672 1348 3722 autem

279 3730 398 3790 erit,
427 3731 474 3781 si
506 3747 573 3782 ex
598 3747 780 3783 amore
803 3731 1019 3798 justitiae
1049 3747 1160 3781 non
1179 3746 1350 3797 pecca-

279 3801 433 3853 verit.
476 3803 788 3854 Mandatum
817 3803 914 3853 Dei
944 3803 990 3853 si
1019 3802 1213 3853 timore
1250 3818 1350 3869 po·-

281 3873 391 3923 tius
413 3871 476 3924 fit
504 3890 675 3940 poenae
705 3890 870 3942 quam
902 3889 1083 3926 amore
1110 3873 1349 3940 justitiae,

282 3944 543 3997 serviliter
580 3945 644 3998 fit
683 3957 735 3997 et
779 3946 1253 4008 non-liberaliter,
1299 3955 1353 3996 et

912 337 1152 397 PRIMA-2
1184 334 1435 386 PARTIS
1465 333 1701 386 CAPUT
1733 335 1867 387 Lm.

1436 450 1557 500 ideo
1589 465 1690 501 nec
1713 450 1793 502 fit.
1834 451 1957 502 Non
1993 451 2142 502 enim
2171 452 2354 502 bonus
2384 451 2520 503 fru-

1437 531 1553 571 ctus
1592 530 1699 582 est,
1740 521 1835 588 qui
1874 537 1981 572 non
2024 522 2091 572 de
2117 522 2334 573 caritate
2366 537 2519 587 *pro-

1438 595 1595 646 cedit.
1645 595 1817 644 Nemo
1853 594 2064 646 invitus
2098 594 2224 645 facit
2265 595 2523 660 bonum,

1440 668 1647 720 etiamsi
1679 669 1884 719 bonum
1913 679 1994 719 est
2021 669 2173 735 quod
2201 669 2347 730 facit,
2381 669 2522 736 quia

1439 739 1580 790 nihil
1617 741 1833 806 prodest
1876 741 2099 807 spiritus
2135 743 2370 804 timoris,
2409 742 2517 793 uhi

1441 827 1551 862 non
1594 821 1675 862 est
1728 812 1953 879 spiritus
1997 813 2234 864 caritatis
2269 830 2283 864 :
2320 833 2350 861 n
2391 814 2520 865 hoec

1439 882 1801 948 Augustinus.
1862 884 2017 935 Unde
2072 894 2126 934 et
2170 885 2518 952 Chrys-osto-

1439 967 1556 1002 mus
1591 969 1613 1003 .·
1650 971 1677 999 α
1703 953 1810 1013 Qui
1853 953 1910 1005 in
1951 954 2147 1006 timore
2178 955 2343 1005 servit
2374 955 2521 1020 Dec,

1393 1066 1396 1079 ,,
1440 1039 1655 1090 poenam
1695 1025 1917 1092 quidem
1961 1027 2165 1088 evadit,
2209 1028 2518 1078 mercedem

1438 1107 1619 1147 autem
1644 1097 1864 1162 justitiae
1894 1115 2005 1149 non
2023 1099 2201 1160 habet,
2232 1099 2524 1166 quiainvi-

1439 1181 1527 1220 tus
1551 1169 1676 1220 fecit
1695 1172 1921 1234 bonum,
1948 1181 2166 1238 propter
2184 1171 2464 1224 timorem.
2485 1191 2520 1220 n

1441 1241 1593 1293 Unde
1617 1241 1784 1292 etiam
1805 1242 1938 1292 dicit
1963 1243 2237 1293 Horatius
2257 1261 2276 1294 .-

1442 1383 1684 1435 Oderunt
1702 1396 1935 1450 peecare
1964 1356 2088 1435 boni
2110 1383 2330 1434 virmtis
2349 1397 2526 1436 anw-

1442 1524 1684 1577 Oderunt
1733 1537 1962 1590 peccare
2015 1524 2148 1592 mali
2210 1454 2528 1590 sarmiti-1⁶5⁸}

2293 1596 2519 1663 [μω.

1442 1739 1596 1789 Unde
1624 1747 1677 1789 et
1704 1739 1913 1790 Seneca
1939 1757 1962 1790 .·
1992 1755 2018 1784 <s
2048 1738 2172 1787 Non
2201 1747 2359 1803 putes
2392 1739 2520 1790 vir-

1440 1819 1610 1861 tutem
1640 1810 1743 1859 hoc
1782 1809 2109 1869 effecturam,
2156 1809 2306 1874 quod
2351 1809 2524 1862 efficit

1443 1879 1614 1930 nimia
1637 1878 1889 1930 formido.
1921 1899 1949 1927 n

1500 1966 1539 2016 4
1588 1951 1798 2000 Tanna
1842 1967 2003 2001 nano
2025 1989 2041 2012 ‚
2083 1966 2152 2000 nx
2188 1965 2522 2001 constum-

1442 2037 1604 2072 noxn
1637 2023 2016 2072 Pnovmx-:nrxte
2042 2037 2252 2072 nrvmAE.
2287 2048 2349 2058 --
2376 2021 2522 2072 Ter-

1440 2092 1516 2143 tia
1534 2092 1671 2142 ratio
1690 2102 1771 2142 est
1791 2108 1856 2142 ex
1875 2091 2296 2143 consideratione
2315 2091 2523 2142 divinoe

1445 2163 1808 2224 Providentiae,
1863 2163 1993 2229 quia
2023 2162 2369 2226 Providentia
2415 2162 2522 2213 Dei

1442 2234 1724 2284 ordinatur
1760 2233 1868 2283 vita
1902 2243 1955 2283 et
1987 2248 2136 2283 mors
2177 2242 2517 2295 sanctorum,

1442 2308 1571 2373 quia
1595 2318 1648 2357 et
1677 2306 2128 2357 irrationabilium
2169 2304 2520 2366 animalium,

1442 2392 1568 2443 ergo
1600 2392 1713 2438 non
1753 2387 1834 2427 est
1880 2376 1959 2426 eis
2011 2376 2316 2425 timendum
2352 2391 2365 2424 ι
2395 2375 2522 2426 sive

1441 2447 1640 2505 vivant
1666 2447 1784 2498 sive
1810 2447 2129 2497 moriantur.
2161 2446 2317 2496 Unde
2339 2445 2480 2496 dicit
2502 2463 2524 2497 z

1442 2519 1636 2569 Nonne
1673 2520 1779 2569 duo
1806 2532 2065 2585 passeres
2113 2531 2240 2567 asse
2271 2523 2522 2580 veneunt,

1444 2591 1497 2640 id
1523 2601 1604 2641 est
1636 2592 1960 2651 venduntur,
1994 2590 2125 2657 quia
2149 2605 2337 2651 venen,
2362 2590 2528 2641 venis

1446 2662 1610 2712 habet
1638 2677 1859 2712 sensum
1889 2662 2085 2728 passivi
2111 2661 2214 2712 sub
2232 2676 2360 2711 voce
2387 2659 2526 2712 acti-

1443 2749 1532 2797 va;
1564 2740 1618 2784 et
1652 2740 1826 2785 tamen
1859 2749 1995 2784 unus
2029 2749 2104 2783 ex
2151 2734 2285 2797 illis,
2334 2748 2524 2814 quan·-

1443 2814 1773 2870 tumcunque
1847 2804 1958 2854 sint
2034 2804 2181 2869 parvi
2244 2803 2405 2870 pretii
2467 2815 2525 2855 et

1442 2873 1665 2937 valoriS,
1714 2890 1825 2926 non
1882 2870 2040 2925 cadet
2076 2889 2237 2941 supet·
2276 2881 2522 2939 terram,

1443 2954 1496 2995 et
1519 2944 1578 2994 in
1601 2945 1876 3011 laqueum,
1902 2945 1959 2994 id
1982 2955 2065 2995 est
2094 2961 2206 2995 non
2232 2944 2525 3006 morietur,

1444 3014 1560 3065 sine
1594 3016 1769 3067 Patre
1799 3022 2005 3079 vestre,
2046 3015 2100 3065 id
2139 3025 2222 3066 est
2263 3015 2382 3066 sine
2421 3015 2526 3070 Dei

1448 3084 1619 3135 Patris
1673 3086 2016 3137 Providentia
2039 3125 2052 3146 ,
2112 3086 2171 3136 in
2234 3102 2344 3152 qua
2392 3096 2528 3138 sunt

1445 3155 1649 3208 omnia.
1675 3156 1842 3215 Quasi
1871 3156 2015 3206 dicat
2053 3173 2069 3205 z
2111 3155 2292 3206 Nolite
2328 3154 2525 3206 timere

1446 3237 1704 3288 mortem,
1756 3228 1885 3295 quia
1940 3228 2077 3278 mori
2131 3244 2242 3278 non
2294 3226 2524 3294 potestis

1447 3299 1565 3350 sine
1597 3311 1735 3350 nutu
1776 3311 1830 3351 et
1868 3302 2142 3351 voluntate
2180 3299 2278 3350 Dei
2308 3300 2518 3362 PatriS‚

1448 3373 1594 3439 quod
1631 3373 1802 3441 liquet
1831 3375 1892 3425 in
1924 3374 2249 3425 minoribus,
2276 3374 2334 3424 Si
2362 3373 2520 3425 enim

1450 3458 1707 3509 passereS‚
1738 3444 1833 3511 qui
1872 3444 2019 3511 parvi
2045 3454 2099 3495 et
2133 3445 2268 3495 viles
2293 3453 2426 3494 sunt
2454 3444 2516 3496 in

1450 3513 1641 3564 avibus
1678 3524 1729 3565 et
1765 3515 1978 3565 minimi
2026 3515 2205 3581 pretii,
2253 3514 2373 3566 sine
2417 3514 2522 3565 Dei

1450 3587 1725 3639 voluntate
1751 3590 1836 3640 vel
1864 3588 2222 3653 permissione
2252 3603 2363 3637 non
2384 3602 2524 3654 pos-

1451 3669 1580 3709 sunt
1623 3659 1794 3720 mmi',
1847 3668 2050 3725 quanto
2096 3657 2268 3725 magis
2298 3673 2396 3709 vos
2421 3657 2526 3724 qui

1454 3730 1625 3796 pluris
1666 3732 1825 3792 estis,
1877 3732 1981 3781 hoc
2032 3740 2115 3781 est
2160 3731 2302 3796 apud
2346 3730 2520 3782 Deum
2567 3736 2571 3741 '

1458 3804 1675 3869 majoris
1719 3803 1993 3871 dignitatis
2048 3813 2100 3854 et
2158 3802 2335 3869 pretii,
2391 3801 2524 3869 quia

1456 3875 1742 3927 rationales
1781 3893 1841 3927 ac
1881 3877 2042 3942 empti
2072 3876 2251 3942 pretio
2297 3888 2518 3941 magno,

1458 3954 1511 3997 et
1538 3947 1798 4014 redempti
1832 3945 2092 4013 sanguine
2125 3945 2358 4007 Christi,
2397 3959 2517 3998 non
