2757 4413
418 258 513 307 DE
544 255 833 306 ARBORE
863 251 1364 303 INFRUCTUOSA
1395 249 1489 301 ET
1522 249 1841 300 MULIERE
1874 247 2230 300 CURVATA.

199 366 266 426 ad'
308 374 522 424 coeleste
565 370 886 421 desiderium
932 384 1043 418 non
1087 382 1267 418 assur-

201 444 291 511 git,
327 443 485 510 quasi
517 441 713 491 mulier
746 439 1018 498 inclinata,
1047 453 1264 488 sursum

201 516 461 581 respicere
508 527 848 578 nequaquam
897 518 1087 576 potest.
1139 509 1266 559 Usi-

199 596 304 636 tata
330 585 536 636 etenim
572 585 727 649 culpa
759 583 967 648 obligat
1008 590 1264 640 mentem,

202 670 260 710 ut
302 673 649 725 nequaquam
678 671 955 722 assurgere
994 654 1164 721 possit
1200 654 1266 703 ad

202 730 603 781 rectitudinem.
650 729 886 779 Conatur
934 738 985 778 et
1037 726 1264 788 labitur3

200 802 326 868 quia
353 800 450 851 ubi
481 801 576 850 diu
601 798 1068 876 spontepersistit,
1092 797 1188 857 ibi,
1217 806 1269 846 et

201 889 319 924 cum
359 872 617 931 noluerit,
654 881 833 920 coacta
862 869 1019 920 cadit.
1048 868 1104 919 Si
1141 883 1267 933 ergo

199 948 301 1012 jam
355 946 500 995 bona
548 944 732 1009 patriae
779 943 1004 993 coelestis
1043 941 1267 1008 agnovi-

201 1033 353 1076 muS,
396 1015 678 1080 displiceat
725 1013 885 1064 nobis
931 1015 1077 1079 quod
1121 1011 1267 1062 curvi

197 1105 403 1140 sumus.
450 1089 687 1143 Ponatur
710 1097 835 1137 ante
862 1087 1047 1137 oculos
1074 1085 1270 1136 mulier

204 1175 381 1219 curva,
419 1169 472 1208 et
503 1159 663 1208 arbor
693 1157 1037 1208 infructuosa.
1061 1176 1089 1204 n
1115 1156 1271 1207 Unde

191 1242 253 1292 ‚et
282 1231 632 1298 Augustinus
661 1248 677 1280 ε
705 1249 733 1276 «
762 1230 906 1295 Ergo
925 1229 1036 1295 ‘qui
1074 1229 1271 1279 sterilis

202 1315 300 1366 est,
341 1313 464 1370 agat
510 1302 881 1368 poenitentiam
906 1311 959 1352 et
982 1301 1140 1352 faciat
1164 1301 1273 1352 fru-

202 1386 350 1426 ctum
392 1375 620 1440 dignum
651 1373 995 1439 poenitentiae.
1024 1373 1130 1433 Qui
1158 1388 1274 1422 cur-

198 1460 301 1496 vus
331 1454 415 1494 est
443 1453 503 1493 ut
531 1455 725 1493 terram
751 1453 1038 1503 intueatur,
1063 1454 1271 1492 terrena

201 1515 459 1566 felicitate
510 1515 718 1564 laetetur
736 1551 749 1574 ,
800 1523 852 1563 et
903 1514 1171 1580 erigatur3
1224 1512 1271 1562 si

201 1601 298 1652 per
352 1585 590 1651 seipsum
645 1599 753 1633 non
802 1593 1008 1650 potest,
1064 1585 1273 1634 invocet

204 1657 380 1706 Deum
409 1672 422 1704 z
450 1674 477 1701 n
506 1654 620 1704 haec
645 1653 1005 1720 Augustinus,

281 1727 318 1777 8
375 1727 498 1776 Cun
553 1740 700 1774 nouo
754 1740 1079 1776 snurrpsou
1133 1739 1273 1774 ‘tnr-

207 1816 345 1851 cssan
379 1797 616 1848 DEBEAT?
657 1825 717 1834 -
756 1798 822 1848 Et
858 1799 1051 1848 merito
1088 1814 1145 1850 se
1179 1797 1277 1847 eri-

206 1885 331 1936 gere
387 1869 562 1918 =debet
630 1868 833 1932 hom0;
891 1868 1054 1919 habet
1126 1868 1273 1918 enim

206 1941 400 1991 faciem
489 1940 555 1989 ad
636 1940 832 1988 coelum
892 1950 1118 1990 erectam
1133 1977 1147 2000 ‚
1211 1947 1277 1989 ut

205 2013 329 2078 plus
378 2010 625 2060 intendat
674 2009 985 2059 coelestibus
1028 2021 1079 2060 et
1132 2018 1277 2060 aeter-

208 2083 312 2141 niS‚
341 2096 511 2148 quam
553 2080 670 2129 istis
704 2080 1091 2144 temporalibus
1120 2090 1172 2130 et
1196 2096 1277 2131 ca-

206 2153 377 2208 ducis.
450 2151 605 2201 Unde
654 2151 799 2200 idem
858 2152 1200 2218 Augustinus
1259 2170 1275 2202 .-

209 2245 234 2273 α
262 2228 452 2277 Erecta
498 2225 552 2274 in
597 2226 789 2274 coelum
837 2224 1075 2290 corporis
1106 2224 1278 2275 forma

208 2298 461 2347 admonet
504 2310 624 2361 quae
653 2310 871 2345 sursum
912 2305 1042 2345 sunt
1076 2311 1275 2360 sapere.

208 2368 425 2418 Belluas
461 2365 730 2415 Dominus
763 2375 1050 2431 prostratas
1088 2365 1146 2415 in
1194 2366 1278 2417 fa·-

210 2439 341 2489 ciem
394 2436 546 2496 fecit,
603 2445 811 2501 pastum
856 2448 1157 2502 quaerentes
1213 2439 1279 2489 de

208 2520 375 2571 terra3
401 2517 456 2557 te
481 2507 536 2556 in
565 2508 702 2557 duos
731 2508 890 2573 pedes
917 2507 1100 2569 erexit,
1130 2520 1279 2559 tuam

211 2579 399 2630 faciem
468 2595 685 2629 sursum
754 2580 1022 2630 attendere
1086 2581 1278 2631 voluit.

215 2651 328 2701 Non
352 2650 628 2700 discordet
659 2666 747 2699 cor
775 2660 930 2699 tuum
960 2665 990 2699 a
1015 2650 1149 2701 facie
1169 2661 1279 2715 tua,

212 2731 269 2771 ut
313 2722 519 2772 habeas
571 2721 758 2770 faciem
809 2736 1045 2782 sursum,
1091 2731 1144 2772 et
1191 2738 1284 2773 cor

213 2796 488 2846 deorsum.
514 2813 536 2838 »
563 2794 719 2843 Unde
744 2803 797 2844 et
818 2794 1063 2844 Basilius
1089 2812 1107 2845 .·
1135 2814 1163 2842 «
1192 2797 1284 2846 Be-

213 2865 324 2917 stiae
350 2873 631 2914 terrestres
657 2873 781 2913 sunt
809 2864 875 2913 ad
903 2872 1099 2914 terram
1122 2866 1288 2932 respi-

214 2937 442 2997 cientes3
497 2934 591 2984 sed
640 2933 871 2985 coelestis
906 2936 1065 2985 arbor
1097 2936 1283 2998 h0m0,

214 3017 482 3073 quantum
517 3005 691 3071 figura
727 3006 1024 3071 corporalis
1050 3008 1286 3073 plasma-

214 3079 408 3141 tioniS‚
442 3087 654 3127 tantum
698 3086 751 3127 et
791 3077 1052 3143 dignitate
1093 3079 1287 3130 animae

216 3150 409 3206 differt.
442 3148 871 3213 Quadrupedum
907 3147 1077 3216 figura
1111 3151 1288 3217 qualis

217 3220 319 3271 eet?
371 3220 567 3285 Capite
596 3219 679 3269 vel
713 3233 934 3285 corpore
977 3221 1046 3270 ad
1084 3230 1286 3271 terram

219 3293 467 3360 respicit,
516 3308 679 3359 super
724 3302 968 3361 ventrem
1011 3295 1189 3359 vadit3
1237 3304 1290 3346 et

219 3365 491 3432 quidquid
513 3366 901 3430 voluptuosum
921 3374 1021 3427 est,
1047 3381 1112 3417 ex
1137 3366 1288 3417 omni

221 3447 368 3502 parte
407 3437 773 3503 prosequitur.
804 3438 987 3489 Tuum
1028 3450 1187 3505 caput
1223 3440 1286 3489 ad

220 3508 415 3560 coelum
461 3517 699 3557 erectum
741 3517 840 3568 est,
882 3508 1024 3559 oculi
1066 3508 1146 3559 tui
1191 3524 1290 3559 su·-

222 3578 433 3642 petiora
463 3579 921 3644 contemplatum
949 3589 1010 3630 ut
1035 3580 1085 3630 si
1111 3595 1290 3647 quan·

220 3648 289 3701 do
335 3657 399 3699 tu
447 3649 796 3714 passionibus
835 3649 1012 3700 carnis
1053 3650 1289 3716 teipsum

221 3720 603 3773 convitiaberis
627 3721 802 3772 ventri
835 3722 1091 3784 serviem,
1121 3733 1174 3774 et
1201 3723 1289 3774 his

224 3806 341 3854 quae
382 3793 490 3843 sub
538 3803 725 3843 ventre
771 3804 901 3845 sunt
953 3805 1289 3861 comparatus

228 3872 287 3909 es
318 3864 516 3916 bestiis
541 3864 947 3931 insipientibus,
976 3864 1032 3917 id
1067 3877 1149 3919 est
1175 3882 1288 3919 non

2327 263 2424 316 721

1372 365 1723 431 sapientibus,
1750 375 1803 415 et
1838 365 2038 416 similis
2077 364 2249 415 factus
2275 381 2332 416 es
2362 365 2435 414 il-

1372 437 1458 487 lis.
1498 436 1618 487 Alia
1655 436 1754 486 tibi
1798 436 2101 486 sollicitudo
2140 447 2219 487 est
2254 437 2433 502 digna,

1372 523 1494 572 quae
1541 506 1788 572 superius
1848 516 1974 556 sunt
2021 522 2260 570 quaerere
2278 546 2290 567 ,
2338 507 2434 557 ubi

1372 580 1622 631 Christus
1639 589 1738 639 est,
1756 595 2023 646 superque
2036 580 2305 631 terrestria
2323 596 2438 631 esse

1371 660 1577 712 mente3
1616 660 1680 700 ut
1704 649 1966 700 formatus
2002 666 2076 710 es,
2104 650 2177 700 ita
2201 650 2432 714 dispone

1370 720 1626 786 tuiipsius
1652 721 1836 772 vitam.
1865 721 2230 774 Urbanitatem
2256 722 2439 772 'habes

1372 794 1433 843 in
1470 793 1646 856 coelis3
1675 809 1800 844 vera
1838 804 1931 844 tua
1970 795 2157 860 patria,
2187 809 2309 860 quae
2339 811 2437 844 su-

1374 866 1556 932 perius
1585 875 1667 916 est
1690 867 2004 926 Jerusalem,
2037 876 2089 917 et
2115 867 2214 916 tibi
2242 867 2384 916 cives
2425 884 2439 918 ι

1374 937 1484 997 Qui
1513 937 1804 1003 conscripti
1830 944 1955 987 sunt
1986 939 2039 987 in
2073 937 2238 989 coelia
2280 956 2306 985 »
2334 939 2443 988 Un-

1372 1010 1439 1058 de
1467 1018 1520 1058 et
1551 1009 1869 1059 Bernartius
1913 1027 1930 1060 .·
1974 1028 2001 1056 α
2031 1010 2276 1060 Curvitas
2321 1011 2442 1060 ani-

1375 1097 1477 1132 mae
1505 1091 1584 1132 est
1620 1097 1859 1148 quaerere
1897 1092 1950 1132 et
1978 1098 2162 1147 sapere
2197 1099 2318 1150 quae
2347 1099 2446 1133 su-

1376 1170 1472 1221 per
1536 1165 1731 1205 terram
1801 1164 1944 1205 sunt.
2004 1156 2186 1222 Turpe
2247 1167 2328 1207 est
2384 1156 2442 1206 in

1374 1225 1616 1275 humano
1659 1240 1898 1290 corpore,
1942 1227 2089 1291 quod
2136 1236 2217 1276 est
2261 1238 2446 1278 erectae

1374 1297 1578 1359 formae,
1603 1298 1898 1348 belluinam
1924 1308 2158 1348 mentem
2186 1315 2385 1364 gerere.
2412 1319 2441 1347 s»

1377 1371 1444 1420 Et
1492 1370 1689 1420 iterum
1738 1386 1753 1419 :
1806 1387 1834 1416 (ι
1881 1369 2133 1435 Corporis
2184 1380 2444 1421 staturam

1374 1439 1522 1489 dedit
1566 1439 1778 1489 homini
1823 1441 1964 1490 Deus
2007 1450 2221 1500 rectam,
2262 1440 2443 1490 forsan

1376 1521 1439 1562 ut
1474 1513 1577 1562 ista
1615 1528 1869 1578 corporea
1915 1513 2193 1564 exterioris
2216 1513 2447 1563 vilioris-

1377 1599 1484 1649 que
1536 1585 1797 1635 rectitudo
1847 1584 2119 1651 figmenti,
2164 1585 2444 1635 hominem

1377 1655 1691 1715 interiorem
1719 1656 1895 1718 illum,
1935 1657 2029 1723 qui
2059 1658 2123 1707 ad
2153 1658 2445 1723 imaginem

1380 1728 1479 1779 Dei
1507 1728 1678 1779 factus
1715 1738 1812 1790 est,
1860 1729 2156 1795 spiritualis
2186 1744 2298 1781 suae
2330 1746 2447 1780 ser·-

1377 1801 1564 1852 vandae
1612 1802 1949 1853 rectitudinis
2003 1804 2342 1866 admoneret;
2396 1811 2448 1853 et

1382 1873 1541 1922 decor
1596 1873 1713 1923 limi
1767 1872 2159 1924 deformitatem
2207 1882 2451 1940 argueret

1378 1943 1568 1993 animi.
1640 1943 1785 2004 Quid
1859 1945 2016 1994 enim.
2079 1944 2447 2004 indecentius,
2506 1998 2511 2002 ,

1380 2028 1545 2078 quam
1575 2029 1800 2064 curvum
1833 2024 1976 2065 recto
2017 2030 2235 2080 corpore
2267 2028 2450 2080 gerere

1380 2082 1658 2133 animum?
1689 2084 1939 2134 Perversa
1974 2100 2060 2134 res
2087 2095 2141 2134 et
2173 2085 2330 2143 foeda,
2358 2085 2449 2134 lu·-

1381 2163 1530 2203 teum
1559 2169 1669 2215 vaS,
1695 2154 1841 2220 quod
1870 2152 1955 2204 est
1979 2170 2172 2221 corpus
2200 2156 2266 2204 de
2292 2165 2448 2215 terra,

1382 2225 1567 2275 oculos
1596 2242 1812 2276 sursum
1850 2226 2064 2289 habere,
2096 2228 2259 2277 coelos
2285 2227 2452 2277 libere

1383 2295 1671 2361 suscipere,
1698 2298 2064 2363 coelorumque
2090 2297 2452 2347 luminaribus

1384 2366 1644 2416 oblectare
1671 2376 1951 2431 aspectus;
1988 2366 2321 2431 spiritualem
2359 2381 2453 2416 ve-

1387 2452 1447 2486 ro
1486 2437 1868 2503 coelestemque
1907 2447 2204 2488 creaturam
2250 2453 2377 2487 suos
2424 2453 2455 2490 e

1385 2508 1654 2558 contrario
1704 2509 1920 2568 oculoS,
1975 2509 2029 2558 id
2081 2519 2161 2559 est
2211 2508 2454 2560 internos

1387 2594 1580 2628 sensus
1633 2588 1796 2644 atque
1854 2577 2073 2629 affectus
2128 2579 2340 2628 trahere
2397 2578 2454 2629 in

1386 2659 1584 2699 terram
1642 2650 1920 2712 deorsum3
1983 2660 2035 2699 et
2088 2664 2208 2714 quae
2271 2648 2458 2700 debuit

1389 2719 1585 2769 nutriri
1613 2720 1671 2770 in
1694 2720 1912 2780 croceis,
1936 2719 2139 2769 haerere
2166 2719 2279 2769 luto
2300 2718 2455 2785 quasi

1391 2805 1555 2841 unam
1582 2790 1649 2840 de
1677 2790 1888 2850 suibus,
1907 2790 2310 2856 amplexarique
2333 2800 2461 2840 ster·

1391 2879 1513 2914 cora
1540 2880 1556 2914 z
1581 2881 1610 2912 5>
1640 2864 1756 2915 haec
1778 2864 2117 2915 Bet-nardus.
2143 2863 2302 2915 Unde
2329 2864 2462 2915 Boe·

1391 2938 1499 2987 tius
1528 2953 1548 2988 .-

1394 3081 1503 3143 Qui
1535 3086 1682 3133 recto
1725 3080 1914 3133 coelum
1952 3082 2102 3132 vultu
2132 3083 2294 3148 petis',
2324 3096 2459 3133 exe-

1943 3151 2165 3217 [risque
2184 3152 2425 3217 frontem
2438 3169 2460 3215 5

1393 3224 1457 3274 In
1491 3222 1714 3276 sublime
1740 3223 1908 3289 feras
1934 3223 2186 3285 animum,
2217 3239 2281 3273 ne
2318 3238 2463 3288 gra-

2058 3297 2223 3362 [vata
2246 3309 2462 3362 pessum

1397 3366 1637 3433 Inferior
1674 3366 1825 3419 sidat
1864 3382 2043 3431 mem,
2090 3380 2316 3432 corpore
2353 3365 2463 3416 cel-

2081 3435 2238 3501 [sius
2270 3434 2460 3485 levato.

1398 3530 1554 3583 Unde
1579 3540 1632 3581 et
1671 3529 1899 3584 Ovidius
1921 3550 1942 3585 ε

1397 3651 1687 3716 Pronaque
1744 3665 1863 3702 cum
1919 3658 2155 3719 spectent
2201 3650 2464 3703 animalia

1986 3726 2200 3791 [cetera
2227 3732 2468 3789 tem-am,-

1398 3792 1474 3844 Os
1501 3792 1703 3847 homini
1728 3794 1951 3847 sublime
1984 3796 2148 3858 dedit,
2175 3797 2466 3862 coelumque

2291 3869 2310 3934 [
2332 3866 2470 3919 tueri
