2757 4413
355 348 462 402 794
921 326 1159 378 PRIMAE
1194 322 1441 375 PARTIS
1468 318 1703 371 CAPUT
1734 319 2013 370 LXXXIX.

354 464 501 509 nam,
530 448 621 498 sed
646 446 812 496 simul
850 462 865 495 :
911 442 1159 506 Domine,
1177 440 1271 507 fili
1291 440 1415 490 Da-

353 521 462 582 vid,
508 528 725 585 propter
774 511 1058 581 personam
1109 514 1166 563 in
1206 511 1415 562 duabus

317 626 322 631 -
354 588 561 641 naturis
606 588 833 639 unitam.
866 585 1032 646 Quasi
1062 584 1262 633 diceret
1293 598 1305 631 :
1337 582 1416 631 Ex

355 660 536 712 divina
586 660 751 710 habes
779 666 1110 724 potestatem,
1156 653 1284 721 quia
1313 667 1416 717 po-

357 744 476 784 tens
498 748 575 796 es,
598 731 855 792 Domine;
884 745 950 779 ex
977 728 1216 794 humana
1236 725 1421 776 volun-

355 812 541 866 tatem,
567 802 695 868 quia
721 800 891 850 David
911 796 1412 858 mansuetudinem3

357 890 424 925 ex
452 874 651 924 unione
673 871 1131 930 commissionem,
1148 870 1277 937 quia
1297 868 1416 918 ideo

357 945 503 995 Deus
528 944 696 993 factus
723 951 803 993 est
825 941 972 992 filius
1006 941 1196 1000 David,
1230 950 1290 990 ut
1317 954 1417 989 nos

359 1017 540 1065 salvet.
572 1014 771 1063 Filium
811 1022 990 1063 autem
1034 1011 1201 1062 David
1227 1010 1416 1077 appel-

359 1087 448 1146 lat,
483 1084 613 1151 quia
647 1082 928 1134 Christum
959 1082 1286 1149 promissum
1316 1081 1417 1131 Ju-

357 1155 489 1206 daeis
536 1154 858 1205 descendere
905 1154 972 1204 de
1021 1169 1210 1219 genere
1249 1150 1418 1202 David

356 1225 646 1276 audiverat.
697 1226 890 1290 Magna
922 1224 1054 1273 fides
1100 1223 1418 1273 Chananaeae

354 1298 446 1348 hic
476 1307 706 1358 notatur,
753 1297 879 1363 quia
910 1311 1097 1346 verum
1140 1295 1332 1354 Deum,
1366 1305 1420 1344 et

354 1385 543 1420 verum
571 1369 849 1419 hominem
886 1368 1070 1418 Jesum
1099 1366 1380 1417 confitetur
1405 1381 1420 1415 ι

283 1445 290 1452 ’
354 1441 530 1492 Deum
560 1440 744 1501 credit,
772 1439 866 1491 ubi
908 1437 1201 1489 Dominum
1237 1447 1417 1500 vocat3

353 1513 638 1564 hominem
665 1513 848 1572 credit,
880 1512 975 1562 ubi
1026 1511 1203 1561 filium
1250 1510 1419 1561 David

355 1583 502 1634 dicit.
533 1583 683 1633 Nihil
714 1599 779 1634 ex
808 1582 1000 1633 merito
1032 1583 1286 1648 postulat,
1327 1582 1420 1632 sed

355 1657 531 1708 solum
575 1657 672 1707 Dei
701 1655 1121 1706 misericordiam
1148 1655 1419 1722 efflagitat,

356 1727 540 1778 dicens
585 1744 599 1777 ε
655 1727 925 1778 Miserere
971 1727 1090 1788 mei,
1123 1736 1221 1775 etc.
1255 1725 1421 1784 Quasi

357 1798 553 1849 diceret
587 1816 600 1849 ε
644 1800 762 1848 Non
808 1800 979 1863 allego
1008 1798 1280 1857 meritum,
1312 1813 1421 1846 non

360 1878 480 1934 peto
526 1869 803 1933 judicium,
855 1885 965 1919 non
1008 1868 1295 1919 obliviscor
1321 1869 1423 1918 de-

358 1940 588 2003 fectum3
621 1939 714 1989 sed
752 1940 966 2004 postulo
997 1938 1338 2000 beneficium,
1369 1949 1422 1990 et

340 2011 479 2063 *ideo
510 2012 818 2063 :Miserere
857 2013 976 2064 mei.
1024 2013 1182 2063 Unde
1232 2014 1421 2081 Chry-

358 2089 624 2134 sostomus
658 2102 675 2135 .·
699 2104 721 2130 α
738 2083 1007 2135 Miserere
1033 2084 1150 2147 mei,
1175 2085 1417 2146 Domine,

342 2152 441 2220 fili
470 2154 672 2205 David.
729 2155 776 2205 O
821 2150 1070 2222 praeclara
1119 2154 1417 2205 confessio!

359 2225 697 2291 Evangelista
762 2225 823 2276 fit
876 2226 1069 2277 mulier
1097 2265 1110 2286 ,
1170 2226 1420 2277 deitatem

358 2296 473 2361 ejus
512 2306 561 2347 et
583 2297 1039 2362 dispensationem
1058 2297 1417 2362 annuntians;

357 2370 646 2421 confitetur
685 2370 851 2420 enim‘
877 2381 931 2422 et
975 2364 1419 2431 dominationem,

358 2450 411 2491 et
465 2441 887 2491 Incarnationem
939 2442 1053 2506 ejus
1095 2457 1108 2490 ε
1151 2441 1422 2492 Miserere

357 2515 479 2566 mei.
519 2515 684 2565 Vides
734 2514 1136 2581 philosophiam
1178 2515 1422 2566 mulieris

359 2583 586 2635 dicentis
626 2602 641 2634 z
692 2584 960 2635 Miserere
1007 2585 1126 2636 mei.
1156 2585 1296 2646 Non,
1328 2585 1421 2635 in-

358 2657 497 2722 quit,
531 2658 702 2708 habeo
738 2657 1125 2708 conscientiam
1151 2658 1421 2709 bonorum

358 2743 604 2793 operum,
658 2744 755 2780 nec
801 2738 954 2780 rectae
995 2728 1116 2779 vitae
1145 2728 1419 2779 fiduciam.

358 2800 442 2850 Ad
501 2802 925 2853 misericordiam
984 2801 1236 2868 confugio
1259 2841 1274 2864 ,
1325 2803 1420 2853 ubi

361 2880 528 2920 cessat
576 2872 865 2936 judicium;
898 2873 962 2922 ad
995 2871 1419 2923 misericordiam

361 2940 632 3008 confugio,
677 2945 770 2995 ubi
799 2944 1084 2995 ineffabilis
1128 2945 1272 2995 salus
1299 2956 1378 2996 est
1405 2962 1419 2995 τ

358 3009 629 3063 Miserere
660 3016 780 3064 mei.
809 3013 1052 3064 Modicus
1085 3029 1280 3077 serm0,
1329 3016 1422 3066 sed

361 3081 690 3134 immensum
709 3084 1052 3151 benignitatis
1076 3085 1312 3136 continet
1338 3103 1423 3152 pe·

361 3152 513 3218 lagus
527 3170 542 3215 3
574 3153 668 3202 ubi
715 3154 862 3204 enim
913 3155 1278 3227 misericordia
1315 3172 1420 3221 po-

360 3225 605 3286 stulatur,
637 3225 712 3276 ibi
759 3227 1010 3278 universa
1034 3228 1420 3292 comprehensa

358 3307 486 3347 sunt
530 3297 714 3348 bona:
747 3317 775 3346 n
813 3299 924 3350 haec
976 3299 1418 3366 Chry-sostomus.

357 3367 431 3418 Et
452 3376 513 3418 ut
542 3368 715 3434 magis
734 3384 859 3419 eum
900 3371 965 3419 ad
989 3365 1418 3436 compassionem

356 3449 585 3500 moveat,
615 3449 790 3490 totum
823 3439 871 3490 ei
922 3441 1162 3491 dolorem
1187 3452 1416 3504 enarrat,

357 3509 574 3560 dicens:
598 3510 748 3561 Filia
772 3525 906 3575 mea,
930 3527 1040 3561 non
1071 3512 1280 3574 ancilla,
1310 3529 1419 3563 non

357 3593 622 3646 extranea,
662 3585 753 3635 sed
803 3584 930 3645 filia,
961 3585 1106 3650 quod
1157 3595 1236 3636 est
1278 3586 1419 3636 mihi

357 3656 591 3722 gravius,
634 3658 774 3708 male
808 3663 1059 3721 vexatur,
1114 3674 1224 3708 non
1277 3675 1418 3726 quo-

358 3741 572 3795 cunque
627 3728 837 3791 dolore,
904 3730 995 3779 sed
1039 3744 1074 3779 a
1121 3731 1417 3794 daemonio,

360 3799 504 3862 quod
528 3809 606 3850 est
624 3800 672 3850 ei
703 3799 1071 3867 periculosius
1098 3800 1154 3849 In
1175 3816 1284 3866 quo
1310 3803 1422 3852 vul-

361 3883 489 3919 nera
524 3873 731 3923 medico
755 3873 971 3940 detegit,
999 3883 1051 3924 et
1081 3873 1420 3938 magnitudi-

360 3952 484 3988 nem
502 3951 555 3991 et
573 3943 881 4008 qualitatem
903 3943 1185 4012 morbiqui
1202 3944 1415 4009 premit.

1584 433 1613 485 3
1644 435 1941 485 Sum-mu
1969 436 2194 485 Caius-rr
2224 448 2295 482 An
2320 444 2595 482 consum-

1520 524 1649 558 τιμε
1690 523 1812 558 mus
1852 523 2165 558 noemma
2215 516 2594 555 PERSEVERAN-

1520 596 1757 639 Tainour-2
1789 596 2078 631 noemma.
2106 608 2167 617 —
2201 578 2367 628 Jesus
2412 581 2594 626 autem

1522 665 1624 701 non
1654 650 1928 714 respondit
1949 650 1999 700 ei
2041 649 2274 711 verbum,
2318 663 2431 697 non
2459 657 2593 712 pro-

1520 731 1639 786 pter
1686 720 2145 786 indignationem;
2200 719 2292 769 sed
2355 726 2419 768 ut
2473 716 2596 781 ejus

1522 791 1879 841 constantiam
1908 791 2175 857 probaret,
2206 799 2258 839 et
2302 788 2592 855 probatam

1521 863 1903 924 manifestaret,
1937 874 1989 913 et
2021 874 2081 913 ut
2108 879 2173 914 ex
2197 857 2597 928 perseverantia

1522 932 1579 982 in
1611 949 1770 998 prece
1814 934 2179 984 ostenderetur
2214 931 2346 982 fides
2371 931 2509 995 ejus,
2539 938 2596 979 et

1520 1003 1733 1054 devotio
1759 1003 1982 1070 dignior¹
2015 1019 2077 1054 ex
2108 1002 2402 1053 auditione.
2432 1000 2501 1050 Et
2533 999 2594 1050 in

1521 1074 1617 1125 illo
1668 1074 1904 1136 silenti0,
1968 1074 2266 1125 secundum
2314 1070 2595 1138 Augusti-

1522 1161 1663 1209 num,
1719 1146 1969 1197 Christus
2023 1145 2188 1196 exivit
2245 1146 2411 1194 domo
2461 1158 2595 1194 cum

1520 1216 1820 1282 discipuliS,
1869 1232 2006 1283 quos
2037 1215 2234 1266 mulier
2256 1228 2505 1280 sequens
2536 1212 2598 1263 in

1519 1289 1605 1340 via
1631 1290 1992 1340 nihilominus
2026 1289 2257 1339 instabat
2308 1298 2359 1338 et
2400 1302 2596 1353 perse-

1519 1364 1755 1426 verabat,
1785 1364 2023 1414 clamans
2058 1363 2112 1412 in
2167 1372 2381 1412 tantum
2432 1370 2496 1411 ut
2543 1370 2600 1411 et

1523 1434 1776 1499 discipuli
1827 1434 2071 1501 mysterii
2122 1432 2316 1500 ignari,
2372 1431 2607 1483 miseri—

1526 1505 1707 1556 cordia
1732 1505 1887 1565 moti,
1914 1504 2325 1571 importunitate
2351 1502 2608 1554 mulieris

1525 1576 1673 1637 victi,
1718 1586 1966 1643 rogarent
2031 1592 2128 1643 pro
2166 1592 2243 1637 ea,
2284 1576 2530 1627 dicentes
2586 1592 2605 1626 .·

1524 1650 1749 1700 Dimitte
1809 1664 1961 1713 eam,
2028 1653 2193 1715 q'uam
2260 1657 2417 1699 tenes
2486 1664 2602 1698 non

1524 1721 1875 1781 exaudiend0,
1920 1721 2045 1788 quia
2082 1721 2280 1771 clamat
2317 1725 2452 1787 post
2481 1734 2601 1784 noS,

1524 1809 1634 1859 prae
1675 1794 1922 1859 angustia
1950 1809 2071 1860 quae
2128 1809 2245 1843 eam
2284 1801 2431 1843 tenet
2472 1808 2601 1858 pre-

1526 1865 1742 1915 mend0.
1772 1866 1814 1915 F
1817 1880 1874 1914 ac
1915 1865 2061 1931 quod
2098 1864 2214 1929 ipsa
2247 1863 2398 1930 petit,
2429 1874 2483 1914 et
2520 1863 2600 1914 sic

1525 1938 1769 2003 recedat;
1826 1938 1961 1989 moti
2010 1937 2154 1988 enim
2188 1946 2340 1987 erant
2366 1937 2439 1986 ad
2468 1936 2596 1998 hoc,

1523 2011 1767 2062 videntes
1812 2012 1925 2076 ejus
1952 2010 2112 2062 fidem
2145 2022 2198 2062 et
2226 2011 2599 2063 devotionem.

1523 2082 1681 2132 Jesus
1719 2088 1896 2133 autem
1925 2082 2271 2148 respondens,
2309 2082 2393 2131 ait
2422 2098 2441 2132 .·
2466 2082 2599 2133 Non

1524 2169 1641 2205 sum
1693 2155 1892 2205 missus
1942 2156 2049 2205 nisi
2098 2155 2173 2205 ad
2220 2168 2345 2206 oves
2408 2154 2604 2205 domus

1524 2227 1720 2292 Israel,
1760 2227 1815 2277 id
1858 2237 1937 2278 est
1974 2228 2039 2278 ad
2072 2228 2305 2282 JudaeOS.
2332 2228 2430 2293 qui
2460 2240 2601 2294 per-

1525 2299 1717 2362 ierunt,
1782 2299 1981 2349 scilicet
2010 2314 2103 2365 per
2154 2297 2533 2350 infidelitatem
2572 2315 2603 2350 a

1525 2368 1638 2421 Deo
1667 2369 2005 2432 recedentes;
2034 2369 2100 2419 ad
2130 2369 2253 2419 illos
2283 2369 2470 2435 potius
2499 2385 2601 2421 ve-

1527 2438 1644 2489 nire
1674 2439 1859 2489 debuit
1886 2440 2087 2505 quibus
2130 2440 2435 2505 promissus
2475 2439 2599 2491 fuit.

1527 2513 1590 2563 In
1620 2513 1724 2563 hoc
1763 2513 1896 2564 vitat
1938 2513 2244 2563 scandalum
2280 2514 2599 2564 Judaeorum

1526 2594 1788 2650 quantum
1835 2594 1914 2634 est
1960 2583 2017 2634 in
2059 2599 2132 2643 se,
2182 2592 2234 2633 et
2275 2584 2454 2634 reddit
2502 2598 2599 2634 eos

1526 2655 1933 2705 inexcusabiles,
1954 2654 2223 2721 Loquitur
2243 2654 2311 2704 de
2339 2670 2440 2705 sua
2467 2654 2600 2705 mis-

1525 2726 1678 2776 sione
1713 2727 1779 2776 ad
1829 2724 2229 2791 praedicandum
2269 2725 2328 2775 in
2367 2741 2598 2791 persona

1526 2799 1761 2866 propria,
1789 2799 1918 2865 quia
1944 2815 2054 2848 non
2102 2798 2206 2848 fuit
2235 2799 2441 2850 missus
2482 2799 2594 2852 nisi

1522 2870 1590 2921 ad
1621 2870 1835 2921 Judaeos
1892 2869 2069 2935 primo
2122 2877 2173 2919 et
2220 2871 2595 2935 personaliter,

1524 2941 1617 2992 sed
1646 2955 1711 2990 ex
1739 2939 2089 3005 consequenti
2132 2949 2183 2989 et
2226 2955 2321 3005 per
2349 2941 2594 3006 Aposto-

1526 3013 1625 3071 los,
1657 3011 1723 3061 ad
1753 3012 1952 3061 Gentes
1975 3027 1989 3073 ς
2020 3020 2071 3060 et
2100 3010 2219 3060 ideo
2239 3011 2442 3061 Judaeis
2471 3021 2595 3063 tan-

1526 3097 1690 3149 quam
1732 3097 1920 3132 eorum
1948 3081 2242 3147 Apostolus
2271 3081 2597 3148 principali-

1525 3163 1605 3204 ter
1655 3152 1859 3202 missus
1884 3190 1897 3212 ‚
1960 3152 2013 3201 in
2074 3153 2291 3218 propria
2364 3169 2598 3219 persona

1525 3235 1738 3277 tantum
1781 3225 2108 3291 praedicavit,
2144 3236 2195 3276 et
2218 3226 2490 3289 miracula,
2520 3227 2600 3279 fe·-

1526 3297 1614 3356 cit,
1673 3295 1781 3347 nisi
1829 3295 1886 3346 in
1933 3312 2059 3347 casu
2110 3313 2174 3348 ex
2225 3297 2407 3364 aliqua
2436 3314 2600 3350 causa

1526 3367 1743 3433 speciali
1773 3367 1936 3418 etiam
1972 3368 2110 3418 circa
2161 3368 2297 3418 alios
2336 3368 2444 3419 hoc
2472 3385 2600 3436 age-

1525 3452 1623 3503 ret,
1674 3452 1736 3492 ut
1788 3443 1991 3493 scilicet
2038 3443 2328 3493 Ecclesiam
2384 3442 2446 3493 in
2494 3443 2601 3495 fide

1527 3513 1785 3564 Gentium
1815 3529 1930 3564 esse
1957 3514 2290 3564 fundandam
2343 3515 2602 3566 ostende-

1526 3595 1624 3646 ret,
1658 3586 1796 3637 sicut
1818 3587 2045 3636 habetur
2081 3584 2182 3637 'hic
2214 3597 2267 3637 et
2290 3602 2475 3652 supra,
2502 3588 2597 3638 ubi

1526 3657 1779 3708 Christus
1807 3656 2110 3723 praedicavit
2139 3657 2493 3708 Samaritanis
2511 3659 2603 3709 de·

1525 3740 1648 3780 vote
1674 3745 1799 3791 eum
1828 3729 2248 3795 recipientibus;
2281 3739 2403 3795 post
2441 3745 2598 3781 mor—

1524 3809 1634 3851 tem
1691 3810 1869 3851 autem
1919 3800 2123 3851 Christi
2177 3799 2465 3866 praedicata
2511 3811 2597 3852 est

1522 3873 1656 3925 fides
1679 3874 1891 3940 publice
1919 3874 2245 3925 Gentilibus.

1586 3961 1625 4012 4
1650 3946 1967 3996 Cumana-:22
1991 3961 2297 3996 nummus,
2318 3973 2379 3985 -
2396 3944 2593 3997 Atina
