2757 4413
395 382 499 450 842
593 388 806 444 INDEX
839 393 1098 448 EVANG.
1127 398 1299 450 DOM.
1337 400 1435 451 ET
1467 399 1854 457 FESTORUM
1890 407 2151 460 TOTIUS
2186 410 2377 464 ANNI.

418 507 483 559 In
509 509 677 560 missa
692 512 892 578 prima,
908 516 1079 567 noctis
1098 514 1429 569 Natiuitatis

793 596 1029 649 Domini.

395 678 543 731 Exiit
569 682 802 736 edictum
855 703 885 738 a
930 688 1140 741 Caesare
1188 693 1451 758 August0,

460 762 558 806 etc.
586 756 717 809 Luc.
751 774 801 820 2,
826 775 878 825 p.
917 776 962 821 1,
985 778 1030 812 c.
1057 778 1108 830 9.

522 872 586 921 In
611 873 779 924 missa
810 877 1059 941 secunda,
1084 893 1322 932 aurorae.

403 956 642 1010 Pastores
689 962 1044 1028 loquebantur
1093 967 1159 1017 ad
1199 967 1463 1031 invicem,

454 1038 558 1081 etc.
591 1031 722 1083 Luc.
747 1048 798 1094 2,
824 1049 875 1099 p.
915 1051 960 1095 1,
981 1051 1026 1085 c.
1057 1052 1108 1103 9.

609 1145 673 1196 In
702 1150 861 1200 tertia
888 1150 1070 1216 missa,
1109 1153 1234 1206 diei.

400 1248 436 1283 n
462 1219 800 1301 principioer
811 1248 863 1289 at
876 1239 1137 1305 Verbum,
1161 1254 1259 1294 etc.
1278 1244 1453 1298 Joan.

465 1318 510 1363 1,
540 1319 593 1369 p.
622 1321 668 1368 1,
697 1322 741 1358 c.
776 1323 796 1358 1
827 1318 880 1359 et
902 1325 950 1361 c.
982 1311 1063 1363 18.

393 1421 678 1475 Dominica
686 1424 1110 1551 insrcbgctaisam
1124 1430 1454 1484 Nativitatis

894 1514 1019 1550 mim

395 1576 518 1629 Erat
555 1581 753 1648 Jbseph
795 1594 847 1635 et
881 1586 1048 1638 Maria
1092 1598 1263 1641 mater
1304 1590 1452 1654 Jesu,

455 1657 553 1701 etc.
580 1652 710 1704 Luc.
743 1668 877 1721 2,p.
914 1672 960 1717 1,
989 1673 1035 1708 c.
1066 1674 1147 1710 12.

425 1761 489 1812 In
507 1763 596 1815 die
615 1766 820 1820 Octava
846 1771 1174 1827 Natiuitatis
1189 1778 1426 1833 Domini.

395 1850 642 1906 Pastores
663 1857 1043 1925 loquebantur,
1093 1875 1192 1917 etc.
1237 1869 1369 1920 Luc.
1402 1886 1455 1935 2,

459 1939 512 1990 p.
549 1941 594 1987 1,
628 1943 678 1978 c.
715 1944 766 1996 9.

456 2042 520 2093 In
550 2043 639 2094 die
678 2046 1114 2110 Circumcisionis
1148 2055 1389 2112 Domini.

395 2131 687 2201 Postquam
738 2144 1095 2194 consummati
1150 2157 1279 2198 sunt
1336 2149 1454 2202 dies

454 2214 592 2268 oct0,
621 2218 721 2259 etc.
746 2210 875 2262 Luc.
900 2227 950 2274 2,
974 2229 1026 2279 p.
1064 2231 1110 2280 1,
1135 2234 1180 2268 c.
1211 2234 1294 2272 10.

575 2326 639 2377 In
681 2327 887 2394 Vigilia
906 2331 1247 2399 Epiphaniae.

388 2411 650 2465 Defuncto
681 2417 908 2480 Herode,
937 2421 1177 2487 Angelus
1221 2426 1449 2481 Domini

448 2485 715 2549 apparuit,
766 2498 864 2538 etc.
909 2490 1110 2544 Matth.
1152 2509 1203 2555 2,
1236 2511 1288 2562 p.
1327 2512 1373 2559 1,
1404 2514 1448 2551 c.

459 2568 478 2602 1

487 2568 542 2618 4
543 2645 607 2697 In
646 2647 734 2699 die
756 2650 909 2714 sesto
947 2653 1292 2721 Epiphaniae.

389 2732 528 2784 Cum
547 2746 704 2791 natus
724 2751 862 2792 esset
880 2742 1034 2794 Jesus
1051 2744 1109 2795 in
1132 2746 1450 2801 Bethlehem

449 2802 618 2866 Judae,
646 2817 744 2858 etc.
769 2809 968 2863 Matth.
993 2828 1044 2874 2,
1062 2829 1114 2880 p.
1153 2831 1196 2878 1,
1227 2831 1272 2867 c.
1304 2833 1385 2868 11.

386 2911 670 2966 Dominica
709 2918 854 2971 intra
885 2922 1142 3006 Octavam
1197 2927 1451 2995 Epipha-

850 3008 972 3047 nzoe.

388 3075 528 3125 Cum
573 3077 727 3129 Jesus
767 3079 938 3133 factus
990 3094 1127 3137 esset
1175 3101 1446 3141 annorum

447 3147 749 3270 dgodecim,
801 3162 904 3204 etc.
955 3156 1085 3208 Luc.
1125 3173 1178 3222 2,
1211 3175 1262 3224 p.
1313 3176 1358 3223 1,
1388 3177 1439 3215 c.

456 3232 475 3267 1

583 3309 668 3359 In·
678 3309 879 3361 Octava
909 3313 1252 3380 Epiphanioe.

381 3403 543 3455 Venit
567 3406 720 3457 Jesus
748 3422 779 3458 a
802 3408 1054 3461 Galilaea
1041 3428 1099 3462 1n
1133 3414 1440 3480 Jordanem‚

431 3485 547 3528 aete.
575 3478 756 3531 Mare.
794 3497 839 3543 1,
872 3498 924 3548 p.
953 3499 998 3544 1,
1026 3498 1070 3535 c.
1081 3501 1190 3538 21.

442 3594 724 3649 Dominica
749 3597 815 3649 II
826 3605 957 3664 post
989 3598 1375 3666 Epiphaniam.

380 3691 591 3758 Nuptiae
606 3693 755 3746 factae
776 3708 906 3749 sunt
927 3697 985 3748 in
1014 3698 1162 3750 Cana
1182 3700 1439 3764 Galilaeae,

443 3763 1157 3836 etc..Joan2,.,..p1c29

690 3882 974 3936 Dominica
1014 3884 1125 3936 III.

387 3976 528 4029 Cum
566 3980 922 4036 descendisset
964 3986 1119 4038 Jesus
1145 3986 1214 4038 de
1252 3956 1436 4037 monte

1626 528 1723 570 etc.
1746 520 1945 573 Matth.
1966 522 2017 584 8,
2044 540 2096 589 p.
2129 541 2174 586 1,
2206 540 2253 577 c.
2287 543 2373 593 41·

1872 615 2156 667 Dominica
2205 619 2242 668 I
2250 619 2310 670 V

1562 700 1895 753 Ascendente
1918 704 2043 755 Jesu
2084 704 2141 755 in
2174 708 2477 773 naviculam,
2507 722 2589 762 etc.

1625 770 1827 823 Matth.
1858 772 1910 834 8,
1942 790 1994 840 p.
2028 791 2072 836 1,
2102 792 2148 828 c.
2173 776 2264 842 46.

1903 890 2187 943 Dominica
2222 894 2282 945 V.

1564 987 1754 1039 Simile
1780 1000 1859 1041 est
1878 1006 2103 1057 regnum
2124 993 2383 1043 coelorum
2408 993 2593 1043 homini

1626 1058 1722 1125 qui
1742 1062 2056 1181 se6minavit,
2080 1072 2181 1113 etc.
2224 1062 2419 1114 Matth.
2455 1064 2528 1131 13,
2550 1080 2595 1129 p.

1637 1146 1681 1192 1,
1711 1147 1738 1181 c
1822 1148 1876 1197 4.

1893 1221 2178 1299 Dominica
2210 1249 2302 1300 VI.

1562 1337 1752 1392 Simile
1775 1352 1858 1393 est
1897 1358 2121 1410 regnum
2164 1347 2422 1397 coelorum
2449 1362 2594 1413 grano

1626 1409 1849 1477 sinapis,
1902 1424 2003 1465 etc.
2033 1415 2235 1467 Matth.
2276 1416 2359 1481 13,
2398 1434 2449 1483 p.
2485 1434 2525 1469 1.
2550 1432 2589 1467 c.

1625 1478 1718 1546 64

1684 1599 1967 1651 Dominica
1989 1602 2042 1650 in
2063 1602 2491 1669 septuagesima.

1561 1693 1752 1747 Simile
1777 1707 1858 1748 est
1882 1713 2113 1765 regnum
2133 1701 2391 1752 coelorum
2411 1700 2594 1753 homini

1625 1769 2011 1836 patrifamiliaS,
2042 1782 2140 1823 etc.
2160 1773 2363 1827 Matth.
2386 1791 2467 1837 20,
2488 1791 2533 1840 p.
2552 1789 2596 1834 2,

1626 1854 1671 1890 c.
1703 1855 1782 1905 14.

1694 1960 1980 2014 Dominica
2009 1964 2063 2013 in
2092 1964 2472 2030 Sexagesima.

1560 2052 1711 2104 Exiit
1738 2055 1834 2122 qui
1884 2057 2117 2109 seminat
2145 2059 2412 2111 seminare
2432 2073 2592 2109 semen

1621 2142 1803 2188 suum,
1830 2138 1926 2179 etc.
1950 2130 2081 2182 Luc.
2113 2130 2165 2191 8,
2187 2147 2240 2197 p.
2279 2147 2325 2193 1,
2354 2148 2402 2182 c.
2435 2131 2516 2196 64.

1649 2246 1937 2300 Dominica
1966 2248 2018 2298 in
2041 2248 2514 2316 Quinquagesima.

1557 2345 1867 2412 Assumpsit
1892 2348 2043 2398 Jesus
2069 2348 2355 2399 duodecim
2378 2349 2593 2414 discipu-

1621 2418 1719 2480 los,
1749 2427 1849 2469 etc.
1878 2419 2009 2469 Luc.
2046 2418 2127 2480 18,
2160 2435 2213 2485 p.
2244 2436 2296 2481 2,
2326 2436 2375 2472 c.
2405 2436 2486 2471 21.

1746 2537 1915 2588 Feria
1937 2545 2134 2604 quarta
2156 2539 2427 2592 Cinerum.

1559 2630 1697 2684 Cum
1717 2634 1985 2700 jejunatiS,
2008 2637 2175 2688 nolite
2198 2637 2316 2690 fieri
2340 2640 2491 2701 sicut,
2510 2649 2590 2690 etc.

1620 2703 1822 2757 Matth.
1849 2704 1901 2767 6,
1932 2723 1984 2772 p.
2019 2723 2064 2771 1,
2090 2722 2137 2759 c.
2170 2707 2258 2760 36.

1888 2823 2055 2873 Feria
2079 2798 2302 2889 quinta.

1557 2917 1694 2967 Cum
1720 2915 1995 2969 introisset
2026 2919 2180 2970 Jesus
2220 2920 2587 2987 Capharnaum

1619 2995 1715 3037 etc.
1740 2986 1940 3040 Matth.
1961 2988 2013 3049 8,
2049 3005 2101 3054 p.
2133 3006 2177 3050 1,
2204 3005 2253 3041 c.
2278 3005 2369 3055 42.

1900 3105 2069 3156 Fer-ia
2091 3112 2273 3158 sexta.

1551 3203 1795 3254 Audistis
1817 3203 1945 3269 quia
1974 3204 2179 3255 dictum
2207 3215 2289 3256 est
2313 3206 2543 3273 antiquis
2572 3219 2583 3252 :

1615 3272 1819 3338 Diliges
1848 3273 2177 3339 proximum,
2208 3285 2307 3326 etc.
2346 3272 2581 3328 Matini»

1615 3352 1667 3393 et
1696 3341 1750 3404 6,
1777 3354 1925 3410 parte
1951 3361 1997 3406 1,
2027 3361 2074 3396 c.
2107 3345 2173 3396 35
2204 3356 2258 3397 et
2277 3345 2363 3399 36.

1727 3458 1748 3483 ²
1949 3462 2210 3532 sabbato,

1550 3560 1691 3610 Cum
1714 3575 1835 3610 sero
1854 3571 2011 3621 esset,
2032 3572 2145 3613 erat
2163 3564 2313 3625 navis
2332 3563 2388 3614 in
2412 3562 2584 3616 medio,

1615 3639 1719 3681 etc.
1741 3630 1926 3682 Marc.
1957 3629 2009 3691 6,
2029 3647 2081 3696 p.
2113 3647 2157 3692 1,
2178 3649 2222 3683 c.
2245 3632 2333 3700 69.

1693 3747 1977 3798 Dominica
2015 3747 2469 3814 Quadragesimoe

1794 3818 1978 3883 prima
2008 3835 2026 3868 .-
2048 3818 2343 3870 Invocavit.

1549 3914 1756 3965 Ductus
1784 3925 1863 3966 est
1890 3917 2041 3967 Jesus
2062 3915 2120 3966 in
2146 3915 2416 3967 desertum
2435 3930 2465 3966 a
2482 3910 2575 3979 Spi-

1611 3986 1741 4050 ritu,
1768 3996 1866 4038 etc.
1893 3986 2099 4039 Matth.
2127 4002 2180 4052 4,
2204 4003 2257 4055 p.
2295 4002 2342 4050 1,
2367 4002 2412 4039 c:
2438 4001 2515 4036 22.
