2757 4413
557 301 652 351 DE
676 298 962 351 FRATRE
991 297 1320 351 PETENTE
1351 294 1566 346 DIVIDI
1598 292 2128 345 HEREDITATEM.

233 418 475 484 reposita
523 428 577 468 et
628 427 943 484 congregata
986 416 1050 466 ad
1106 415 1302 464 obser-

241 492 479 542 vandum
514 504 685 549 avare,
717 505 826 538 non
867 489 932 538 ad
975 485 1302 552 erogandum

242 561 423 620 libere,
450 561 508 610 in
548 574 721 610 annos
743 558 1030 626 plurimos.
1061 555 1164 607 Ubi
1199 554 1307 622 Cy-

237 633 401 685 rillus
443 651 460 683 .-
509 651 536 678 a
573 633 733 682 Dives
783 632 947 697 igitur
998 645 1108 680 non
1160 637 1305 694 parat

241 703 612 771 permanentia
638 704 847 763 horrea,
873 703 967 752 sed
983 702 1204 763 caduca;
1235 708 1303 758 et,

240 777 386 842 quod
441 775 664 825 stultius
699 784 797 833 est,
847 773 967 824 vitae
1014 772 1118 823 sibi
1167 781 1307 822 taxat

242 846 662 912 longitudinem.
695 845 818 905 Sed,
853 860 885 894 ο
912 843 1080 904 dives,
1103 841 1306 892 fructus

238 916 460 983 quidem
485 916 693 967 habes
680 933 737 966 in
759 915 987 976 horreiS,
1015 914 1108 964 sed
1135 928 1307 963 annos

240 990 506 1054 plurimos
551 991 696 1040 unde
741 989 939 1055 poteris
971 987 1239 1039 obtinere?
1278 1006 1304 1033 n

240 1060 342 1111 Hic
391 1060 640 1126 arguitur
699 1059 1015 1111 habentium
1071 1057 1306 1108 redditus

240 1134 344 1185 sibi
374 1133 701 1184 sufficientes
740 1132 1178 1199 reprehensibilis
1211 1131 1306 1180 de-

241 1203 422 1270 tentiO,
479 1215 532 1255 et
591 1205 832 1256 collectio
889 1219 1053 1270 supra
1100 1217 1306 1253 annum

238 1291 448 1338 eorum,
480 1293 606 1342 quae
644 1276 876 1342 singulis
898 1276 1059 1328 annis
1085 1276 1307 1326 redeunt

240 1357 291 1398 et
319 1346 671 1397 innovantur.

299 1434 338 1481 4
368 1418 637 1476 Qua-ruo».
664 1433 824 1479 κΛιΑ,
853 1433 973 1475 Qua-.-
1011 1432 1190 1467 mcun·
1230 1430 1308 1464 m-

240 1504 502 1539 vrrxanuu
529 1503 881 1539 insunuans.
911 1515 972 1525 -
1004 1488 1069 1538 Et
1093 1487 1308 1550 subjun-

240 1559 319 1624 git
370 1575 383 1609 :
434 1558 748 1624 Requiesce,
790 1559 990 1609 scilicet
1045 1573 1077 1606 a
1131 1556 1309 1605 labore

242 1628 334 1677 ubi
371 1628 507 1692 pesti
530 1628 762 1678 avaritia:
785 1639 990 1695 pestem
1015 1627 1189 1693 jungit
1215 1627 1309 1675 de-

243 1699 428 1763 sidiae;
495 1710 557 1749 ut
611 1715 707 1749 nec
764 1716 862 1766 pro
891 1738 894 1739 γ
924 1697 1308 1765 temporalibus

241 1769 415 1820 Deum
479 1770 803 1835 interpellet,
858 1786 974 1820 ecce
1034 1769 1305 1830 otiositas;

240 1841 472 1904 comede,
519 1856 639 1890 ecce
684 1841 965 1907 gulosita55
1020 1842 1149 1902 bibe,
1193 1856 1309 1892 ecce

243 1912 503 1977 ebrietas;
545 1913 780 1977 epulare,
807 1912 1082 1978 splendide
1124 1923 1175 1962 et
1213 1929 1309 1963 su-

243 1983 404 2048 perbe
439 1998 640 2049 magno
686 1983 998 2033 deliciarum
1038 1994 1309 2049 apparatu,

242 2053 334 2103 ubi
371 2053 641 2119 praedictis
667 2053 823 2103 malis
850 2049 1310 2104 etiam‘lasciviam

244 2133 293 2174 et
318 2125 651 2190 voluptatem
686 2124 849 2185 addit,
897 2140 1013 2174 ecce
1041 2139 1311 2173 comessa-

245 2194 407 2245 tionis
451 2194 747 2245 celebritaS.
805 2193 904 2245 Hic
958 2210 1085 2261 ergo
1129 2193 1311 2259 expri-

244 2279 471 2320 muntur
498 2280 731 2336 quatuor
763 2269 902 2320 mala
942 2285 1063 2335 quae
1103 2267 1313 2318 evenire

245 2341 420 2390 solent
476 2356 542 2389 ex
599 2339 908 2389 divitiarum
970 2339 1309 2389 abundantia.

244 2410 385 2462 Haec
399 2410 523 2475 suit
550 2410 803 2476 iniquitas
834 2396 1102 2471 sedem,
1136 2424 1313 2476 super-

245 2482 351 2545 bia,
387 2482 444 2531 in
481 2482 803 2548 epulatione,
845 2482 1106 2533 saturitas
1128 2481 1310 2547 panis,

245 2553 300 2604 in
351 2555 705 2616 comestione,
759 2562 812 2606 et
856 2555 1203 2615 abundantia,
1256 2553 1312 2602 in

245 2626 517 2687 ebrietate,
555 2634 606 2676 et
637 2628 819 2689 otium,
866 2627 923 2677 in
965 2626 1166 2693 requie.
1208 2625 1311 2676 Ubi

247 2697 397 2747 Beda
437 2713 455 2747 .·
498 2716 529 2744 α
567 2698 667 2749 Cui
710 2698 886 2748 simile
938 2707 1017 2748 est
1063 2697 1208 2763 quod
1256 2695 1313 2745 in

245 2769 624 2822 Ecclesiastico
672 2772 865 2837 legitur
901 2788 915 2821 :
953 2771 1060 2821 Est
1104 2770 1195 2836 qui
1229 2770 1313 2820 lo-

246 2840 550 2905 cupletat-ur
561 2856 730 2907 parce
756 2841 987 2907 agenda,
1014 2847 1065 2890 et
1090 2841 1203 2891 haec
1234 2846 1315 2889 est

236 2924 378 2974 pars
405 2912 668 2962 mercedis
699 2911 846 2961 illius
874 2911 927 2961 in
964 2925 1025 2960 eo
1062 2910 1202 2975 quod
1225 2909 1313 2959 di-

246 2981 318 3032 cit
346 2999 368 3032 .·
400 2982 590 3034 Inveni
627 2983 857 3049 requiem
898 2981 1041 3044 milti,
1085 2988 1135 3031 et
1179 2995 1315 3031 nunc

246 3053 583 3104 manducabo
618 3054 684 3103 de
722 3053 871 3104 bonis
899 3051 1030 3102 meis
1055 3051 1203 3103 solus
1218 3069 1238 3114 ;
1265 3058 1316 3101 et

245 3124 415 3175 nescit
440 3124 582 3190 quod
604 3129 809 3190 tempus
820 3123 1118 3190 praeteriet,
1148 3128 1201 3172 et
1222 3137 1315 3181 re-

246 3194 456 3260 linquat
500 3196 677 3245 omnia
707 3195 867 3248 ,aliia
923 3214 950 3242 2>
1008 3194 1313 3245 Secundum

246 3269 499 3319 eumdem
523 3269 743 3332 Bedam,
776 3283 885 3318 non
912 3265 1315 3333 reprehenditur

246 3337 344 3390 iste
387 3340 537 3391 dives
572 3340 630 3389 in
674 3355 758 3402 eo,
792 3339 941 3406 quod
981 3349 1176 3389 terram
1217 3353 1311 3387 co-

244 3414 404 3466 luerit
445 3426 501 3466 et
543 3414 747 3465 fructus
790 3428 998 3463 servare
1053 3410 1308 3472 voluerit;

242 3490 335 3540 sed
358 3490 509 3555 quod
529 3505 744 3540 omnem
771 3488 894 3538 vitae
919 3500 1028 3536 suae
1059 3484 1311 3535 fiduciam

243 3561 299 3611 in
344 3578 445 3613 sua
494 3561 823 3613 abundantia
869 3557 1139 3626 posuerit;
1191 3557 1309 3606 fru-

241 3645 471 3699 ctusque
515 3644 672 3685 natos
709 3633 915 3684 fructus
955 3646 1084 3682 suos
1123 3640 1176 3680 et
1215 3644 1311 3679 sua

245 3705 388 3756 bona
426 3716 767 3771 computanS,
801 3702 944 3755 nihil
986 3700 1310 3782 pauperibus

246 3791 466 3844 erogare
516 3775 880 3836 constituerit,
933 3775 1081 3840 juxta
1132 3772 1312 3837 impe-

250 3850 392 3901 rium
431 3850 676 3912 Domini,
713 3848 991 3899 dicentis:
1027 3846 1185 3908 Quod
1217 3859 1314 3895 su-

248 3928 426 3987 perest
445 3922 573 3974 date
589 3920 993 3987 eleemosynam,
1010 3919 1102 3973 sed
1120 3932 1234 3969 suae
1254 3916 1313 3967 in

2367 305 2464 359 70Ι

1406 412 1649 461 futurum
1682 409 2032 475 eleemosynae
2060 420 2325 457 reservare
2355 415 2473 454 stu-

1408 481 1601 531 duerit.
1631 480 1752 539 Sed,
1785 488 1843 528 ut
1884 478 2010 528 dicit
2043 476 2304 538 BasiliuS,
2339 477 2470 525 dum

1410 554 1465 603 in
1486 553 1797 603 abscondito
1834 552 2093 618 loquitur,
2119 549 2331 615 eloquia
2360 550 2471 613 ejus

1408 624 1806 686 examinantur,
1860 623 2000 672 unde
2058 620 2160 671 sibi
2220 635 2474 683 responsa

1410 695 1747 761 proveniunt.
1775 694 2029 760 Sequitur
2061 693 2208 743 enim
2253 709 2266 742 z
2309 693 2477 743 Dixit

1409 773 1583 817 autem
1616 767 1699 817 illi
1729 767 1895 827 DeuS,
1927 765 1980 814 id
2022 774 2102 814 est
2145 763 2473 814 contrarium

1410 854 1521 888 suae
1568 836 1877 903 cogitationi
1922 835 2065 896 fecit,
2112 835 2284 884 dicere
2325 835 2471 883 enim

1411 911 1540 971 Dei,
1597 911 1763 961 facere
1817 920 1926 969 est,
1982 909 2278 959 secundum
2338 908 2473 959 illud

1413 983 1609 1032 Psalmi
1642 1000 1658 1032 2
1686 983 1811 1047 Ipse
1852 981 1999 1031 dixit
2044 987 2095 1032 et
2127 981 2287 1046 facta
2330 985 2470 1029 sunt.

1411 1083 1471 1092 —
1504 1055 1695 1116 Stulte,
1744 1053 1838 1120 qui
1882 1068 1993 1101 non
2025 1052 2225 1118 cogitas
2270 1051 2334 1099 de
2376 1049 2472 1100 Dei

1411 1126 1754 1179 Providentia
1803 1135 1855 1176 et
1903 1125 2123 1192 justitia.
2172 1125 2277 1176 Ubi
2330 1124 2474 1172 idem

1413 1203 1654 1254 Basilius
1686 1220 1704 1253 .·
1740 1220 1769 1249 ιι
1806 1200 1948 1251 Audi
2002 1200 2326 1251 conveniens
2376 1196 2473 1247 tibi

1410 1275 1647 1327 stultitiae
1701 1290 1922 1334 nomen,
1965 1275 2107 1340 quod
2151 1274 2250 1323 tibi
2297 1272 2476 1321 nullus

1412 1349 1643 1415 imponit
1683 1347 1988 1410 hominum,
2017 1347 2109 1397 sed
2152 1347 2266 1411 ipse
2312 1346 2473 1405 DeuS,

1411 1421 1511 1471 hac
1534 1427 1685 1471 nocte
1707 1425 1957 1486 repetent,
1983 1418 2184 1468 scilicet
2209 1427 2477 1467 exactores

1411 1501 1465 1540 et
1514 1491 1818 1550 daemones,
1857 1505 1895 1540 a
1937 1497 1990 1540 te
2033 1489 2267 1538 animam
2310 1494 2475 1548 tuam,

1410 1572 1666 1628 tanquam
1712 1579 1866 1613 suam
1912 1572 1965 1612 et
2005 1560 2110 1611 sibi
2154 1576 2249 1626 per
2289 1574 2475 1624 pecca-

1411 1644 1529 1684 tum
1567 1634 1841 1684 venditam
1880 1643 1933 1684 et
1972 1632 2282 1697 obligatam,
2310 1641 2370 1680 ut
2411 1631 2476 1680 de

1411 1715 1584 1754 cetero
1630 1715 1844 1770 tempus
1895 1719 2005 1753 non
2048 1700 2243 1752 habeas
2288 1715 2477 1750 emen-

1413 1775 1577 1824 dandi
1631 1785 1686 1825 et
1738 1786 1790 1825 te
1850 1770 2164 1825 redimendi.
2222 1772 2376 1821 Unde
2421 1771 2477 1819 in

1416 1845 1780 1896 Ecclesiastico
1813 1862 1828 1895 ε
1857 1845 2015 1896 Nihil
2051 1843 2284 1909 iniquius
2319 1857 2478 1907 quam

1413 1933 1599 1969 amare
1617 1919 1915 1984 pecuniam,
1955 1916 2040 1968 hic
2075 1917 2211 1966 enim
2246 1916 2479 1965 animam

1415 2004 1566 2038 suam
1599 1991 1831 2040 venalem
1873 1989 2044 2039 habet.
2075 2007 2102 2034 n
2140 1988 2244 2038 Ubi
2279 1987 2430 2037 Beda
2461 2003 2480 2037 x

1418 2082 1441 2107 «ι
1487 2061 1595 2120 Qui
1624 2062 1793 2112 multa
1835 2060 1932 2110 tibi
1976 2060 2292 2110 deliciarum
2337 2069 2479 2109 tem-

1416 2148 1547 2198 pora
1586 2132 1952 2199 promittebas,
1983 2132 2225 2197 proxima
2253 2132 2351 2181 hac
2379 2147 2481 2181 no-

1415 2214 1495 2254 cte
1528 2216 1699 2255 morte
1728 2200 2019 2269 praereptus
2050 2202 2169 2253 aliis
2202 2218 2481 2267 congrega·

1416 2286 1470 2325 ta
1489 2275 1777 2340 relinques.
1808 2275 1934 2324 Haec
1952 2289 1983 2324 a
2010 2274 2120 2323 Deo
2144 2275 2209 2323 ad
2235 2274 2482 2323 homines

1415 2344 1588 2394 dicere
1626 2354 1709 2394 est
1755 2358 1941 2409 pravas
1968 2344 2082 2409 ejus
2129 2342 2480 2393 machinatio·-

1417 2430 1512 2465 nes
1554 2414 1733 2465 subita
1766 2413 2225 2464 animadversione
2257 2428 2480 2477 compe-

1417 2501 1576 2536 scere.
1625 2485 1751 2535 Dies
1806 2484 1952 2535 enim
2003 2484 2179 2535 exitus
2222 2495 2479 2549 tanquam

1416 2556 1502 2606 fur
1531 2557 1586 2606 in
1628 2567 1779 2608 nocte
1805 2556 2234 2620 comprehendit,
2262 2556 2481 2620 quando

1418 2628 1705 2677 stultorum
1742 2627 1951 2678 animas
1980 2626 2160 2676 futura
2199 2642 2308 2675 non
2335 2640 2478 2690 prae·-

1420 2699 1734 2749 meditantes
1761 2697 1921 2763 ejicit.
1950 2717 1972 2743 ι
2005 2698 2161 2748 Unde
2183 2707 2233 2748 et
2259 2697 2480 2761 Grego-

1416 2769 1534 2819 rius
1560 2787 1577 2819 .·
1609 2790 1633 2816 ιι
1660 2769 1857 2819 Eadem
1885 2768 2034 2819 enim
2063 2778 2143 2818 est
2166 2777 2320 2817 nocte
2347 2768 2482 2816 sub-

1417 2844 1574 2903 latuS‚
1600 2842 1694 2909 qui
1733 2844 1903 2893 multa
1933 2842 2104 2892 fuerat
2125 2843 2483 2908 praestolatus,

1418 2922 1479 2963 ut
1504 2912 1703 2963 scilicet
1724 2913 1817 2979 qui
1844 2913 1901 2963 in
1927 2913 2148 2979 longum
2182 2912 2285 2962 sibi
2311 2912 2483 2962 subsi-

1417 2982 1507 3032 dia
1558 2982 1854 3049 colligendo
1897 2983 2239 3050 prospiceret,
2286 2983 2483 3034 subse*

1418 3064 1672 3119 quentem
1717 3055 1862 3105 diem
1907 3055 1990 3104 vel
2034 3070 2203 3104 unum
2253 3054 2482 3104 minime

1418 3124 1636 3175 videret.
1684 3126 1743 3174 In
1779 3134 1932 3175 nocte
1973 3135 2150 3176 autem
2188 3125 2360 3175 ablata
2399 3132 2485 3176 est.

1417 3196 1613 3256 anima,
1660 3212 1781 3262 quae
1830 3197 1888 3246 in
1934 3197 2254 3248 obscuritate
2302 3195 2485 3246 cordis

1417 3276 1497 3316 est
1520 3267 1715 3318 evulsa.
1748 3269 1811 3318 In
1847 3278 2000 3318 nocte
2027 3269 2202 3318 ablata
2227 3277 2324 3327 est,
2357 3281 2485 3331 quae

1417 3338 1859 3390 considerationis
1907 3340 2083 3391 lucem
2129 3340 2325 3389 habere
2374 3354 2481 3386 no—

1417 3409 1537 3470 luit,
1566 3420 1626 3460 ut
1656 3412 1800 3477 quod
1847 3412 1953 3478 pati
1991 3421 2193 3478 poterat
2221 3409 2486 3475 praevide-

1416 3493 1532 3533 ret:
1562 3503 1586 3529 ιι
1619 3484 1734 3535 haec
1772 3485 2092 3552 Gregorius.
2132 3485 2267 3545 Quae
2308 3488 2487 3532 autem

1407 3557 1626 3622 parasti
1670 3558 1822 3624 cujus
1870 3556 2073 3610 erunt?
2122 3555 2288 3615 Quasi
2337 3554 2488 3604 dice-

1415 3637 1541 3677 ret.
1527 3645 1539 3656 ·
1573 3629 1695 3678 Non
1734 3638 1894 3679 erunt
1918 3637 2027 3688 tua,
2052 3628 2179 3693 quia
2212 3642 2323 3675 non
2369 3640 2486 3689 por-

1413 3698 1553 3749 tabis
1590 3714 1651 3749 ea
1683 3710 1877 3760 tecum,
1909 3699 2049 3750 solas
2080 3697 2227 3747 enim
2267 3694 2489 3746 divitias

1414 3771 1672 3822 virtutum
1702 3781 1876 3837 portat
1901 3771 2068 3820 homo
2095 3783 2295 3818 secum.
2326 3766 2487 3817 Unde

1419 3843 1882 3909 Chrysostomus:
1919 3862 1942 3887 α
1984 3839 2082 3889 Hic
2116 3836 2265 3887 enim
2297 3852 2357 3887 ea
2385 3838 2485 3886 de-

1414 3931 1576 3978 seres,
1602 3930 1718 3967 non
1749 3913 1924 3963 solum
1963 3909 2179 3960 nullum
2226 3908 2352 3959 inde
2392 3921 2488 3972 per
