2757 4413
322 238 429 302 480

323 364 540 421 propter
567 353 755 403 odium
785 365 1024 417 personae
1062 347 1394 398 determina-

320 437 403 485 tae,
431 435 483 475 et
527 433 654 474 tunc
681 433 764 473 est
795 437 1007 487 semper
1053 419 1392 485 fugiendum,

322 496 465 546 sicut
489 495 684 545 Paulus
708 493 1050 560 quaerebatur
1078 493 1142 540 ad
1163 499 1394 540 mortem

323 569 377 617 in
427 569 703 616 Damasco.
766 565 924 625 Quod
974 573 1117 629 patet
1160 578 1225 611 ex
1270 561 1392 620 hoc,

316 640 446 706 quia
489 638 580 688 alii
625 637 808 689 fideles
839 634 1284 703 permittebantur
1314 633 1390 683 ibi

317 711 535 777 pacifice
606 709 877 772 habitare,
934 708 1027 757 sed
1082 706 1394 772 quaerebant

319 783 496 832 solum
560 780 792 830 Paulum
870 778 1186 828 interficere.
1268 776 1391 826 Ideo

315 851 576 901 dimissus
621 866 652 901 a
707 849 959 899 fratribus
1011 862 1111 913 per
1150 862 1389 905 murum,

313 923 454 988 fugit
533 921 958 988 persecutionem
1022 917 1384 984 personalem;

317 1010 426 1043 non
480 993 720 1043 timendo
779 990 1203 1057 persecutionem
1230 1027 1244 1049 ‚
1296 989 1390 1039 sed

320 1063 500 1120 potius
555 1062 893 1121 declinandO,
941 1071 1003 1110 ut
1054 1060 1241 1110 multis
1274 1057 1393 1125 p'ro-

316 1137 512 1185 desset.
595 1136 781 1200 Itaque
843 1150 954 1184 non
1013 1142 1093 1183 est
1147 1131 1394 1198 imperfe-

316 1207 512 1257 ctionis
562 1206 744 1272 fugere
784 1205 1083 1256 secundum
1122 1204 1390 1254 dictamen

318 1290 469 1331 rectae
497 1279 721 1330 rationis
757 1280 824 1329 ad
858 1289 1071 1344 tempus
1094 1277 1389 1336 salubrius,

318 1362 379 1401 ut
409 1353 639 1402 salvetur
667 1350 878 1416 fugiens
908 1351 975 1401 ad
1015 1351 1242 1415 majores
1279 1349 1392 1398 fru-

314 1435 450 1475 ctus.
480 1424 785 1491 Aliquando
821 1435 999 1475 autem
1048 1439 1158 1473 non
1206 1424 1388 1472 solum

316 1508 396 1547 est
435 1496 733 1562 persecut-io
791 1512 1051 1562 personae,
1092 1495 1184 1544 sed
1223 1495 1388 1544 *etiam

314 1566 517 1633 fideiet
560 1567 808 1632 justitiae3
862 1576 917 1616 et
958 1576 1087 1615 tunc
1128 1564 1172 1614 si
1222 1564 1389 1615 homo

315 1637 570 1703 percipiat
608 1637 959 1703 probabiliter
997 1635 1141 1700 quod
1165 1649 1231 1684 ex
1262 1632 1420 1699 fuga*

315 1722 413 1757 sua
454 1717 708 1773 sequatur
763 1705 963 1757 derisio
1017 1704 1140 1754 fidei
1189 1712 1243 1753 et
1290 1704 1388 1754 de-

319 1778 524 1843 pressio
565 1776 802 1843 justitiae,
850 1775 977 1841 fuga
1009 1785 1091 1825 est
1131 1774 1287 1834 mala,
1335 1784 1389 1825 et

316 1858 590 1913 peccatum
632 1847 883 1909 mortale3
943 1845 990 1895 si
1045 1854 1226 1895 autem
1275 1859 1385 1894 non

310 1929 561 1985 appareat
603 1919 706 1968 hoc
733 1917 1103 1984 probabiliter,
1141 1917 1235 1966 sed
1263 1931 1386 1966 ma-

314 1991 398 2056 gis
451 1988 808 2048 contrarium,
860 1998 1079 2053 utpote,
1131 1985 1262 2051 quia
1319 2001 1385 2037 ex

314 2060 440 2126 fuga
483 2058 577 2109 tali
614 2068 790 2124 potest
833 2057 960 2108 alibi
1024 2055 1141 2107 fieri
1179 2055 1385 2108 utilitas

315 2131 583 2191 Ecclesiae,
627 2145 694 2180 ex
733 2129 1014 2180 mansione
1061 2138 1241 2178 autem
1270 2144 1381 2179 non

309 2202 555 2262 habetur,
611 2199 718 2251 nisi
773 2198 967 2251 occisio
1006 2197 1381 2249 ministrorum

311 2273 576 2331 Ecclesioe,
631 2281 684 2322 et
743 2270 1079 2322 conculcatio
1124 2269 1410 2321 articulo··

308 2339 432 2395 rum
493 2344 618 2394 fidei
672 2344 739 2394 ab
792 2343 1075 2394 obstinatis
1139 2341 1378 2393 infideli-

310 2415 427 2476 bus,
480 2426 609 2466 tunc
659 2425 739 2466 est
769 2414 1088 2481 fugiendum
1140 2423 1193 2464 et
1220 2409 1223 2410 ⁷
1246 2413 1377 2464 alibi

309 2488 698 2553 proficiendum
775 2505 789 2538 ε
863 2487 962 2553 qui
1039 2486 1187 2537 enim
1265 2502 1376 2536 non

307 2569 482 2622 potest
522 2558 579 2608 in
624 2575 732 2609 uno
778 2559 898 2610 loco
942 2557 1231 2624 proficere,
1282 2558 1380 2608 de-

310 2633 396 2682 bet
434 2633 499 2681 ad
549 2632 718 2682 alium
775 2632 1021 2682 transire.
1056 2631 1212 2682 Unde
1255 2632 1376 2681 Au-

306 2703 560 2767 gustinus
612 2720 629 2752 .-
687 2721 714 2749 (ι
771 2703 988 2752 Faciant
1053 2716 1179 2767 ergo
1235 2701 1377 2752 servi

306 2773 512 2825 Christi
542 2774 686 2840 quod
724 2773 978 2839 praecepit
1002 2773 1086 2824 vel
1113 2773 1375 2838 permisit,

305 2848 443 2897 sicut
482 2847 598 2913 ipse
642 2846 780 2911 fugit
823 2846 877 2896 in
912 2848 1228 2913 AEgyptum.
1261 2846 1376 2896 Fu-

299 2917 452 2982 giant
485 2915 705 2966 omnino
739 2916 804 2966 de
844 2916 1056 2966 civitate
1102 2916 1158 2965 in
1185 2916 1374 2967 civita-

300 3000 428 3050 tem,
462 2992 675 3056 quando
705 3005 894 3040 eorum
931 2989 1221 3055 quisquam
1249 3006 1375 3056 spe-

296 3060 505 3110 cialiter
539 3075 570 3109 a
612 3059 1043 3126 persecutoribus
1081 3060 1369 3125 quaeritur3

299 3141 365 3180 ut
386 3131 452 3180 ab
491 3129 614 3180 aliis
651 3130 747 3196 qui
780 3146 887 3179 non
935 3130 1007 3180 ita
1036 3141 1370 3196 quaeruntur,

301 3217 410 3251 non
464 3203 740 3251 deseratur
781 3201 1036 3262 Ecclesia,
1088 3202 1182 3252 sed
1232 3218 1371 3268 prae-

298 3274 461 3324 beant
483 3273 682 3324 cibaria
705 3273 998 3333 conservis,
1041 3289 1179 3339 quos
1218 3274 1371 3325 aliter

298 3345 477 3396 vivere
526 3361 638 3395 non
700 3360 861 3411 posse
908 3345 1173 3395 noverint.
1228 3345 1369 3396 Cum

297 3426 480 3467 autem
533 3415 797 3479 omnium,
846 3414 904 3465 id
948 3425 1029 3465 est
1077 3415 1371 3482 Episcopo-

297 3504 445 3548 rum,
487 3488 804 3538 clericorum
861 3497 913 3538 et
967 3487 1225 3539 laicorum
1292 3500 1371 3540 est

296 3575 590 3612 commune
642 3560 960 3627 periculum,
1010 3560 1066 3610 hi
1109 3560 1206 3626 qui
1248 3562 1371 3614 aliis

292 3632 558 3698 indigent,
609 3648 720 3681 non
785 3632 1092 3683 deserantur
1137 3632 1206 3684 ab
1249 3633 1370 3685 aliis

295 3702 498 3767 quibus
531 3701 790 3768 indigent.
821 3703 931 3753 Aut
974 3701 1142 3767 igitur
1167 3703 1235 3753 ad
1281 3704 1369 3754 lo-

295 3790 356 3825 ca
410 3775 625 3827 munita
675 3790 868 3826 omnes
915 3785 1225 3839 transeant;
1275 3787 1369 3828 aut

295 3845 390 3914 qui
417 3845 616 3898 habent
658 3845 1029 3899 necessitatem
1080 3862 1365 3902 remanen-

971 230 1212 282 PRIMAE
1254 226 1505 278 PARTIS
1536 227 1774 278 CAPUT
1814 229 1922 280 L11.

1500 347 1582 406 di,
1636 363 1749 398 non
1799 349 2170 416 relinquantur
2208 351 2276 400 ab
2321 352 2419 416 eis,
2478 369 2582 419 per

1502 437 1640 486 quos
1668 421 1887 472 illorum
1922 422 2285 474 Ecclesiastica
2306 427 2584 492 supplen-

1501 492 1568 540 da
1596 501 1677 541 est
1705 493 2010 554 necessitas»,
2039 503 2100 543 ut
2139 497 2221 545 vel
2266 496 2465 562 pariter
2490 498 2584 548 vi-

1501 572 1645 623 vant,
1709 564 1792 614 vel
1848 564 2046 628 pariter
2116 566 2373 617 sufferant
2424 570 2579 634 quod

1501 647 1593 683 eos
1615 633 1998 698 paterfamilias
2040 637 2185 686 volet
2214 637 2320 702 pati
2349 656 2364 688 z
2393 657 2424 686 »
2452 639 2580 691 haec

1498 707 1857 772 Augustinus·
1886 709 1989 758 Sed
2030 726 2098 760 ne
2131 711 2366 761 dicerent
2394 728 2408 761 :
2437 713 2465 762 J
2472 721 2580 763 us·-

1497 776 1614 826 sisti
1643 793 1710 827 ne
1733 778 1800 827 ad
1828 779 2030 830 Gentes
2065 780 2285 843 iremus,
2323 781 2456 846 quid
2482 799 2578 833 er-

1498 863 1566 912 go
1630 847 1887 899 faciemus
1948 850 1995 899 si
2050 866 2241 902 omnes
2323 851 2577 904 civitates

1496 919 1694 969 Judaeae
1723 919 2169 982 circumierimus,
2201 932 2255 972 et
2292 938 2394 972 nos
2419 924 2579 989 abje-

1497 988 1700 1039 cerint?
1732 990 1848 1039 Hoc
1886 991 2157 1055 praevenit,
2203 992 2355 1042 hunc
2398 992 2575 1042 timo-

1499 1076 1614 1111 rem
1641 1062 1986 1121 removendo,
2004 1062 2187 1113 dicens
2217 1080 2231 1114 z
2260 1065 2430 1113 Amen
2453 1063 2581 1114 dico

1498 1132 1666 1191 vobis,
1708 1147 1811 1182 non
1856 1134 2288 1184 consummabitis
2329 1134 2581 1185 civitates

1498 1202 1692 1263 Israel,
1739 1203 2074 1268 praedicando
2123 1204 2324 1254 scilicet
2356 1204 2433 1254 ibi
2471 1207 2577 1255 ad·-

1494 1284 1713 1323 ventum
1763 1275 1848 1324 vel
1909 1275 2072 1326 fidem
2116 1276 2353 1339 Christi,
2406 1278 2580 1330 donec

1497 1345 1676 1394 veniat
1709 1345 1890 1396 Filius
1941 1346 2188 1410 hominia,
2246 1350 2581 1412 resurgendo

1496 1414 1703 1465 scilicet
1730 1431 1759 1466 a
1799 1417 2049 1476 mortuis,
2077 1418 2207 1483 quia
2252 1418 2578 1470 denuntiato

1494 1486 1727 1536 adventu
1782 1486 1987 1538 Christi
2035 1488 2103 1537 ab
2149 1489 2424 1553 Apostolis
2479 1505 2580 1555 per

1495 1555 1735 1606 civitates
1777 1556 1990 1617 Judaeae,
2028 1557 2341 1609 immediate
2383 1575 2575 1624 passus

1494 1637 1575 1677 est
1626 1627 1876 1678 Christus
1943 1638 1997 1679 et
2038 1644 2071 1678 a
2113 1629 2341 1679 mortuis
2397 1645 2577 1682 resur·-

1496 1713 1625 1763 gens
1646 1735 1661 1761 ,
1722 1698 1968 1764 apparuit
2044 1699 2343 1765 discipulis.
2417 1702 2576 1755 Unde

1494 1771 1756 1822 Rabanus
1794 1788 1811 1821 .·
1870 1789 1898 1819 α
1956 1772 2206 1823 Praedicit
2251 1774 2397 1838 quod
2458 1790 2573 1825 non

1494 1851 1623 1890 ante
1648 1841 2130 1906 praedicationibus
2155 1841 2269 1893 suis
2305 1844 2376 1893 ad.
2408 1842 2574 1895 fidem

1495 1913 1846 1978 perducerent
1900 1914 2144 1965 civitates
2187 1917 2367 1979 Israel,
2424 1918 2574 1982 quod

1494 1985 1811 2036 resurrectio
1835 1985 2058 2037 Domini
2103 1986 2269 2037 fuerit
2291 1999 2571 2053 perpetra,—

1491 2068 1561 2118 ta,
1608 2068 1662 2108 et
1706 2068 1819 2108 toto
1865 2059 1995 2110 orbe
2055 2068 2317 2110 terrarum
2368 2061 2572 2127 praedi-

1490 2129 1644 2179 candi
1682 2129 2033 2194 Evangelium
2082 2140 2317 2196 potestas
2361 2147 2573 2185 conces—

1489 2214 1565 2249 sa.
1596 2218 1623 2247 n
1652 2199 1753 2250 Vel
1776 2198 1828 2250 si
1861 2198 2192 2271 intelligatur
2230 2200 2297 2251 de
2335 2202 2573 2253 adventu

1488 2273 1692 2324 Christi
1737 2275 1803 2325 ad
1858 2273 2159 2339 judicium,
2205 2284 2332 2325 tunc
2372 2276 2569 2327 intelli*-

1485 2344 1655 2409 genda
1702 2354 1785 2395 est
1809 2345 2208 2397 consummatio
2240 2346 2575 2410 praedicatio-

1485 2417 1569 2467 nis
1596 2417 1979 2483 Apostolorum
2009 2432 2102 2483 per
2143 2427 2318 2469 totum
2349 2418 2562 2479 orbem,

1485 2499 1750 2555 quantum
1783 2489 1851 2540 ad
1871 2490 2239 2541 conversionis
2272 2490 2563 2555 effectum3

1486 2557 1616 2624 quia
1670 2559 1876 2624 ubique
1946 2558 2173 2624 dispersi
2248 2569 2385 2610 sunt
2460 2559 2564 2611 filii

1487 2628 1665 2688 Israel,
1687 2629 1983 2679 secundum
2012 2629 2562 2694 praedestinationem.

1488 2698 1634 2749 Licet
1661 2698 1809 2749 enim
1831 2699 2135 2763 praedicatio
2174 2702 2565 2767 Apostolorum

1485 2771 1794 2823 discurrerit
1838 2789 1931 2838 per
1962 2782 2138 2823 totum
2172 2775 2361 2824 orbem
2414 2785 2563 2825 tem»-

1487 2861 1614 2911 pore
1645 2845 1889 2911 ipsorum
1920 2863 1934 2897 2
1959 2846 2089 2913 quia
2116 2847 2169 2897 in
2200 2862 2402 2899 omnem
2434 2854 2556 2899 ter-

1483 2932 1604 2966 ram
1650 2915 1826 2967 exivit
1876 2932 2040 2968 sonus
2095 2932 2278 2968 eorum
2297 2956 2315 2981 ‚
2372 2929 2558 2971 tamen

1483 2988 1711 3040 effectus
1729 2989 2100 3041 conversionis
2112 2990 2375 3053 fidelium,
2392 3005 2563 3056 quan·

1484 3072 1601 3111 tum
1638 3061 1704 3111 ad
1746 3078 1839 3113 eos
1869 3062 1964 3127 qui
1993 3062 2310 3127 generaliter
2340 3078 2561 3113 conver-

1484 3133 1632 3184 tendi
1676 3143 1803 3184 sunt
1841 3134 1909 3184 ad
1962 3133 2145 3194 fidem,
2180 3135 2400 3185 habebit
2436 3134 2559 3200 ple-

1481 3204 1631 3260 narie
1673 3204 1919 3257 effectum
1967 3205 2103 3258 circa
2130 3206 2320 3256 mundi
2367 3204 2556 3257 finem.

1482 3276 1639 3327 Unde
1662 3275 1792 3326 dicit
1823 3292 1843 3326 ε
1876 3278 2046 3327 Amen
2086 3276 2204 3327 dico
2246 3277 2413 3338 vobis,
2449 3292 2555 3327 non

1478 3346 1932 3409 consummabit&
1970 3347 2026 3396 id
2079 3357 2166 3397 est
2215 3347 2557 3411 complebitis

1477 3418 1726 3469 civitates
1768 3418 1947 3469 Israel
1974 3416 2251 3482 fugiend0,
2281 3419 2365 3469 vel
2388 3417 2554 3470 fidem

1479 3489 1814 3557 praedicando
1876 3499 1933 3541 et
1987 3490 2054 3539 ad
2110 3488 2274 3542 fidem
2329 3506 2555 3541 conver-

1477 3561 1660 3622 tend0,
1709 3560 1875 3611 donec
1926 3559 2112 3611 ueniat.
2150 3559 2332 3611 Filius
2377 3560 2554 3611 homi-

1474 3633 1580 3693 nis,
1613 3630 1817 3682 scilicet
1866 3630 1934 3680 ad
1980 3629 2428 3682 resurrectionem
2469 3647 2555 3697 ge-

1476 3703 1713 3758 neralem
1731 3739 1747 3763 ,
1812 3701 1874 3752 in
1927 3701 2101 3767 gloria
2152 3701 2340 3753 Patris.
2427 3702 2552 3753 Non

1471 3774 1622 3827 enim
1653 3781 2024 3825 convertentur
2055 3772 2418 3824 communiter
2450 3772 2549 3824 filii

1474 3845 1661 3907 lsrael.
1696 3843 1878 3907 ‚donec
1912 3860 2081 3912 prope
2124 3843 2292 3912 finem
2333 3842 2547 3896 mundi.
