2757 4413
443 323 541 373 DE
572 320 887 373 MULIERE
921 319 1166 371 VOCEM
1198 319 1292 369 DE
1326 317 1569 369 TURBA
1600 320 2102 386 EXTOLLENTE‚
2132 323 2289 376 ETC.

254 434 482 505 pientes.
529 439 686 487 Beata
716 436 934 502 quidem
982 444 1034 486 et
1070 433 1194 484 felix
1243 443 1323 484 est

253 511 423 561 Mater
447 524 586 569 mea,
624 524 745 574 quae
772 523 858 557 me
899 506 1127 573 portavit
1155 515 1206 556 et
1238 506 1320 555 la-

253 581 446 644 ctavit;
499 580 590 630 sed
635 580 803 645 magis
848 577 967 629 ideo
1007 577 1134 627 felix
1162 587 1320 642 atque

251 651 420 714 beata,
479 650 609 717 quia
655 651 878 700 verbum
953 648 1049 713 Dei
1097 647 1318 707 audivit,

248 722 523 773 audiendo
550 722 789 783 credidit,
835 721 1097 772 credendo
1135 730 1319 770 custo-

246 795 412 858 divit;
451 795 554 845 hoc
608 795 752 845 enim
798 794 902 844 nisi
954 793 1183 853 fecisset,
1224 808 1318 842 nec

245 865 396 926 felix,
429 881 527 915 nec
556 867 724 916 Mater
756 880 873 915 mea
895 879 1010 915 esse
1038 865 1317 930 potuisset.

249 936 405 988 Unde
451 935 732 985 Elizabeth
767 936 832 985 ad
857 950 972 985 eam
998 935 1071 985 ait
1102 952 1115 985 ε
1147 935 1318 984 Beata

245 1022 365 1074 quce
384 1006 629 1067 credisti,
642 1006 890 1071 quoniam
903 1005 1249 1072 perficientur
1264 1006 1316 1055 in

248 1084 295 1129 te
312 1092 439 1144 quae
453 1078 601 1128 dicta
624 1083 748 1127 sunt
768 1077 861 1127 tibi
879 1091 914 1126 a
934 1077 1179 1127 Domino.
1197 1078 1319 1126 Bea-

245 1149 348 1209 tior
383 1165 516 1214 ergo
551 1148 671 1211 fuit,
702 1147 830 1214 quia
870 1148 1106 1198 Verbum
1154 1147 1317 1213 spiri-

247 1219 467 1271 tualiter
512 1229 691 1270 mente
722 1218 978 1283 concepit,
1020 1218 1206 1268 auditu
1247 1216 1317 1267 fi-

247 1290 329 1341 dei
420 1290 660 1356 suscepit
681 1328 695 1350 ,
770 1288 1184 1354 memoriterque
1257 1303 1316 1338 ac

245 1361 493 1412 studiose
520 1360 830 1426 operatione
849 1360 1161 1423 custo‹livit;
1192 1359 1319 1425 quia

246 1431 526 1497 conceptio
573 1430 883 1497 spiritualis,
922 1446 1028 1496 qua
1068 1430 1319 1481 Christus

246 1503 303 1552 in
357 1503 522 1552 corde
577 1502 877 1567 concipitur
898 1541 911 1562 ‚
969 1502 1174 1552 felicior
1240 1511 1319 1552 est

245 1589 411 1639 quam
444 1572 691 1622 carnalis,
720 1572 880 1623 Fides
924 1573 1070 1622 enim
1115 1589 1207 1639 per
1229 1573 1318 1623 di-

245 1645 537 1697 lectionem
625 1660 850 1710 operans
933 1645 1317 1697 beatitudinem

246 1728 507 1768 aeternam
566 1726 932 1781 promeretur3
975 1733 1084 1767 non
1140 1727 1317 1768 autem

245 1787 531 1853 conceptio
590 1788 674 1836 vel
738 1787 964 1853 portatio
1010 1787 1129 1838 sine
1181 1787 1316 1849 fide,

245 1857 376 1924 quia
403 1859 525 1908 sine
559 1857 679 1923 fide
710 1858 1035 1924 impossibile
1079 1866 1159 1910 est
1192 1859 1317 1926 pla-

247 1945 364 1982 cere
387 1932 526 1981 Deo.
555 1931 728 1993 Unde,
757 1933 1048 1981 secundum
1063 1933 1320 1999 Augusti—

248 2015 388 2064 num,
445 2001 652 2051 beatior
691 2000 793 2051 fuit
827 2001 991 2052 Maria
1018 2002 1317 2068 profitendo

248 2071 409 2124 fidem
457 2073 682 2133 Christi,
742 2088 905 2140 quam
971 2074 1317 2141 concipiendo

248 2160 470 2196 carnem
509 2144 744 2210 Christi3
776 2155 825 2196 et
869 2146 1078 2198 felicius
1120 2163 1316 2198 conce-

250 2220 328 2286 pit
354 2221 534 2270 Deum
586 2230 763 2271 mente
813 2236 905 2286 per
945 2220 1124 2282 fidem,
1152 2237 1315 2288 quam

247 2308 473 2359 corpore
518 2307 613 2358 per
653 2292 826 2343 carnis
876 2294 1314 2359 assumptionem.

250 2364 403 2414 Nihil
434 2362 586 2413 enim
620 2363 799 2413 Mariae
826 2374 1064 2414 materna
1090 2366 1316 2432 propin-

249 2433 429 2500 quitas
462 2432 764 2498 profuisset,
795 2434 901 2483 nisi
925 2433 1077 2484 illum
1110 2433 1318 2486 felicius

249 2507 407 2556 corde
460 2521 621 2570 quam
663 2521 820 2556 carne
847 2516 1117 2571 gestasset.
1165 2508 1319 2559 Unde

251 2576 680 2644 chrysostomus
715 2592 731 2627 :
765 2594 792 2623 α
821 2577 1004 2643 Neque
1043 2578 1319 2643 concipere

251 2647 558 2708 Christum,
606 2663 778 2714 neque
820 2648 1119 2699 mirabilem
1163 2650 1315 2700 illum

252 2718 443 2770 foetum
483 2734 683 2785 parere,
709 2719 865 2769 habet
900 2719 1133 2787 aliquam
1163 2721 1319 2772 utili-

252 2797 435 2851 tatem,
475 2789 673 2840 virtute
700 2805 808 2840 non
855 2790 1129 2851 existente,
1175 2807 1318 2858 quo—

251 2861 397 2912 niam
430 2861 581 2911 nulla
619 2861 778 2926 hujus
808 2861 856 2911 ei
881 2861 1104 2925 utilitas,
1128 2865 1171 2913 si
1210 2880 1317 2914 non

251 2932 505 2983 universa
555 2947 675 2995 quae
741 2942 946 2998 oportet
998 2932 1205 2998 fecerit3
1268 2945 1319 2985 et

253 3002 391 3053 nihil
416 3012 603 3068 partus
632 3003 680 3054 ei
705 3002 1008 3069 profuisset,
1036 3003 1140 3053 nisi
1165 3006 1318 3056 valde

252 3073 392 3125 bona
427 3083 481 3124 et
508 3072 682 3124 fidelis
715 3085 868 3125 esset.
899 3075 955 3124 Si
979 3090 1103 3125 vero
1137 3076 1317 3127 Mariae

251 3144 386 3195 nihil
416 3145 694 3210 prodesset
720 3144 838 3195 sine
864 3160 942 3205 ea,
976 3161 1104 3211 quoe.
1123 3161 1316 3197 secun-

252 3215 383 3265 dum
428 3216 666 3265 animam
714 3225 811 3276 est,
854 3216 1050 3267 virtute
1077 3218 1316 3283 genitum

253 3286 317 3335 ab
358 3301 424 3337 ea
464 3302 582 3337 esse
608 3286 904 3346 Christum,
939 3288 1110 3338 multo
1146 3288 1321 3355 magis

254 3371 353 3407 nos
380 3356 484 3407 etsi
516 3367 739 3422 patrem,
765 3357 861 3407 etsi
904 3356 1078 3408 filium
1110 3359 1316 3409 habue-

252 3427 425 3478 rimus
492 3429 790 3480 virtuosum
830 3439 881 3479 et
924 3430 1179 3490 nobilem,
1215 3431 1317 3497 ipsi

253 3511 378 3549 vero
420 3498 582 3564 longe
609 3499 811 3549 erimus
852 3514 882 3550 a
922 3500 1118 3550 virtute
1151 3500 1317 3562 illius,

254 3570 412 3620 nobis
486 3573 737 3636 prodesse
816 3572 1010 3638 poterit
1063 3589 1075 3622 ε
1130 3592 1153 3618 ι
1208 3573 1319 3624 haec

257 3640 697 3708 chrysostomus.
725 3644 830 3695 Ubi
854 3654 906 3694 et
924 3644 1077 3694 Beda
1101 3662 1119 3696 .·
1141 3663 1168 3692 ιι
1191 3645 1319 3696 Pul-

256 3713 394 3765 chrae
417 3716 805 3766 attestationem
842 3716 1085 3767 mulieris
1108 3718 1317 3780 annuit,

255 3797 376 3835 non»
396 3801 513 3836 eam
532 3788 906 3837 tantummodo
934 3802 1056 3853 quae
1079 3789 1318 3839 Verbum

256 3853 353 3906 Dei
381 3856 721 3922 corporaliter
749 3871 996 3923 generare
1036 3867 1317 3917 meruerat,

257 3925 352 3978 sed
378 3936 433 3980 et
472 3942 661 3981 omnes
686 3927 782 3997 qui
815 3927 1055 3980 Verbum
1082 3928 1180 3980 Dei
1203 3927 1317 3996 spi-

2391 323 2496 392 687

1426 433 1690 485 ritualiter
1720 437 1904 487 auditu
1950 438 2072 489 fidei
2122 441 2497 507 concipere‚·et

1428 506 1553 556 boni
1579 509 1756 573 operis
1780 510 2037 572 custodia,
2064 513 2146 561 vel
2190 513 2244 562 in
2276 529 2374 563 suo
2410 516 2496 565 vel

1427 578 1480 627 in
1534 579 1902 643 proximorum
1955 583 2110 631 corde
2168 599 2349 648 parere
2368 623 2382 645 ,
2435 595 2487 635 et

1425 651 1578 716 quasi
1599 652 1736 702 alere
1760 653 2079 713 studuerint,
2110 670 2350 706 asserens
2376 673 2493 708 esse

1425 726 1634 788 beatos3
1665 726 1792 792 quia
1821 737 1872 777 et
1903 728 2084 778 eadem
2103 729 2198 779 Dei
2224 730 2489 790 Genitrix,

1425 799 1550 848 inde
1584 799 1802 864 quidem
1853 801 2020 860 beata,
2047 801 2171 867 quia
2201 803 2361 853 Verbi
2399 804 2489 853 in-

1425 870 1675 920 carnandi
1717 871 1964 923 ministra
1995 872 2127 922 facta
2168 882 2246 922 est
2278 883 2492 939 tempo-

1423 941 1581 1005 ralis;
1613 942 1703 991 sed
1748 942 1868 992 inde
1898 943 2068 992 multo
2109 944 2329 1003 beatior,
2360 945 2491 1011 quia

1423 1014 1657 1077 ejusdem
1701 1029 1909 1080 semper
1928 1015 2142 1065 amandi
2171 1027 2349 1067 custos
2372 1032 2493 1068 ma-

1425 1082 1582 1132 nebat
1610 1093 1823 1134 aeterna.
1852 1085 1970 1144 Qua
1997 1086 2262 1136 sententia
2282 1087 2488 1152 sapien-

1424 1167 1503 1205 tes
1560 1154 1866 1205 Judaeorum
1926 1167 2182 1223 tanquam
2238 1159 2494 1225 indignos

1423 1224 1757 1276 beatitudine
1786 1227 1923 1276 clam
1953 1229 2200 1292 percutit,
2225 1230 2321 1295 qui
2349 1231 2489 1282 Ver-

1425 1296 1555 1345 bum
1596 1295 1692 1345 Dei
1732 1312 1841 1346 non
1869 1298 2053 1348 audire
2094 1310 2144 1349 et
2191 1300 2459 1351 custodire
2473 1318 2490 1366 ;

1424 1367 1516 1417 sed
1547 1383 1740 1432 negare
1769 1378 1820 1418 et
1862 1369 2231 1434 blasphemare
2273 1387 2489 1437 quaere-

1427 1440 1554 1489 bant
1596 1457 1610 1490 :
1652 1460 1678 1487 n
1710 1441 1822 1491 haec
1851 1441 2019 1492 Beda.
2062 1443 2143 1502 Et,
2188 1445 2488 1494 secundum

1423 1512 1694 1572 eumdem,
1740 1522 1848 1563 tota
1880 1512 2003 1562 vitae
2047 1514 2277 1564 coelestis
2312 1514 2489 1579 perfe-

1425 1580 1528 1631 ctio
1553 1582 1766 1633 duobus
1788 1583 1876 1632 his
1907 1584 2397 1649 comprehenditur,
2429 1596 2491 1636 ut

1423 1652 1661 1703 Verbum
1705 1653 1800 1704 Dei
1828 1653 2111 1704 audiamus
2134 1664 2186 1704 et
2209 1653 2485 1706 faciamus.

1426 1724 1599 1783 Quem
1645 1740 1769 1791 ergo
1817 1724 2086 1775 beatitudo
2120 1725 2300 1776 Mariae
2345 1727 2492 1776 dele-

1424 1804 1545 1855 ctat,
1574 1795 1810 1845 Verbum
1848 1795 1945 1846 Dei
1976 1795 2202 1846 libenter
2224 1796 2408 1846 audire
2433 1807 2484 1847 et

1424 1865 1693 1916 custodire
1743 1867 1967 1929 studeat,
2025 1877 2077 1917 et
2134 1868 2316 1917 beatus
2370 1868 2486 1918 erit.

1425 1936 1686 1998 Quisquis
1723 1937 1870 1987 enim
1906 1938 2143 1987 Verbum
2182 1938 2278 1988 Dei
2308 1938 2488 1988 liben-

1423 2018 1501 2058 ter
1550 2009 1697 2059 audit
1720 2047 1734 2069 ,
1785 2009 2062 2061 Christum
2116 2011 2389 2076 concepit;
2439 2010 2485 2060 si

1424 2089 1601 2129 autem
1643 2095 1802 2146 opere
1837 2080 2158 2146 impleverit,
2202 2081 2482 2131 Christum

1425 2149 1589 2216 parit;
1621 2165 1740 2216 quae
1769 2150 1936 2200 Maria
1974 2150 2202 2217 portavit
2235 2166 2485 2217 corpora-

1423 2220 1563 2281 liter,
1594 2220 1708 2286 ipse
1748 2231 1922 2286 portat
1962 2221 2325 2287 spiritualiter.
2368 2222 2488 2272 Un-

1424 2290 1490 2339 de
1515 2292 1854 2355 Augustinus
1883 2308 1900 2341 .·
1932 2309 1958 2337 (ι
1990 2291 2096 2350 Qui
2124 2292 2282 2341 corde
2323 2292 2491 2342 credit

1424 2360 1488 2408 ad
1517 2359 1796 2424 justitiam,
1824 2361 2059 2425 concipit
2087 2360 2366 2410 Christum
2387 2378 2403 2427 ;
2434 2370 2487 2411 et

1423 2431 1518 2498 qui
1556 2447 1646 2482 ore
1682 2432 1963 2483 confitetur
2007 2433 2071 2483 ad
2111 2434 2354 2494 salutem,
2388 2449 2489 2499 pa-

1424 2504 1493 2553 rit
1517 2503 1811 2555 Christum.
1842 2506 1994 2556 Unde
2020 2503 2288 2556 Dominus
2312 2507 2440 2556 alibi
2472 2522 2488 2556 ι

1426 2577 1730 2643 Quicunque
1763 2578 1965 2644 fecerit
2004 2577 2322 2629 voluntatem
2369 2580 2488 2629 Ρα-

1425 2649 1526 2699 tris
1562 2649 1679 2713 mei,
1711 2650 1826 2715 ipse
1851 2664 1996 2700 meus
2015 2648 2208 2714 frater
2246 2656 2299 2700 et
2332 2665 2490 2701 soror

1420 2727 1474 2771 et
1512 2727 1683 2770 mater·
1721 2728 1817 2772 est.
1858 2733 1888 2769 ·»
1935 2722 2046 2772 Hac
2085 2721 2242 2772 laude
2287 2722 2489 2774 Christi

1423 2790 1719 2856 matrisque
1754 2792 1868 2855 ejus
1896 2807 2018 2842 cum
2049 2807 2106 2842 se
2134 2791 2342 2842 audiret
2370 2794 2487 2843 lau-

1423 2861 1536 2911 dari
1580 2875 1611 2910 a
1646 2862 1876 2927 quadam
1918 2862 2161 2923 muliere,
2217 2863 2488 2913 Robertus

1422 2931 1653 2981 fundans
1694 2940 1745 2981 et
1788 2930 2056 2983 aedificans
2100 2932 2486 2983 monasterium

1424 3001 1950 3065 Praemonstratense‚
1980 3002 2055 3052 ait
2094 3002 2142 3053 ei
2174 3018 2188 3051 ε
2220 3004 2287 3053 Et
2317 3004 2489 3053 male-

1422 3073 1564 3124 dicta
1594 3083 1672 3133 tu,
1703 3083 1755 3124 et
1792 3075 1887 3140 qui
1917 3075 2015 3125 tibi
2057 3074 2327 3141 suggessit
2363 3090 2486 3125 ver-

1425 3146 1490 3196 ba
1518 3147 1814 3207 Dominica‚
1849 3157 1901 3198 et
1929 3149 2141 3199 laudem
2167 3148 2281 3212 ejus
2312 3148 2369 3197 in
2401 3162 2488 3199 me

1422 3220 1683 3270 miserum
1712 3231 2035 3287 retorquere,
2067 3221 2162 3287 qui
2189 3220 2349 3272 etiam
2376 3236 2488 3271 mo-

1422 3290 1542 3339 dica
1584 3290 1736 3341 laude
1772 3291 1890 3356 capi
1920 3306 2316 3342 consueveram.
2349 3291 2487 3340 Ver-

1424 3359 1554 3409 bum
1589 3360 1806 3410 Domini
1835 3361 1991 3412 debet
2020 3361 2193 3411 audiri
2237 3375 2488 3411 reveren-

1423 3439 1503 3480 ter
1541 3441 1757 3496 propter
1795 3431 2198 3497 pretiositatem.
2242 3430 2298 3479 Si
2338 3430 2487 3479 enim
2572 3425 2577 3430 ⁴

1423 3499 1621 3566 aliquis
1661 3501 1877 3552 haberet
1903 3501 2218 3568 particulam
2246 3500 2311 3549 de
2341 3508 2486 3550 veste

1424 3573 1664 3636 Domini,
1706 3576 1788 3625 vel
1834 3575 2127 3640 lacrymam
2173 3586 2293 3638 quae
2321 3571 2486 3623 exivit

1423 3643 1490 3693 de
1517 3644 1688 3695 oculis
1713 3645 1845 3709 ejus,
1870 3647 1953 3696 vel
1978 3644 2175 3695 stillam
2207 3641 2488 3708 sanguinis

1422 3729 1543 3779 quae
1582 3715 1745 3766 exivit
1783 3717 1849 3766 de
1894 3730 2050 3765 carne
2096 3712 2285 3779 ipsius,
2333 3713 2488 3765 valde

1423 3796 1720 3838 reverenter
1768 3788 2060 3852 susciperet
2110 3794 2162 3835 et
2215 3795 2484 3850 servaret3

1424 3858 1596 3908 multo
1620 3856 1813 3909 fortius
1837 3858 2061 3909 verbum
2089 3855 2310 3906 Domini
2338 3856 2486 3922 quod

1427 3941 1539 3979 non
1580 3929 1759 3980 solum
1804 3930 2071 3995 egreditur
2110 3928 2178 3980 de
2220 3944 2314 3981 ore
2354 3929 2487 3995 ejus,
