2757 4413
432 210 534 264 516

494 323 1380 385 ηΩιιιιιειτνιαωωωιεωιυιι
1393 337 1494 377 ειε-

398 411 621 458 ,ιαιωι
654 394 896 448 nrm?
942 395 1079 446 ...A
1130 394 1321 447 diebus
1356 409 1491 460 ergo

420 466 653 523 Joannis.
710 480 937 533 regnum
997 465 1263 519 coelorum
1319 465 1490 532 patuit

423 536 842 606 poenitentibus,
876 552 910 588 a
945 535 1145 604 quibus
1188 536 1294 588 vim
1332 536 1491 617 pat}-

424 615 512 661 tur
552 618 603 661 et
639 607 909 661 violenter
942 606 1188 673 rapitur.
1216 607 1344 674 quia
1373 607 1504 673 pri-

423 694 549 733 mus
594 677 960 747 poenitentiam
1014 677 1339 745 praedicavit,
1383 693 1491 745 qua

421 750 567 802 velut
588 751 823 817 quadam
847 746 1107 805 violentia
1120 764 1224 801 nos
1238 748 1489 814 affligen-

423 820 513 880 de,
565 829 615 875 et
656 835 755 888 pre
794 817 1020 884 peccatis
1068 817 1485 878 εειίεὲαεὶοιιάω,

422 904 653 971 regnum
704 888 985 948 coelorum,
1031 886 1191 955 quasi
1235 887 1487 948 violenti,

424 976 538 1015 non
567 959 724 1027 pigri,
761 958 1002 1026 rapimus
1031 968 1097 1011 et
1122 957 1408 1013 intramus,
1439 925 1488 1009 A'

423 1051 536 1102 quo
562 1034 710 1084 enim
736 1048 828 1099 per
850 1041 1143 1099 peccatum
1158 1031 1340 1089 alieni
1358 1031 1483 1085 faeti

423 1120 635 1167 sumus,
665 1104 720 1155 vi
746 1113 796 1154 et
816 1103 1012 1156 virtute
1040 1102 1368 1170 poenitentiae
1395 1118 1488 1153 ac-

422 1174 724 1243 quirimus;
738 1181 811 1223 et
840 1171 907 1223 id
925 1170 1070 1241 quod
1093 1172 1255 1227 nobis
1274 1171 1387 1225 de‘
1373 1179 1488 1238 jure

421 1261 531 1299 non
557 1244 796 1303 debetur,
812 1242 1005 1297 labore
1033 1253 1099 1297 et
1113 1242 1372 1295 violentia
1397 1257 1488 1293 ra-

420 1315 622 1382 pimus.
675 1313 840 1373 Quasi
893 1328 1079 1379 rapere
1133 1312 1373 1379 quidem
1408 1322 1488 1365 est

423 1386 517 1438 ubi
555 1385 765 1436 nullum
802 1385 889 1450 jus
930 1383 1215 1446 habemuS,
1253 1393 1304 1433 et
1340 1385 1487 1450 quod

420 1457 753 1523 Angelorum
776 1465 856 1508 est
883 1454 1153 1523 possessio
1190 1453 1483 1520 acquirere.

422 1527 548 1581 Non
594 1535 768 1593 potest
810 1525 958 1579 enim
1006 1525 1172 1579 horno
1225 1533 1383 1577 natus
1429 1525 1487 1578 in

421 1609 563 1653 terra
600 1613 787 1665 rapere
810 1596 1304 1658 coelum..nisi„sibi
1333 1595 1490 1651 fac-iat

420 1669 752 1730 violentiam,
800 1668 1101 1723 coercendo,
1117 1683 1151 1719 a
1177 1667 1487 1723 delectatio-

422 1741 588 1795 nibus
627 1741 911 1808 proprium
943 1740 1243 1809 appetitum
1271 1750 1323 1790 et
1350 1740 1487 1793 suh-

421 1812 652 1879 jugando
677 1811 889 1880 spiritui
908 1827 1126 1865 carnem
1142 1826 1314 1865 suam.
1334 1812 1487 1866 Unde

420 1883 854 1951 Hieronymus.-
897 1900 933 1931 ιι
960 1882 1195 1939 Grandis
1233 1891 1328 1933 est
1360 1883 1483 1934 vio-

418 1953 585 2005 lentia
625 1969 729 2005 nos
767 1953 825 2005 in
859 1962 998 2005 terra
1029 1952 1240 2020 genitos
1263 1967 1401 2013 esse,
1430 1963 1483 2005 et

420 2025 679 2077 coelorum
706 2024 890 2077 sedem
917 2037 1183 2090 quaerere·
1171 2060 1187 2087 ‚
1209 2024 1485 2093 possidere

419 2111 516 2163 per
541 2095 797 2151 virtutem
851 2095 998 2163 quod
1063 2111 1174 2148 non
1232 2107 1481 2149 tenemus

421 2183 517 2236 per
587 2177 852 2221 naturam.
894 2186 922 2217 >i
962 2167 1115 2220 Unde
1163 2178 1216 2221 et
1259 2169 1483 2223 Ambro-

420 2239 539 2292 sius
566 2255 584 2290 τ
613 2258 643 2288 α
673 2240 739 2292 Ει
777 2238 896 2292 ideo
939 2238 1196 2293 faciamus
1234 2239 1357 2294 vim.
1392 2256 1484 2294 ιε,-

419 2325 529 2376 gno
593 2310 871 2362 coelorum.
929 2309 1127 2362 Omnis
1184 2309 1351 2364 enimf
1388 2310 1483 2379 qui

416 2381 534 2433 vim
560 2381 715 2443 facit,
746 2381 1052 2438 vehementi
1079 2382 1259 2435 studio
1284 2397 1485 2450 prope·-

419 2465 519 2515 rat,
550 2470 662 2506 non
692 2454 926 2521 torpenti
977 2455 1223 2510 lentescit
1264 2455 1479 2517 affectu,

420 2535 474 2580 et
493 2524 614 2585 ideo
642 2525 753 2577 vim
781 2524 1007 2578 facimus
1025 2534 1249 2585 naturoe,
1278 2535 1481 2578 utinen

417 2596 487 2647 ad
512 2605 721 2647 terrena
746 2596 1045 2662 demergat,
1070 2596 1161 2648 sed
1191 2596 1257 2646 ad
1288 2610 1484 2663 super-

420 2681 491 2718 na
520 2680 577 2716 se
602 2666 860 2732 subrigat.
903 2684 931 2713 v>
960 2665 1113 2718 Unde
1135 2665 1442 2732 Gregorius
1465 2681 1483 2716 .-

419 2756 452 2788 ιι.
483 2738 623 2790 Cum
653 2749 951 2804 peccatores.
992 2737 1069 2792 ad.
1111 2738 1483 2808 poenitentiam

418 2808 662 2870 redeunt,
710 2809 862 2878 quasi
909 2809 968 2863 in
1019 2808 1201 2863 locum
1241 2808 1483 2864 alienum

417 2879 634 2942 intrant,
674 2889 726 2931 et
750 2881 1011 2934 violenter
1049 2897 1285 2949 regnum
1318 2883 1484 2936 coelo-

418 2969 544 3008 rum
569 2954 849 3027 rapiunt.»
874 2955 947 3008 Et
974 2954 1201 3008 iterum:
1224 2956 1485 3024 «Recogi-

419 3037 598 3084 temus
634 3042 783 3093 ergo,
809 3026 998 3082 fratres
1026 3028 1311 3090 carissimi,
1340 3030 1482 3082 mala

419 3113 551 3167 quae
582 3096 830 3159 fecimus,
864 3108 917 3150 et
951 3098 1317 3165 nosmetipsos
1339 3100 1484 3154 assi-

419 3169 544 3222 duis
575 3168 824 3219 lamentis
854 3178 1186 3222 atteramus:
1211 3170 1484 3224 heredita-

418 3248 529 3293 tem
572 3239 838 3304 justorum
861 3254 1042 3320 ‘quam
1068 3256 1182 3291 non
1206 3240 1483 3293 tenuimus

417 3325 515 3378 per
544 3309 730 3371 vitam,
763 3308 1039 3376 rapiamus
1080 3325 1177 3378 per
1216 3309 1483 3377 poeniten-

417 3381 570 3434 tiam.
635 3382 766 3434 Vult
824 3396 859 3434 a
914 3381 1079 3436 nobis
1135 3382 1483 3448 omnipotens

414 3452 563 3520 Deus
581 3454 741 3505 talem
766 3453 1082 3507 ‚violentiam
1100 3453 1324 3520 perpeti,
1355 3468 1481 3508 nam

417 3541 643 3593 regnum
677 3527 937 3580 coelorum
976 3526 1101 3593 rapi.
1128 3528 1244 3579 vult
1283 3527 1485 3580 nostris

416 3595 652 3658 fletibus,
695 3598 842 3663 quod
885 3597 1086 3650 nostris
1128 3597 1336 3650 meritis
1374 3614 1485 3650 non

416 3666 664 3720 debetur.
722 3686 752 3716 »
803 3667 963 3719 Unde
1027 3677 1079 3720 et
1141 3667 1417 3720 Eusebius
1463 3686 1483 3721 .-

419 3755 449 3786 α
477 3738 600 3792 Νοιι
628 3737 747 3792 sine
769 3737 1027 3791 violentia
1054 3737 1169 3790 fieri
1198 3746 1393 3806 potest,
1422 3746 1485 3790 ut

416 3808 795 3878 unusquisque
830 3807 1161 3862 iracundiam
1189 3806 1481 3876 patientia,

1037 176 1278 263 Rama:
1313 203 1563 261 Pana-18
1594 202 1829 261 cmm:
1860 202 2014 260 Lvt..

1599 320 1916 388 superbiam
1967 320 2290 379 humilium,
2322 328 2601 384 mmutet
2620 358 2643 379 ,

1598 407 1800 449 amore,
1845 392 2180 460 paupertatis
2225 401 2292 443 et.
2342 390 2640 457 indigentiae·

1597 463 1938 519 affluentiam.
1990 473 2234 531 superet,
2306 463 2638 516 vinolentiam

1597 535 1900 596 sobrietate,
1924 534 2197 587 luxuriam
2245 533 2486 587 castitate.
2509 550 2635 586 com-

1598 616 1791 668 mutet,
1816 616 1870 658 et
1893 606 2072 658 homo..
2089 605 2272 658 subito
2287 604 2355 656 -in
2377 605 2551 658 virum
2576 606 2637 657 al—

1596 684 1776 731 terum
1800 684 2282 739 transmisit-teum
2298 675 2376 729 sic
2402 676 2642 729 atalibus

1595 763 1694 814 pet
1737 746 2064 800 violentiam
2112 761 2337 813 regnum
2397 747 2638 799 eoelorum

1593 817 1924 884 diripitur.»
1947 817 2126 871 Unde
2135 815 2306 869 etiam
2339 816 2395 867 in
2423 816 2641 869 collatio-

1593 904 1667 942 ne
1717 887 1926 941 abbatis
1975 886 2251 941 Abraham
2293 885 2382 939 sie
2411 887 2639 939 dicitur.

1595 960 1894 1027 ‹cRegnum
1917 959 2118 1013 etenim
2148 958 2408 1011 coelerum
2429 974 2546 1009 non
2566 958 2642 1008 de-

1592 1033 1755 1093 sides,
1806 1049 1915 1086 non
1964 1031 2211 1096 remissi,
2264 1047 2374 1085 non
2423 1031 2642 1092 delicati,

1594 1121 1708 1159 non
1743 1104 1930 1166 teneri,
1968 1104 2082 1157 sed
2105 1103 2326 1156 violenti
2353 1103 2639 1170 diripiunt;

1592 1178 1698 1246 qui
1723 1193 1838 1230 non
1864 1177 2003 1238 aliis,
2031 1177 2138 1229 sed
2155 1177 2349 1228 animae
2374 1190 2488 1229 suoe
2511 1191 2646 1242 prae·

1595 1248 1800 1301 claram
1840 1246 2085 1303 inferunt
2115 1245 2468 1306 violentiam,
2508 1246 2644 1297 omni

1592 1333 1710 1372 eam
1767 1318 2145 1386 proesentium
2156 1333 2344 1373 rerum
2386 1317 2645 1383 voluptate

1583 1391 1922 1445 fraudentes.
1949 1390 2094 1443 istis
2111 1389 2348 1457 profecto
2374 1398 2505 1442 sunt
2535 1390 2654 1439 lau-

1583 1457 1795 1517 debiles
1840 1460 2108 1522 violenti,
2148 1461 2243 1526 qui
2292 1460 2428 1513 vim
2455 1459 2645 1511 faciunt

1593 1531 1884 1602 perditioni
1941 1545 2084 1583 suae.
2127 1531 2306 1583 Homo
2361 1531 2545 1590 enim,
2591 1539 2650 1581 ut

1592 1606 1864 1673 scriptum
1883 1612 1994 1667 est,
2032 1602 2094 1659 in
2132 1603 2421 1655 doloribus
2454 1603 2647 1657 laborat

1593 1676 1720 1738 sibi,
1766 1685 1830 1729 et.
1862 1675 1976 1734 vim
2017 1673 2144 1727 facit
2188 1673 2498 1740 perditioni·
2528 1688 2652 1726 suae.

1595 1749 1828 1802 Perditio
1867 1758 2070 1802 nostra
2081 1757 2162 1800 est
2187 1747 2475 1800 oblectatio
2515 1762 2644 1813 prae-

1590 1820 1760 1873 sentis
1778 1820 1910 1873 vitae
1918 1828 1986 1871 et:
1992 1817 2231 1871 executio
2263 1817 2648 1871 desideriorum

1553 1935 1560 1941 ,
1593 1890 2041 1970 voluptatumque
2078 1896 2405 1948 nostrarum,
2436 1902 2571 1955 quas
2603 1886 2644 1938 si

1590 1959 1718 2031 quis
1768 1960 1838 2011 ab
1876 1959 2074 2011 anima
2101 1972 2200 2010 sua
2234 1957 2556 2011 subtraxerit
2593 1971 2650 2007 sc

1591 2032 2006 2092 mortificaverit,
2029 2030 2323 2098 gloriosam
2343 2029 2578 2096 profecto
2601 2037 2647 2079 et

1589 2104 1797 2158 utilem
1828 2101 2135 2171 perditioni
2175 2116 2304 2153 suae
2348 2101 2464 2153 vim
2512 2100 2652 2160 facit,

1588 2174 1868 2244 abnegans
1906 2173 2182 2228 dumtaxat
2223 2173 2275 2225 ei
2320 2170 2645 2240 jucundissi-

1590 2263 1708 2304 mas
1740 2248 2092 2302 voluntates:
2129 2264 2158 2294 »
2198 2245 2336 2298 haec.
2358 2245 2651 2299 Abraham

1590 2320 1898 2375 Secundum
1973 2318 2315 2374 Banu-dum
2332 2355 2368 2381 „.
2432 2317 2645 2385 quidam

1590 2406 1818 2458 regnum
1877 2389 1976 2445 Dei
2043 2399 2396 2450 mercantur,
2437 2397 2503 2444 ut
2559 2386 2648 2455 qui

1591 2470 1838 2514 exercent
1867 2474 2029 2528 opera
2054 2458 2439 2512 misericordiae
2459 2497 2475 2519 ,
2514 2459 2646 2510 elee-

1588 2548 1876 2664 mae
1903 2530 2372 2668 affluam
2419 2530 2656 2656 &m

1589 2673 1969 2741 poenitentias..
1987 2672 2222 2735 Quidam
2257 2673 2649 2739 compelluntur

1588 2746 1805 2807 intrare,
1823 2755 1904 2799 ιιι
1920 2760 2178 2811 pauperes
2205 2745 2516 2825 necessarii,
2545 2758 2649 2798 nen

1586 2816 1899 2870 voluntarii.
1961 2814 2202 2878 Quidam
2271 2814 2528 2882 rapinum,
2594 2824 2651 2865 ut

1588 2903 1845 2968 pauperes
1881 2885 2216 2950 voluntarii,
2251 2886 2464 2953 quim
2382 2897 2658 2964 pauperes

1589 2956 1801 3027 spiritu
1810 2965 1958 3010 sunt.
1991 2954 2068 3008 Si
2079 2964 2259 3010 autem
2281 2954 2464 3008 adhuc
2491 2952 2651 3006 dubi·

1588 3037 1674 3079 tas
1703 3042 1934 3098 regnum
1968 3025 2254 3092 consequi,
2277 3025 2415 3082 forte
2439 3034 2652 3094 propter

1586 3098 1853 3151 defectum
1866 3096 2063 3160 meriti,
2073 3097 2174 3149 .vel
2187 3095 2395 3156 auxilii,
2406 3095 2657 3148 mdiAu·

1587 3169 1878 3236 gustinum
1894 3167 2158 3220 dicentem
2184 3166 2321 3218 tibi:
2342 3185 2369 3212 α
2382 3134 2657 3232 'Siquaeris

1588 3241 1863 3322 quom-odo
1899 3239 2050 3290 istud
2089 3247 2239 3306 potes
2279 3237 2415 3298 fieri,
2454 3237 2657 3304 quibus

1588 3310 1797 3363 meritis
1851 3309 2120 3377 quibusve
2165 3308 2444 3369 auxiliis,
2479 3307 2655 3359 audi:

1589 3382 1698 3435 Res
1732 3382 1836 3434 ista
1865 3389 1946 3434 est
1978 3378 2153 3445 posita
2185 3378 2260 3428 in
2284 3387 2560 3446 potestate
2572 3376 2656 3430 fa-

1588 3453 1808 3515 cientis,
1838 3450 2099 3534 quoniam
2136 3465 2361 3519 regnum
2396 3450 2655 3503 coelorum

1587 3524 1695 3576 vim
1732 3522 1965 3604 patitur.
2009 3521 2274 3588 Regnum
2300 3520 2596 3601 coelorum,
2622 3532 2656 3573 Q

1587 3595 1774 3657 homo,
1815 3592 1968 3646 aliud
1995 3608 2109 3646 non
2150 3590 2352 3659 quaerit
2382 3591 2621 3657 pretium
2639 3625 2656 3650 ,

1589 3664 1693 3720 nisi
1729 3664 1992 3732 teipsum;
2038 3662 2249 3717 tantum
2273 3661 2442 3723 valet,
2478 3675 2658 3727 quan·-

1589 3747 1710 3790 tum
1745 3752 1832 3802 es,
1874 3745 1930 3789 te
1966 3733 2064 3795 da,
2108 3742 2161 3786 et
2201 3733 2427 3786 habebis
2473 3731 2658 3784 illud.

1590 3808 1728 3882 quid
1764 3803 2008 3864 turbaris
2043 3803 2118 3858 de
2149 3801 2349 3871 pretio?
2401 3802 2662 3858 Christus
