2757 4413
675 291 769 343 DE
795 291 1240 344 DAEMONIACO
1274 293 1485 348 CAECO
1518 299 1612 350 ET
1643 301 1867 354 MUTO.

179 408 228 459 in
262 407 464 458 Patrem
506 416 560 456 et
597 405 821 470 Filium,
870 407 959 458 hic
1008 406 1121 458 sive
1161 408 1218 457 in

175 481 337 532 futuro
422 480 749 543 remittitur3
812 480 940 546 quia
994 480 1090 547 qui
1153 496 1217 532 ex

172 552 441 618 fragilitate
501 551 585 600 vel
640 550 943 616 ignorantia
1005 562 1214 616 peccat,

172 625 291 676 sicut
354 622 596 688 aliquam
649 621 1048 672 excusationem
1111 621 1214 672 ha-

169 696 242 746 bet
279 694 336 743 in
391 694 577 758 culpa,
633 692 706 742 ita
754 691 918 742 etiam
975 692 1212 757 aliquam

166 764 522 817 remissionem
562 763 757 813 habere
798 761 955 812 debet
995 762 1052 812 in
1094 779 1212 830 poe-

166 851 248 900 na;
276 835 471 886 sivein
504 834 606 883 hoc
631 832 830 892 seculo,
865 831 911 882 si
942 833 1212 897 poenitue-

166 908 237 970 rit,
282 918 341 957 ut
386 905 603 956 facilius
642 914 998 970 consequatur
1026 904 1212 955 indul-

165 978 416 1045 gentiam3
450 976 564 1026 sive
585 975 643 1025 in
669 973 870 1034 future,
913 974 958 1024 si
987 974 1044 1024 in
1070 977 1211 1026 malo

163 1047 557 1116 perseveraverit
576 1085 590 1107 ,
662 1055 722 1096 ut
796 1046 1210 1097 tolerabiliorem

163 1122 336 1173 sentiat
364 1135 601 1187 poenam.
633 1119 740 1178 Qui
763 1134 889 1170 vero
922 1133 986 1169 ex
1007 1119 1212 1169 malitia

160 1205 361 1261 peccant
382 1233 398 1255 ‚
458 1208 646 1243 eorum
696 1192 948 1242 delictum
1006 1193 1208 1243 nullam

159 1265 545 1317 excusationem
578 1263 759 1326 habet;
809 1272 860 1313 et
895 1263 1016 1314 ideo
1053 1279 1210 1329 poena

158 1354 326 1390 eorum
356 1337 738 1387 remissionem
767 1335 962 1385 habere
985 1351 1095 1386 non
1124 1336 1210 1386 de-

157 1411 246 1470 bet,
280 1409 414 1477 quia
446 1408 493 1459 si
532 1406 877 1474 poenituerint
899 1407 957 1457 in
988 1408 1088 1458 hoc
1121 1423 1208 1458 se-

156 1485 276 1543 culo,
314 1484 479 1549 plena
514 1479 872 1531 satisfactione
915 1481 1205 1531 mulctandi

155 1565 290 1619 sunt3
322 1553 368 1603 si
432 1568 545 1602 non
602 1550 981 1619 poenituerint,
1051 1552 1207 1616 plena

151 1624 479 1675 damnatione
513 1623 570 1672 in
612 1621 794 1672 futuro
844 1623 1045 1681 seculo,
1091 1638 1204 1672 non

150 1698 264 1763 quia
288 1695 682 1763 poenitentibus
708 1694 864 1744 venia
888 1695 1202 1759 denegetur3

149 1771 230 1820 sed
255 1770 383 1836 quia
414 1769 575 1834 pleno
603 1778 831 1833 peccate,
858 1768 1014 1833 plena
1042 1768 1204 1818 retri-

148 1841 285 1892 butio
316 1841 578 1891 debeatur
607 1857 620 1890 :
668 1859 692 1885 1·
724 1840 839 1889 haec
868 1840 1201 1892 Bernartius,

145 1913 370 1980 Spiritus
415 1928 541 1979 ergo
589 1912 938 1978 blasphemiae
980 1929 1087 1962 non
1125 1929 1206 1963 re-

146 1984 378 2035 mittetur
403 1983 633 2043 homini,
663 1999 771 2032 non
796 1983 939 2049 quod
964 1983 1013 2034 ei
1038 2000 1205 2049 nege-

146 2066 228 2106 tur
253 2054 502 2106 remissio
543 2054 589 2104 si
638 2054 913 2119 poeniteat;
958 2056 1048 2105 sed
1078 2055 1204 2121 quia

146 2126 232 2176 hic
255 2126 625 2193 blasphemuS,
668 2124 1002 2190 exigentibus
1048 2127 1204 2176 malis

143 2199 362 2260 meritis,
403 2198 541 2249 sicut
573 2213 851 2265 nunquam
897 2198 962 2249 ad
1007 2198 1203 2250 remis-

144 2269 350 2320 sionem
373 2308 387 2330 ,
446 2269 519 2319 ita
566 2284 660 2319 nec
711 2269 777 2318 ad
832 2268 1201 2333 poenitentiam

142 2353 491 2408 perventurus
513 2353 610 2393 est.
643 2342 797 2393 Unde
826 2340 901 2392 ait
927 2342 1157 2393 Joannes
1187 2361 1200 2393 ε

139 2416 246 2465 Est
276 2421 556 2480 peccatum
586 2414 661 2463 ad
687 2419 937 2476 mortem,
967 2429 1069 2464 non
1095 2431 1201 2481 pro

139 2485 228 2537 illo
256 2486 381 2536 dico
419 2492 476 2535 ut
511 2490 674 2550 roget
717 2484 854 2549 quis·
896 2485 1199 2534 Secundum

139 2555 494 2621 Gregorium,
550 2564 819 2620 peccatum
864 2556 931 2603 ad
972 2564 1198 2604 mortem

136 2639 211 2679 est
234 2639 511 2696 peccatum
536 2642 709 2693 usque
736 2628 800 2677 ad
830 2638 1077 2688 mortem,
1103 2645 1200 2693 pro

134 2715 241 2765 quo
266 2715 380 2749 non
408 2709 487 2749 est
520 2699 852 2764 rogandum;
884 2697 1013 2764 quia
1046 2699 1199 2749 scili-

133 2779 209 2821 cet
236 2780 513 2836 peccatum
545 2770 691 2835 quod
720 2769 809 2818 hic
834 2785 943 2819 non
973 2770 1200 2835 corrigi-

133 2854 234 2903 tur,
262 2843 381 2907 ejus
407 2842 563 2893 venia
595 2841 791 2891 frustra
819 2843 1134 2907 postulatur.

195 2929 262 2963 12
303 2913 415 2962 Hoc
449 2927 720 2962 peccarunt
754 2928 848 2962 res-r
889 2928 1199 2963 ons-rmum

132 2999 327 3034 mus
346 3000 412 3033 Ex
430 2998 841 3033 passuuprxonss
872 2999 972 3033 vm.
1006 2999 1199 3033 περε-

133 3072 366 3107 narrem:
431 3072 749 3107 rnocnosus.
808 3084 868 3095 —
924 3057 1196 3107 Peccatum

132 3144 257 3194 ergo
290 3126 349 3177 in
386 3127 651 3193 Spiritum
691 3127 945 3177 Sanctum
986 3138 1066 3177 est
1098 3129 1200 3178 ob-

131 3196 353 3248 stinatio
403 3199 485 3248 vel
542 3196 835 3262 pertinacia
890 3198 1088 3249 mentis
1140 3199 1196 3248 in

131 3266 376 3335 nequitia
435 3268 709 3317 obduratae
729 3305 743 3327 ,
791 3269 1081 3334 procedens
1134 3285 1198 3320 ex

129 3338 554 3404 praesumptione
574 3338 657 3388 vel
678 3338 1062 3403 desperatione.
1088 3340 1197 3400 Qui

129 3411 284 3462 enim
315 3411 593 3477 praesumit
611 3411 678 3461 de
697 3410 1061 3462 misericordia
1080 3412 1194 3473 Dei,

127 3483 453 3550 promittens
499 3484 603 3534 sibi
653 3483 1046 3549 impunitatem,
1090 3502 1196 3551 pu-

125 3566 248 3606 tans
284 3553 359 3606 ita
387 3556 559 3606 Deum
583 3565 791 3620 peccata
828 3556 1095 3621 impunita
1122 3572 1198 3606 re·

124 3627 389 3695 linquere,
426 3645 490 3680 eo
536 3629 656 3694 ipso
680 3628 997 3690 obstinatur,
1038 3629 1092 3679 id
1118 3638 1197 3679 est

126 3700 465 3765 pertinaciter
500 3701 554 3751 in
606 3709 820 3766 peccato
869 3702 1163 3752 obduratur
1179 3741 1193 3763 ,

125 3783 339 3838 peccata
394 3773 622 3840 peccatis
687 3775 1066 3839 superaddens.
1129 3777 1197 3826 Et

122 3845 191 3898 ita
232 3859 416 3914 peccat
450 3857 629 3899 contra
662 3848 922 3912 justitiam
967 3849 1197 3916 Spiritus

125 3918 304 3970 Sancti
324 3936 342 3985 ς
391 3919 484 3987 qui
525 3919 600 3971 ita
645 3918 950 3972 misericors
1003 3932 1084 3973 est
1134 3920 1192 3971 in

2283 308 2381 376 671

1323 410 1557 477 justitia,
1587 418 1732 481 quod
1760 428 1840 469 est
1859 430 1911 470 et
1938 420 2111 485 justus
2141 423 2196 473 in
2233 427 2390 478 mise·

1321 481 1580 551 ricordia;
1653 489 1748 554 qui
1805 491 1983 540 oleum
2043 493 2204 546 habet
2261 499 2385 551 cum

1321 554 1469 616 vino,
1494 568 1548 607 et
1577 559 1694 611 vice
1716 577 1882 614 versa.
1908 565 2017 624 Qui
2046 576 2223 618 autem
2253 586 2384 637 pro-

1320 639 1439 694 pter
1467 633 1894 698 magnitudinem
1943 639 2153 690 sceleris
2187 643 2382 709 despe-

1322 709 1403 750 rat
1441 702 1509 752 de
1548 704 1911 758 misericordia
1961 711 2075 771 Dei,
2123 722 2380 781 tanquam

1321 772 1635 836 magnitudo
1667 779 1862 842 peccati
1886 780 1969 829 sui
2014 784 2227 834 excedat
2259 802 2381 838 ma-

1319 841 1658 906 gnitudinem
1697 847 2072 901 misericordiae
2096 853 2226 919 Dei;
2256 856 2382 909 inde

1319 912 1640 976 obstinatur,
1682 929 1890 983 peccata
1933 923 2162 986 peccatis
2188 941 2380 993 super-

1316 984 1518 1036 addens
1539 1025 1553 1046 ,
1607 989 1672 1038 de
1728 1001 1939 1055 peccato
1985 992 2042 1043 in
2107 1009 2378 1060 peccatum

1315 1054 1570 1107 effrenata
1599 1057 1838 1111 libertate
1874 1078 2050 1127 ruens,
2095 1082 2380 1135 quousque

1315 1126 1381 1175 ad
1442 1130 1718 1180 cumulum
1765 1132 2127 1186 damnationis
2180 1142 2376 1194 veniat.

1316 1198 1422 1249 Sed
1476 1203 1724 1267 quamvis
1768 1213 1877 1255 tota
1925 1207 2085 1257 etiam
2142 1211 2379 1266 Trinitas

1316 1281 1525 1334 peccata
1561 1273 1831 1338 remittat3
1859 1276 2168 1340 hujusmodi
2199 1293 2377 1335 tamen

1314 1354 1583 1407 peccatum
1626 1345 1746 1396 ideo
1784 1348 2084 1412 specialiter
2121 1355 2378 1407 attribui-

1311 1425 1399 1466 tur
1444 1417 1669 1482 Spiritui
1713 1420 1934 1479 Sanct0‚
1981 1422 2108 1487 quia
2145 1425 2377 1490 Spiritus

1311 1486 1538 1537 Sanctus
1563 1502 1717 1539 amor
1740 1500 1819 1539 est
1856 1491 2027 1542 Patris
2060 1503 2115 1543 et
2148 1495 2292 1555 Filii,
2322 1508 2376 1549 et

1313 1560 1615 1627 benignitas
1650 1571 2018 1629 utrorumque.
2059 1566 2165 1625 Qui
2192 1579 2373 1619 autem

1308 1633 1392 1682 vel
1432 1633 1690 1698 desperat,
1730 1634 1812 1684 vel
1848 1637 2143 1699 praesumit,
2179 1641 2375 1703 specia-

1310 1703 1431 1753 liter
1457 1702 1582 1752 facit
1618 1702 1696 1752 illi
1727 1702 2008 1767 injuriam,
2039 1707 2190 1771 cujus
2219 1710 2373 1760 beni-

1310 1773 1502 1839 gnitati
1547 1772 1857 1823 attribuitur
1889 1775 2138 1827 remissio
2182 1795 2374 1844 pecca-

1309 1854 1509 1904 torum,
1538 1854 1732 1909 putans
1751 1859 1875 1895 eum
1896 1846 2373 1901 immisericordem

1308 1918 1391 1966 vel
1421 1916 1710 1981 injustum;
1748 1916 1875 1981 quia
1902 1917 2041 1968 sicut
2066 1934 2130 1968 ex
2159 1920 2373 1971 miseri-

1309 1989 1489 2039 cordia
1515 1998 1725 2054 peccata
1751 1989 2007 2049 remittit,
2025 1991 2097 2040 ita
2124 2007 2188 2042 ex
2219 1993 2375 2057 justi-

1308 2060 1382 2111 tia
1407 2075 1469 2110 ea
1495 2059 1764 2125 impunita
1792 2075 1901 2109 non
1930 2061 2205 2127 relinquit.
2236 2065 2375 2115 Male

1307 2146 1435 2196 ergo
1491 2131 1557 2180 de
1608 2129 1813 2194 justitia
1871 2132 1954 2181 vel
2009 2132 2375 2185 misericordia

1306 2202 1539 2270 Spiritus
1568 2201 1748 2253 Sancti
1779 2202 1968 2264 sentit,
2009 2204 2102 2270 qui
2131 2206 2375 2272 desperat

1306 2276 1391 2326 vel
1434 2272 1730 2339 praesumit.
1779 2272 1931 2323 Sicut
1975 2289 2100 2339 ergo
2147 2276 2372 2327 morbus

1305 2343 1617 2395 incurabilis
1641 2343 1858 2403 dicitur,
1886 2343 1981 2409 qui
2014 2345 2208 2395 directe
2232 2347 2372 2399 tollit

1306 2415 1540 2467 remedia
1568 2429 1661 2479 per
1691 2429 1810 2481 quae
1837 2414 2120 2479 expellitur
2148 2417 2370 2468 morbus

1303 2499 1356 2539 et
1389 2496 1629 2547 curatur,
1663 2495 1722 2535 ut
1763 2501 1888 2535 cum
1934 2485 2073 2536 tollit
2115 2487 2369 2538 virtutem

1302 2568 1505 2608 naturae
1529 2558 1614 2607 vel
1638 2556 1834 2607 virium
1856 2557 2198 2618 naturalium,
2226 2558 2373 2608 Deus

1303 2640 1483 2680 tamen
1525 2627 1619 2692 qui
1652 2635 1731 2676 est
1772 2641 1932 2692 super
1970 2626 2151 2677 omnia
2197 2638 2369 2693 potest

1303 2717 1487 2752 curare
1513 2716 1671 2765 eum3
1702 2699 1778 2750 sic
1808 2711 2077 2765 peccatum
2109 2701 2166 2750 in
2194 2701 2371 2767 Spiri-

1303 2787 1421 2826 tum
1449 2776 1734 2833 Sanctum,
1773 2774 2071 2824 contemnit
2103 2786 2155 2825 et
2182 2776 2369 2825 exclu-

1302 2848 1382 2898 dit
1409 2848 1501 2897 illa
1527 2861 1620 2913 per
1639 2860 1758 2911 quae
1786 2855 2056 2910 peccatum
2083 2847 2239 2896 debet
2266 2861 2369 2896 cu-

1303 2917 1408 2968 rari
1454 2928 1506 2968 et
1544 2915 1725 2976 vitari,
1772 2925 1832 2965 ut
1874 2915 2123 2966 timorem
2171 2916 2405 2967 divinae*

1302 2987 1551 3053 justitiae,
1593 2996 1645 3036 et
1681 3001 1833 3051 spem
1861 2985 2049 3049 veniae,
2092 2996 2145 3037 et
2174 2986 2370 3051 hujus-

1304 3061 1473 3119 modi,
1504 3070 1555 3110 et
1593 3059 1672 3108 sic
1712 3075 1776 3110 ex
1813 3059 1897 3109 sui
1940 3067 2129 3109 natura
2172 3059 2370 3109 dicitur

1302 3129 1704 3193 irremissibile3
1738 3130 1883 3179 Deus
1921 3138 2101 3179 tamen
2149 3144 2246 3178 sua
2285 3130 2372 3179 be-

1305 3200 1585 3266 nignitate,
1613 3214 1776 3249 omne
1803 3210 2078 3266 peccatum
2098 3199 2368 3266 poeniten-

1301 3272 1449 3322 tibus
1505 3270 1746 3322 remittit.
1790 3271 1942 3322 Unde
1992 3271 2188 3321 dicitur
2231 3270 2369 3321 irre-

1303 3342 1587 3403 missibile,
1633 3343 1787 3409 quasi
1834 3344 1901 3394 de
1946 3342 2148 3394 difficili
2187 3352 2237 3392 et
2277 3342 2368 3393 vix

1301 3416 1643 3467 remissibile.
1671 3418 1750 3467 De
1777 3417 1876 3467 hac
1918 3414 2140 3466 materia
2164 3414 2243 3464 sic
2278 3414 2367 3463 di-

1299 3489 1372 3539 cit
1424 3488 1765 3553 Augustinus
1809 3506 1826 3539 .·
1883 3506 1911 3534 α
1964 3488 2096 3537 Dico
2161 3484 2364 3535 caritati

1299 3570 1507 3620 vestrae,
1562 3559 1696 3611 forte
1748 3561 1806 3611 in
1861 3560 2116 3610 omnibus
2168 3556 2364 3606 sanctis

1298 3630 1588 3696 Scripturis
1656 3630 1801 3680 nulla
1882 3630 2052 3693 major
2115 3624 2364 3692 quaestiO,

1302 3703 1451 3754 nulla
1502 3700 1774 3752 difficilior
1823 3701 2121 3758 invenitur,
2189 3696 2245 3744 in
2299 3711 2363 3746 eo

1300 3774 1447 3841 quod
1480 3773 1556 3823 ait
1603 3790 1616 3823 z
1667 3772 1775 3832 Qui
1816 3765 2262 3835 blasphemaverit
2308 3766 2365 3816 in

1302 3844 1567 3911 Spiritum
1596 3843 1877 3901 Sanctum,
1924 3855 2033 3889 non
2070 3837 2231 3888 habet
2273 3851 2363 3887 re-

1261 3951 1264 3952 ν
1304 3917 1623 3970 missionem
1657 3915 1714 3965 in
1756 3923 2037 3965 aeternum.
2068 3911 2192 3962 Non
2218 3925 2362 3977 quo-
