2757 4413
318 307 414 357 DE
441 302 719 365 QUAEST.
748 300 1041 353 JOANNIS
1069 300 1271 353 BAPT.
1302 299 1356 350 A
1385 298 1694 353 CHRISTO
1731 302 2224 355 COMMENDATI.

181 432 323 482 sunt,
373 419 470 487 qui
520 429 649 470 sunt
689 432 840 484 reges
883 418 1245 468 tenebrarum.

183 494 272 543 Per
309 493 583 542 desertum
624 503 846 554 quoque
871 498 1049 554 potest
1078 488 1245 538 intel·-

177 565 262 632 ligi
307 564 538 629 religiO,
581 561 711 628 quia
767 561 906 610 sicut
971 561 1240 611 desertum

173 636 270 687 fuit
311 636 564 686 medium
613 643 665 683 et
709 633 959 698 quaedam
990 633 1079 683 via
1103 632 1244 683 inter

170 710 466 774 AEgyptum
505 715 559 755 et
593 705 827 754 Terram
843 713 1081 754 sanctam
1110 719 1242 770 pro-

172 781 478 840 missionis,
524 779 607 829 sic
641 777 829 844 religio
863 788 943 827 est
969 778 1241 843 quoddam

171 856 408 906 medium
456 854 602 903 inter
643 853 841 902 coelum
867 859 921 900 et
954 851 1239 911 mundum,

170 940 218 979 et
247 928 411 995 quasi
455 926 711 994 quaedam
751 925 842 975 via
886 924 1083 974 directa
1134 939 1242 990 qua

170 1002 266 1052 itur
308 1001 383 1051 ad
431 999 648 1050 coelum.
696 999 797 1048 Per
826 998 1085 1048 Joannem
1121 995 1242 1047 exi-

168 1084 395 1123 stentem
434 1071 492 1120 in
523 1072 730 1120 deserto
755 1067 1081 1133 intelligitur
1111 1067 1244 1118 reli-

167 1144 361 1208 giosus,
396 1140 495 1206 qui
527 1155 637 1189 non
668 1139 826 1189 debet
857 1153 975 1188 esse
1012 1139 1239 1199 arundo,

166 1213 217 1263 id
264 1223 350 1263 est
416 1209 706 1276 hypocrita
777 1208 1043 1270 exterius,
1099 1209 1243 1259 sicut

164 1283 361 1333 arundo
418 1280 609 1330 virens
644 1290 698 1329 et
740 1279 968 1329 interius
1010 1294 1237 1342 vacuum

165 1358 246 1407 sed
291 1354 540 1407 exterius
582 1353 742 1403 debet
788 1353 965 1404 vivere
999 1369 1097 1420 per
1132 1353 1244 1404 ho-

163 1441 364 1480 nestam
396 1426 877 1490 conversationem,
921 1435 974 1476 et
1009 1426 1241 1477 interius

163 1501 471 1551 debet-esse
513 1498 706 1564 plenus
731 1513 825 1562 per
855 1497 1019 1547 fidem
1046 1507 1105 1548 et
1127 1497 1240 1548 fer-

161 1582 369 1621 ventem
390 1568 928 1628 devotionem.1tem,
950 1584 1061 1618 non
1082 1568 1240 1618 debet

162 1657 266 1692 esse
296 1640 547 1706 fragilis,
577 1639 716 1689 sicut
744 1640 970 1704 arundo,
1003 1649 1057 1690 et
1084 1639 1236 1690 omni

160 1724 311 1765 vento
341 1714 565 1776 cedere3
595 1712 690 1762 sed
719 1713 876 1762 debet
902 1727 1018 1763 esse
1049 1711 1238 1763 firmus

160 1798 206 1837 et
230 1786 390 1837 omni
422 1784 712 1836 tentationi
747 1784 1023 1846 resistere,
1058 1796 1112 1836 et
1139 1801 1238 1837 nec

161 1856 558 1915 benedictione,
591 1871 692 1906 nec
720 1855 1096 1906 maledictione
1126 1872 1240 1907 mo-

158 1929 282 1979 veri.
323 1929 486 1987 Item,
513 1943 624 1977 non
653 1927 811 1977 debet
837 1942 952 1977 esse
977 1926 1238 1978 mollibus

157 1999 401 2059 vestinis,
426 1998 485 2048 id
509 2007 591 2048 est
608 1997 868 2057 adulator,
889 1997 982 2047 sed
1002 1996 1237 2047 seriosus

158 2071 219 2119 ad
248 2068 402 2127 vitia,
430 2077 490 2118 et
528 2067 735 2118 nullius
764 2066 822 2117 in
858 2066 964 2117 hoc
994 2081 1237 2132 personae

160 2149 421 2204 acceptor.

217 2210 251 2261 8
278 2212 698 2261 Commu-run
710 2225 746 2259 A
762 2225 1011 2263 ransom.
1026 2238 1093 2249 —-
1108 2210 1239 2262 Ter-

160 2281 231 2333 tio
252 2280 604 2331 commendat
627 2281 868 2330 Salvator
887 2282 1146 2332 joannem
1166 2283 1236 2333 ab

158 2352 470 2403 excellentia
505 2366 750 2417 personae
773 2361 826 2401 et
867 2352 1103 2403 claritate
1129 2369 1234 2403 no-

157 2421 303 2483 titiae,
327 2421 465 2488 quia
491 2421 615 2486 plus
642 2436 807 2487 quam
830 2422 1092 2488 Propheta
1109 2423 1233 2475 fuit.

156 2493 432 2559 Propheta
474 2491 700 2558 quidem
752 2491 873 2552 fuit,
913 2493 1041 2559 quia
1069 2494 1234 2545 Chri-

153 2572 293 2614 stum
329 2562 586 2629 praevidit
613 2571 666 2612 et
702 2562 977 2627 praedixit,
1008 2566 1155 2631 quod
1183 2575 1235 2616 et

156 2635 241 2687 alii
271 2634 564 2701 Prophetae
596 2632 854 2685 fecerunt.
897 2635 1050 2686 Unde
1072 2652 1232 2703 supra

155 2707 360 2757 dictum
413 2713 507 2755 est
533 2721 548 2753 ε
585 2704 701 2767 Tu,
738 2720 910 2770 puer,
958 2707 1233 2773 Propheta

150 2776 426 2828 Altissimi
439 2775 738 2826 vocaberis,
761 2777 912 2840 Item,
927 2776 1059 2842 plus
1074 2793 1231 2844 quam

151 2849 425 2914 Propheta
462 2846 571 2896 fuit
599 2861 614 2894 ε
648 2845 827 2911 primo
846 2884 862 2907 ,
890 2847 1019 2913 quia
1057 2863 1088 2898 a
1119 2849 1232 2899 Deo

150 2935 239 2986 per
263 2918 545 2984 Angelum
575 2918 925 2982 prophetatus
955 2918 1092 2985 fuit3
1139 2935 1231 2971 se-

151 2991 343 3051 eunde,
374 2987 511 3055 quia
536 2988 598 3038 in
619 2998 775 3039 utero
798 2988 991 3039 matris
1005 2991 1231 3057 prophe-

152 3059 503 3125 mrecoepit3
545 3059 735 3121 tertio,
784 3060 917 3126 quia
958 3060 1105 3112 filius
1145 3064 1232 3115 vel

150 3130 268 3183 finis
347 3130 746 3196 Prophetarum
801 3130 940 3197 fuit;
1005 3143 1229 3199 quart0,

150 3203 268 3269 quia
298 3202 594 3253 Christum
616 3216 649 3252 a
680 3217 741 3252 se
768 3211 822 3253 et
842 3203 912 3254 ab
940 3203 1067 3255 aliis
1090 3220 1232 3271 prae-

150 3272 322 3325 visum
353 3283 407 3323 et
438 3272 761 3339 predictum
789 3274 966 3341 digito
998 3276 1231 3327 demon-

150 3344 350 3404 stravit,
373 3343 526 3410 quod
543 3343 636 3393 alii
667 3360 774 3394 non
803 3345 1060 3413 fecerunt3
1082 3363 1230 3408 nam,

150 3417 449 3468 oeeundum
513 3416 875 3485 Gregorium,
950 3420 1231 3487 Prophetae

148 3487 386 3539 officium
430 3496 515 3537 est
552 3497 778 3540 ventura
804 3492 1104 3558 praedicere,
1135 3493 1231 3543 sed

151 3572 247 3609 non
269 3559 445 3610 etiam
480 3558 884 3625 demonstrare;
920 3562 1132 3629 quinto,
1154 3578 1232 3613 se-

152 3633 383 3683 cundum
408 3633 780 3697 Augustinum
799 3643 852 3684 et
867 3636 1228 3701 Ambrosium,

155 3711 222 3752 est
243 3717 421 3768 major
446 3702 764 3767 Prophetis„
795 3703 922 3770 quia
954 3705 1231 3771 Prophetoe

155 3769 448 3823 Dominum
497 3773 786 3825 venturum
830 3775 1230 3848 praenuntiave-

155 3854 291 3904 runt,
321 3858 493 3910 quem
510 3842 696 3894 videre
721 3840 1154 3898 desideraverunt
1177 3857 1231 3898 et

159 3928 257 3966 non
272 3915 552 3982 viderunt3
572 3916 705 3970 huic
724 3926 909 3970 autem
928 3919 1228 3987 prastitum

2318 301 2421 354 513

1350 427 1432 468 est
1489 420 1635 484 quod
1687 418 1768 469 illi
1823 419 2187 485 quaesierunt;
2240 428 2426 480 sextu,

1351 492 1651 542 secundum
1694 492 2117 559 Hieronymum,
2176 492 2307 558 quia
2356 492 2428 543 ad

1352 564 1698 630 privilegium
1748 566 2060 631 prophetale
2111 565 2275 616 etiam
2318 566 2428 616 Ba·-

1352 635 1527 702 ptistae
1557 636 1778 686 accessit
1817 636 2099 701 praemium
2119 675 2132 697 ,
2175 646 2236 686 ut
2264 652 2429 687 suum

1350 716 1405 757 et
1452 707 1846 771 Prophetarum
1896 707 2184 772 baptizaret
2228 706 2426 757 Domi-

1351 793 1518 839 num;
1570 777 1819 844 septimo,
1862 778 1990 844 quia
2018 780 2275 844 Angelu8‚
2302 787 2354 828 et
2375 778 2426 830 si

1352 864 1465 898 non
1495 860 1701 910 natura,
1735 860 1934 909 tamen,
1964 859 2025 900 ut
2047 849 2188 901 infra
2210 849 2428 901 videbi-

1350 928 1460 979 tur,
1490 919 1687 983 officio,
1709 920 1890 971 dictus
1915 930 2023 983 est;
2053 930 2258 985 octavo,
2296 921 2426 987 quia

1349 992 1649 1056 proximior
1677 991 1893 1042 Christo
1921 991 2026 1043 fuit
2051 1001 2104 1043 et
2135 1008 2267 1058 pene
2298 1009 2426 1044 cum

1349 1062 1472 1128 ipso
1513 1063 1675 1114 venit.
1738 1063 1893 1114 Unde
1943 1065 2366 1131 chrysostomus
2403 1083 2423 1118 ε

1353 1154 1377 1180 ιι
1429 1133 1639 1185 Omnes
1691 1135 1912 1200 quidem
1971 1136 2247 1202 Prophetae
2301 1146 2427 1187 ante

1348 1204 1540 1255 faciem
1556 1204 1760 1256 Christi
1784 1206 2088 1256 transmissi
2109 1217 2255 1267 sunt,
2276 1208 2425 1259 solus

1348 1286 1532 1327 autem
1576 1276 1812 1326 ,loannes
1851 1276 1930 1326 sic
1965 1277 2165 1327 missus
2198 1288 2278 1328 est
2305 1287 2426 1327 ante

1350 1348 1541 1399 faciem
1573 1347 1799 1410 Christi,
1823 1358 1886 1397 ut
1905 1363 2044 1414 pene
2060 1365 2184 1398 cum
2204 1349 2424 1400 Christo

1346 1420 1572 1472 veniret.
1603 1420 1880 1480 Quantum
1906 1436 2015 1486 prae
2056 1421 2245 1471 ceteris
2289 1423 2423 1472 Pro-

1349 1491 1529 1559 phetis
1576 1493 1810 1542 Joannoe
1871 1492 1930 1542 in
1995 1502 2234 1558 tempore
2276 1493 2424 1557 juxta

1348 1564 1629 1614 Christum
1647 1603 1661 1624 ,
1705 1573 1920 1614 tantum
1947 1563 2149 1628 justitia
2180 1579 2288 1630 prae
2310 1563 2422 1615 illis

1345 1635 1648 1700 proximior
1670 1643 1781 1684 erat
1814 1633 2050 1685 Christo.
2080 1635 2263 1685 Multae
2290 1634 2422 1700 qui-

1344 1705 1471 1755 dem
1517 1704 1686 1755 stellae
1718 1713 1840 1755 ante
1882 1705 2056 1755 lucem
2096 1706 2419 1770 praecedunt,

1347 1774 1660 1825 nuntiantes
1706 1774 1847 1825 lucis
1892 1775 2181 1825 adventum
2202 1814 2216 1836 ,
2273 1775 2421 1826 nulla

1343 1862 1530 1898 earum
1561 1846 1794 1897 Luciferi
1844 1862 2046 1897 nomen
2083 1848 2280 1898 habere
2302 1863 2420 1899 me·-

1345 1919 1472 1984 ruit,
1512 1919 1616 1970 nisi
1666 1934 1793 1980 una,
1827 1920 1957 1986 quia
1996 1937 2120 1970 cum
2156 1921 2271 1987 ipsa
2293 1922 2418 1972 ‘luce

1344 1991 1611 2057 procedit3
1656 1991 1734 2042 sic
1767 2007 1960 2042 omnes
1991 1993 2271 2058 Prophetae
2298 2003 2430 2044 ante·

1340 2061 1532 2113 faciem
1557 2061 1761 2112 Christi
1784 2063 2092 2127 praecedunt
2113 2063 2419 2114 nuntiantes

1342 2133 1634 2182 adventum
1656 2132 1790 2196 ejuS,
1816 2133 1967 2182 solus
1988 2141 2165 2183 tamen
2191 2134 2416 2184 joannes

1346 2202 1652 2254 Praecursor
1679 2214 1760 2254 est
1791 2203 2117 2270 appellatus;
2149 2203 2278 2270 quia
2306 2220 2418 2255 non

1343 2275 1522 2325 solum
1549 2276 1838 2326 adventum
1859 2276 1975 2340 ejus
1998 2275 2299 2335 annuntiat,
2321 2277 2416 2326 sed

1342 2346 1503 2395 etiam
1539 2345 1696 2394 illum
1712 2345 1883 2410 digito
1910 2345 2163 2404 ostendit,
2192 2346 2412 2397 dicensz

1341 2416 1490 2488 Ecce
1504 2418 1700 2482 Agnus
1724 2416 1831 2466 Dei
1850 2434 1870 2468 .-
1890 2436 1918 2464 n
1939 2416 2051 2467 haec
2076 2416 2414 2484 Chrysosto-

1340 2503 1481 2539 mus·

1402 2575 1438 2628 9
1470 2559 1878 2614 Coumnnrun
1925 2576 1992 2609 AB
2047 2575 2414 2612 merom-xm

1339 2647 1618 2683 noc-ramis
1662 2646 1731 2682 nr
1765 2648 1832 2682 ΑΒ
1862 2648 2086 2683 orricio.
2112 2662 2175 2672 —
2206 2634 2411 2694 Quarto

1339 2702 1685 2752 commendat
1713 2716 1839 2752 eum
1876 2702 1942 2751 ab
1969 2703 2278 2753 auctoritate
2307 2705 2415 2754 do-

1338 2774 1528 2824 ctrinae
1557 2784 1610 2823 et
1632 2773 1801 2824 officii
1835 2774 2111 2841 dignitate,
2133 2792 2256 2826 cum
2285 2776 2414 2827 dici-

1340 2856 1432 2897 tur
1465 2863 1480 2897 ε
1510 2846 1623 2897 Hic
1649 2853 1731 2898 est
1753 2847 1892 2898 enim
1928 2847 1995 2897 de
2022 2863 2125 2914 quo
2153 2849 2410 2914 scriptum

1339 2928 1422 2973 est
1448 2921 1506 2971 in
1536 2922 1813 2982 Malachia,
1843 2932 1895 2972 et
1919 2931 2046 2972 sunt
2060 2922 2223 2973 verba
2244 2923 2416 2973 Patris

1338 2993 1405 3043 ad
1437 2992 1659 3053 Filium,
1688 2992 1949 3044 Joannem
1979 2994 2414 3044 commendantis

1338 3075 1394 3115 et
1432 3065 1660 3115 dicentis
1690 3082 1705 3115 z
1735 3066 1880 3117 Ecce
1909 3080 2012 3132 ego
2043 3066 2193 3117 mitto
2221 3068 2414 3132 Ange-

1339 3136 1449 3186 lum
1479 3150 1667 3197 mum,
1697 3135 1765 3198 {id
1800 3146 1881 3186 est
1910 3137 2182 3197 nuntium,
2214 3137 2415 3189 scilicet

1336 3207 1600 3257 Joannem
1642 3206 1964 3272 Baptistam,
2000 3207 2096 3273 qui
2135 3207 2295 3258 etiam
2324 3208 2413 3258 vi-

1337 3290 1450 3331 tam
1496 3280 1653 3331 duxit
1700 3281 1994 3348 angelicam
2039 3287 2165 3332 ante
2205 3282 2412 3348 faciem

1340 3357 1503 3413 tuam,
1547 3351 1603 3401 id
1631 3361 1713 3403 est
1739 3362 1859 3402 ante
1893 3352 2235 3418 pra-‚sentiam
2260 3363 2408 3403 tuam

1337 3424 1689 3487 temporalem
1714 3432 1770 3473 et
1805 3433 1927 3473 ante
1952 3423 2188 3488 ejusdem
2218 3433 2412 3489 poten·

1335 3493 1424 3543 tiae
1442 3494 1933 3546 manifestationem
1952 3505 2005 3545 et
2016 3497 2377 3563 cognitionem
2393 3512 2409 3560 3

1335 3564 1430 3631 qui
1456 3566 1799 3633 proeparabt‘t
1840 3566 1982 3617 viam
2037 3573 2182 3617 tuam
2215 3567 2414 3632 praedi-

1336 3637 1508 3687 cando
1557 3637 1929 3703 poenitentiam
1948 3678 1962 3699 ,
1998 3639 2317 3704 baptizando
2344 3639 2411 3690 ad

1336 3707 1819 3770 assuefactionem,
1854 3719 1906 3760 te
1950 3708 2313 3759 annuntiando
2354 3725 2415 3761 ac

1336 3777 1749 3839 manifestando,
1800 3794 1859 3829 ac
1900 3780 2060 3829 corda
2100 3776 2410 3830 auditorum

1334 3849 1402 3899 ad
1438 3850 1808 3916 recipiendum
1844 3860 1897 3900 te
1934 3858 1987 3900 et
2019 3858 2165 3899 tuam
2209 3851 2410 3915 proedi-

1333 3922 1605 3977 cationem
1628 3924 1809 3991 pervia
1839 3922 2143 3987 reddendo;
2180 3930 2305 3975 ante
2330 3930 2406 3988 te,
