2757 4413
963 271 1056 322 DE
1090 271 1410 324 PASTORE
1448 273 1695 324 OVIUM„

196 388 477 455 quomodo
514 403 638 438 eum
681 387 1016 438 erudiemus?
1054 389 1120 438 Et
1165 403 1273 454 qua

195 461 367 528 gratia
394 460 555 510 nobis
600 461 758 511 breve
793 470 1006 526 tempus
1040 461 1273 525 praescri-

197 531 304 598 psit
341 532 518 581 Deus?
543 531 590 581 O
618 531 919 590 stultitiam,
944 544 976 581 o
1004 530 1270 596 insipien-

196 609 352 671 tiam,
391 622 492 672 pro
521 622 631 672 quo
660 606 907 656 maximae
950 607 1129 672 gratiae
1168 606 1270 656 ha·-

199 681 393 731 bendae
436 688 580 737 sunt,
613 678 758 744 quod
789 679 997 727 labores
1025 677 1183 728 nobis
1219 687 1271 728 et

195 753 427 802 sudores
455 749 668 808 minuit,
698 750 839 815 quod
886 749 1124 814 requiem
1168 765 1269 799 no-

198 823 283 872 bis
330 831 383 871 et
423 819 771 870 aeternitatem
820 818 1056 884 largitur,
1092 818 1147 868 id
1179 835 1269 868 re-

199 890 518 960 prehendis,
539 899 591 939 et
618 890 846 939 molesto
870 889 979 939 fers
1008 888 1216 940 animo!
1240 909 1266 937 n

198 969 312 1016 haec
331 962 776 1029 Chrysostomus.
796 962 947 1012 Unde
966 971 1016 1011 et
1035 962 1238 1012 Seneca
1250 979 1267 1012 .-

201 1057 228 1084 α
262 1033 489 1088 Etiamsi
530 1034 763 1083 multum
802 1043 1100 1098 superesset
1140 1042 1268 1082 aeta-

198 1109 287 1167 tis,
305 1121 470 1172 parce
490 1105 911 1170 dispensandum
935 1113 1062 1162 erat,
1081 1112 1141 1153 ut
1163 1102 1269 1154 suf-

196 1178 380 1229 ficeret
400 1176 740 1238 necessariis;
759 1192 903 1226 nunc
919 1190 1040 1241 quae
1060 1176 1270 1225 demen-

195 1253 270 1304 tia
302 1262 386 1303 est
413 1265 738 1316 supervacua
774 1251 980 1301 discere
1024 1250 1082 1301 in
1123 1259 1269 1299 tanta

195 1324 463 1391 temporis
480 1378 484 1382 ,
504 1321 760 1387 egestate?
788 1323 870 1372 Eo
895 1322 1066 1388 magis
1089 1321 1269 1387 itaque

194 1396 455 1462 indignor
494 1394 723 1459 aliquos,
752 1411 817 1444 ex
872 1394 975 1444 hoc
1028 1403 1268 1457 tempore

183 1469 348 1535 quod
368 1466 619 1518 sufficere
641 1481 708 1517 ne
729 1467 796 1517 ad
820 1467 1115 1517 necessaria
1140 1461 1267 1533 qui-

2341 281 2449 351 769

1377 390 1500 438 dem
1522 398 1712 454 potest,
1735 390 1945 441 etiamsi
1968 393 2296 444 custoditum
2315 397 2449 447 dili-

1377 463 1694 528 gentissime
1751 463 1912 516 fuerit
1929 504 1957 527 ,.
2004 466 2061 516 in
2123 484 2448 534 supervacua

1378 537 1636 601 majorem
1673 547 1877 604 partem
1918 555 2151 605 erogare.
2183 543 2305 592 Non
2332 554 2447 594 tam

1377 608 1675 675 benignum
1702 626 1760 661 ac
1789 611 2005 663 liberale
2028 624 2238 680 tempus
2260 626 2446 668 natura

1380 680 1538 730 nobis
1564 682 1729 742 dedit,
1759 692 1819 732 ut
1860 684 2063 750 aliquid
2105 701 2169 735 ex
2198 702 2262 736 eo
2298 698 2448 739 vacet

1375 750 1611 814 perdere.
1640 752 1706 801 Et
1732 753 1854 803 vide
1882 769 2046 819 quam
2073 755 2244 805 multa
2282 756 2446 814 etiam

1376 820 1811 886 diligentissimis
1840 834 2076 889 pereant.
2101 825 2267 875 Aliud
2298 827 2445 877 vale,-

1375 893 1507 941 tudo
1535 908 1630 943 sua
1653 893 1850 959 cuique
1875 896 2112 957 abstulit,
2133 898 2276 947 aliud
2310 913 2445 948 suo-

1376 976 1524 1025 rum;
1552 963 1698 1012 aliud
1720 966 2013 1017 necessaria
2040 968 2275 1033 negotia,
2295 966 2443 1018 aliud

1375 1038 1591 1102 publica
1621 1050 2025 1104 occupaverunt.
2054 1043 2236 1093 Vitam
2264 1043 2446 1093 nobis·

1374 1127 1498 1160 cum
1540 1111 1731 1161 dividit
1774 1128 2015 1165 somnus.
2046 1115 2124 1165 Ex
2167 1115 2270 1166 hoc
2297 1128 2443 1166 tem-

1376 1199 1504 1248 pore
1543 1193 1652 1233 tam
1695 1195 1924 1250 angusto
1957 1196 2010 1236 et
2035 1187 2224 1253 rapido
2257 1199 2309 1239 et
2341 1204 2443 1240 nos

1372 1255 1663 1316 auferente,
1694 1257 1826 1324 quid
1851 1257 1995 1323 juvat
2028 1261 2286 1326 majorem
2315 1278 2442 1326 par-

1372 1335 1482 1377 tem
1513 1325 1726 1377 mittere
1767 1327 1824 1377 in
1855 1329 2091 1378 vanum?
2116 1349 2144 1378 »
2174 1331 2291 1381 haec
2337 1334 2441 1384 Se-

1372 1411 1518 1448 neca.

1180 1637 1453 1688 ORATIO

251 1787 488 1842 Domine
513 1790 639 1840 ,lesu
681 1788 914 1850 Christe,
936 1789 1030 1856 qui
1048 1788 1366 1840 illuminasti
1403 1790 1590 1840 oculos
1620 1790 1747 1841 caeci
1782 1789 1917 1851 nati,
1937 1790 2206 1852 illumina,
2236 1807 2441 1858 quaeso‚

194 1865 380 1914 oculos
410 1861 588 1912 cordis
613 1861 739 1920 mei,
771 1877 838 1912 ne
872 1861 925 1911 in
962 1863 1200 1913 tenebris
1224 1862 1517 1922 offendam,
1552 1863 1634 1912 vel
1663 1879 1907 1929 unquam
1946 1863 2003 1912 in
2035 1874 2207 1914 morte
2238 1864 2442 1914 obdor-

192 1933 380 1983 miam.
423 1928 568 1982 Deus
612 1932 735 1982 vitae
777 1947 927 1993 meae,
967 1948 1130 1998 quam
1165 1948 1298 1983 vane
1348 1942 1670 1998 consumpta
1714 1944 1857 1995 sunt,
1901 1949 2064 2000 quam
2116 1934 2447 1985 infructuose

192 2000 340 2071 lapsa
363 2014 492 2055 sunt
519 2015 760 2069 tempora
787 2020 922 2065 mea,
953 2020 1076 2072 quae
1105 2005 1298 2056 dedisti
1323 2004 1464 2054 mihi
1496 2015 1556 2054 ut
1584 2006 1809 2056 facerem
1841 2007 2172 2056 voluntatem
2200 2018 2349 2056 tuam
2383 2007 2443 2057 in

190 2076 289 2138 eis,
320 2087 372 2127 et
408 2092 520 2125 non
551 2072 681 2126 feci!
719 2074 863 2136 Quot
890 2078 1041 2140 anni,
1070 2087 1204 2143 quot
1227 2092 1458 2136 menseS‚
1491 2087 1624 2143 quot
1649 2077 1781 2137 dies,
1812 2087 1945 2143 quot
1987 2077 2138 2128 horae
2168 2078 2446 2143 perierunt

192 2150 336 2217 apud
362 2165 469 2212 me,
495 2148 552 2199 in
574 2146 775 2216 quibus
800 2149 915 2199 sine
939 2148 1113 2199 fructu
1143 2149 1249 2199 vixi
1269 2165 1450 2200 coram
1472 2149 1545 2199 te!
1568 2149 1705 2210 Fiat,
1726 2150 1950 2199 amande
1978 2152 2151 2211 Pater,
2178 2150 2281 2200 hoc
2306 2150 2449 2201 resi-

189 2219 365 2272 duum
397 2222 660 2286 temporis
684 2221 789 2271 mei
817 2220 1153 2272 fructuosum
1179 2231 1230 2271 et
1268 2221 1656 2272 sanctificatum
1699 2222 1757 2271 in
1790 2222 1958 2287 gratia
1982 2232 2092 2281 tua,
2132 2231 2192 2272 ut
2233 2223 2288 2271 in
2319 2223 2440 2273 die-

177 2295 295 2345 tbus
327 2293 646 2345 aeternitatis
674 2294 904 2344 inveniat
930 2294 1130 2356 locum,
1152 2303 1203 2344 et
1243 2293 1603 2361 computabile
1629 2295 1701 2345 sit
1736 2304 1854 2346 ante
1879 2306 1950 2346 te.
1969 2296 2162 2345 Amen.

943 2650 1278 2722 CAPUT
1344 2651 1706 2720 LXXXVI

942 2878 1048 2948 De
1093 2888 1389 2971 pastore
1448 2878 1703 2949 ovium.

1034 3099 1302 3163 Joannis
1350 3120 1487 3182 cap.
1532 3122 1631 3163 10.

260 3335 278 3368 1
318 3320 638 3368 Smerruno
672 3331 843 3369 owms
878 3331 946 3365 m·
972 3330 1094 3366 mus
1126 3306 1261 3366 osi-11

165 3389 432 3441 *Cr-{msto
454 3402 762 3437 *Prumm-
795 3412 856 3423 —-
879 3385 951 3436 Et
978 3387 1108 3452 quia
1134 3387 1258 3437 caeci

187 3469 243 3511 et
281 3458 549 3510 increduli
586 3456 839 3508 Pharisaei
868 3466 921 3507 et
946 3457 1118 3507 Judaei
1150 3474 1261 3508 non

189 3532 503 3583 accedentes
525 3531 597 3580 ad
635 3531 807 3581 lucem
835 3530 1137 3591 Christum,
1167 3531 1260 3597 qui

166 3613 272 3655 ast
298 3603 408 3665 νία,
438 3602 712 3653 νενίταεετ
733 3602 860 3664 vita,
878 3617 976 3652 nec
1003 3602 1263 3652 intrantes

180 3673 246 3725 in
287 3672 431 3724 ovile
456 3672 665 3733 ovium,
694 3682 756 3723 ut
782 3688 907 3724 oves
933 3672 1154 3723 Domini
1174 3673 1266 3723 fie-

186 3756 331 3808 rent,
354 3747 618 3811 jactabant
645 3762 703 3797 se
738 3746 918 3797 videre
949 3746 1071 3797 sine
1096 3746 1261 3797 Chri-
1305 3807 1308 3818 f

161 3826 297 3879 :st0,
328 3826 386 3868 et
412 3828 511 3883 per
536 3829 873 3883 consequens
897 3829 1054 3884 posse
1073 3816 1144 3867 ad
1164 3831 1261 3869 ve-

1376 3314 1588 3364 ritatem
1637 3315 1915 3380 pervenire
1986 3317 2106 3367 sine
2156 3333 2253 3381 e0;
2318 3317 2439 3371 ideo

1374 3388 1641 3452 Christus,
1661 3390 1753 3455 qui
1778 3406 1938 3456 supra
1959 3391 2156 3457 incepit
2173 3392 2446 3458 disputare

1377 3470 1563 3511 contra
1591 3462 1899 3526 superbiam
1924 3472 1974 3512 et
1999 3462 2303 3527 jactantiam
2343 3478 2443 3514 eo-

1377 3549 1519 3593 rum,
1546 3549 1702 3593 nunc,
1720 3543 1784 3585 ut
1810 3535 1949 3585 hanc
1981 3535 2152 3601 magis
2174 3534 2440 3601 retundat,

1377 3604 1631 3669 proponit
1666 3615 1849 3656 contra
1875 3621 1991 3656 eam
2028 3604 2443 3657 similitudinem

1375 3677 1703 3728 humilitatis
1738 3679 1805 3728 de
1851 3677 1978 3728 ovili
2017 3687 2069 3727 et
2128 3676 2264 3726 ostio
2308 3676 2443 3741 ejus,

1377 3763 1612 3815 quorum
1648 3759 1940 3813 utrumque
1979 3756 2062 3797 est
2088 3746 2313 3811 humile,
2343 3762 2443 3800 nec

1374 3818 1630 3881 admittit,
1655 3818 1760 3870 nisi
1805 3816 2151 3869 humiliantes
2178 3832 2256 3869 se.
2282 3817 2363 3871 Ac
2393 3815 2441 3872 εἶ
