2757 4413
257 298 364 349 812

257 415 554 468 serationes
598 409 817 461 Domini
861 425 984 475 erga
1025 423 1082 457 se
1133 405 1329 471 recogi-

259 498 393 547 tans,
420 484 630 536 reducit
670 498 760 534 eas
798 482 863 532 ad
894 489 1100 545 septem
1130 492 1324 543 panes,

257 557 457 624 quibus
498 570 622 605 eum
664 553 931 604 Dominus
959 546 1328 600 misericordi-

255 638 336 679 ter
390 627 603 678 reficere
643 626 898 691 dignatus
938 621 1058 673 fuit.
1111 620 1185 677 Et
1226 634 1326 669 nos

257 699 324 749 de
357 697 560 747 eisdem
597 695 828 761 panibus
854 691 994 742 vesci
1037 690 1320 749 debemuS,

258 768 306 820 si
348 768 406 818 in
448 777 558 818 v1ta
603 762 865 831 spirituali
908 761 1160 829 proficere
1191 758 1327 810 veli-

261 855 403 899 muS,
444 850 504 889 ut
546 838 786 888 dicamus
826 851 949 886 cum
992 832 1322 884 Psalmista:

269 912 495 962 Veniant
534 909 662 959 mihi
702 906 1072 957 miserationes
1104 910 1241 967 tuoe,
1276 908 1329 952 et

259 985 451 1034 vivam.
478 982 689 1033 Primus
712 980 883 1046 paniS,
913 979 996 1031 vel
1027 978 1201 1044 prima
1217 976 1326 1027 mi-

255 1054 571 1117 sericordia,
631 1053 925 1103 secundum
965 1050 1323 1112 Ber-nardum,

245 1135 334 1176 est
367 1124 756 1192 praeservatioa
775 1123 960 1174 multis
988 1121 1235 1188 peccatiS,
1268 1119 1326 1169 in

254 1214 375 1266 quae
415 1197 707 1257 incidisset,
750 1197 796 1248 si
826 1212 953 1248 eum
988 1194 1083 1245 Dei
1112 1193 1328 1243 miseri-

255 1271 435 1321 cordia
462 1284 570 1320 non
585 1270 920 1321 custodisset.
953 1268 1127 1333 Hujus
1154 1265 1322 1332 panis,

257 1341 554 1394 secundum
633 1340 884 1391 eumdem
951 1337 1322 1400 Bernardum,

257 1412 359 1462 tria
384 1422 512 1461 sunt
545 1410 840 1477 fragmenta
878 1426 890 1460 :
925 1427 952 1456 «
982 1407 1202 1467 Tribus,
1228 1406 1324 1456 in-

257 1486 395 1553 quit,
435 1486 614 1536 modis
642 1501 672 1536 a
702 1484 928 1552 peccatis
971 1498 1059 1533 me
1096 1480 1322 1531 memini

255 1569 632 1609 conservatum
693 1574 706 1607 :
761 1556 1057 1609 occasionis
1110 1554 1324 1604 subtra-

257 1630 452 1691 ctione,
513 1632 796 1682 resistendi
843 1630 964 1680 data
1008 1628 1221 1691 virtute,
1276 1636 1326 1677 et

259 1701 554 1753 affectionis
594 1702 837 1753 sanitate.
876 1720 904 1748 >³
946 1730 1007 1740 —
1050 1698 1325 1749 Secundus

261 1775 416 1841 panis
444 1785 525 1825 est
562 1776 647 1840 pia
668 1775 761 1824 Dei
791 1772 1153 1824 dissimulatio
1190 1770 1326 1820 circa

261 1854 584 1910 peccantem,
614 1844 743 1909 quia
784 1843 1024 1893 tardabat
1059 1841 1324 1891 ultionem

255 1927 308 1968 et
339 1917 731 1981 indulgentiam
759 1914 1051 1980 cogitabat3
1085 1914 1246 1964 habet
1276 1923 1326 1963 et

258 1988 348 2040 hic
380 1988 533 2053 panis
562 1988 664 2038 tria
688 1987 1000 2054 fragmenta,
1029 1985 1277 2037 videlicet
1308 2003 1323 2035 ι

255 2058 748 2124 longanimitatem,
811 2072 976 2123 quam
1046 2055 1324 2121 exhibuit,

257 2130 571 2180 electionem
614 2126 1118 2195 praedestinationis,
1159 2144 1323 2195 quam

255 2200 466 2266 impleri
489 2199 677 2260 voluit,
706 2211 758 2251 et
784 2199 1066 2250 caritatem
1085 2198 1323 2262 nimiam,

257 2287 361 2339 qua
408 2272 605 2323 dilexit
647 2287 762 2323 nos.
814 2300 875 2309 —
919 2264 1326 2337 Tertius'panis

259 2352 340 2393 est
362 2343 656 2402 miseratio,
689 2358 798 2410 qua
827 2341 1089 2392 convertit
1115 2341 1179 2390 ad
1207 2357 1325 2407 poe-

259 2415 562 2465 nitentiam.
616 2414 716 2465 Hic
763 2414 926 2464 etiam
969 2413 1123 2479 panis
1165 2413 1329 2463 habet

254 2485 360 2535 tria
400 2483 725 2549 fragmenta3
771 2484 900 2549 quia
937 2498 1029 2533 cor
1067 2484 1323 2544 concutit,

178 2578 179 2581 ¹
259 2557 497 2607 excitans
551 2557 684 2607 illud
731 2566 791 2606 ut
823 2556 1055 2606 advertat
1100 2570 1324 2605 suorum

168 2690 171 2693 Α
257 2628 479 2679 vulnera
526 2638 879 2695 peccatorum,
937 2636 991 2677 et
1042 2627 1324 2676 vulnerum

257 2698 496 2749 dolorem
550 2699 768 2762 sentiat3
826 2707 1002 2761 terret,
1059 2698 1326 2749 deducens

256 2768 321 2817 ad
358 2779 537 2833 portas
579 2769 751 2831 inferi,
796 2779 848 2819 et
881 2777 1181 2834 praeparata
1213 2769 1327 2819 ini-

257 2837 380 2902 quis
413 2840 674 2904 supplicia
711 2840 1047 2901 monstra'ns3
1080 2848 1132 2889 et
1173 2855 1324 2905 spem

260 2908 350 2957 dat
387 2908 771 2977 intelligentiae.
802 2939 862 2948 —
901 2911 1136 2970 Quartus
1169 2911 1324 2975 panis

259 2987 338 3028 est
382 2978 718 3044 indulgentia
772 2990 1129 3044 peccatorum,
1177 2981 1323 3046 quod

255 3051 500 3101 videlicet
521 3053 666 3104 Deus
694 3054 1043 3118 poenitentem
1064 3069 1187 3105 eum
1211 3053 1323 3103 mi·
1351 3100 1357 3105 .

255 3121 590 3173 sericorditer
627 3124 880 3191 suscepit.
925 3125 989 3175 Et
1034 3124 1123 3175 hic
1166 3124 1323 3188 panis

259 3193 421 3244 habet
448 3192 550 3243 tria
574 3193 888 3259 fragmenta,
930 3195 1074 3263 quia,
1106 3205 1166 3246 ut
1194 3195 1324 3245 dicit

256 3264 574 3315 Bet-nardus
607 3282 622 3315 .·
661 3283 689 3311 α
714 3264 803 3314 Sic
831 3281 896 3316 ex
923 3275 1036 3316 toto
1063 3267 1208 3317 Deus
1233 3265 1323 3316 in-

250 3337 446 3400 dulsit,
494 3348 549 3388 et
605 3348 715 3388 tam
767 3337 1057 3393 liberaliter
1101 3355 1321 3391 omnem

253 3405 471 3459 donavit
498 3409 751 3474 injuriam
779 3425 792 3457 z
822 3417 882 3458 ut
902 3409 1009 3474 jam
1041 3425 1137 3461 nec
1164 3411 1321 3462 darn-

256 3489 347 3532 net
382 3483 704 3544 ulciscendo,
726 3482 896 3550 ‘quod
935 3492 1014 3533 est
1052 3485 1319 3549 primum;

256 3566 353 3602 nec
382 3553 673 3604 confundat
710 3554 1144 3620 improperando,
1174 3556 1320 3622 quod

249 3631 330 3671 est
384 3625 678 3675 secundum
695 3641 710 3690 ;
768 3640 867 3676 nec
905 3624 1089 3676 minus
1133 3625 1320 3693 impu—

251 3693 433 3753 tando,
463 3697 608 3760 quod
633 3706 713 3748 est
734 3696 974 3748 tertium.
1002 3715 1029 3744 >2
1050 3725 1111 3735 -
1135 3699 1316 3760 Quin-

248 3769 336 3811 tus
363 3764 518 3828 panis
537 3775 617 3815 est
629 3767 959 3818 continentia
978 3782 1009 3819 a
1025 3770 1310 3832 peccand0‚

1415 2057 1557 2119 'spes
1600 2068 1720 2105 mea
1756 2052 2007 2105 consistit
2048 2069 2062 2102 ι

908 290 1148 342 PRIMAE
1179 288 1431 340 PARTIS
1462 286 1695 338 CAPUT
1721 285 1857 362 XCI.

1435 405 1524 456 hic
1545 402 1700 470 panis
1724 402 1883 453 etiam
1909 400 2071 452 habet
2100 398 2203 449 tria
2226 398 2510 463 fragmen-

1435 488 1512 543 ta;
1545 494 1672 528 nam
1702 477 1817 528 haec
1843 474 2176 526 continentia
2200 473 2364 522 habet
2393 482 2512 524 tres

1435 559 1867 617 oppugnatores,
1928 547 2128 599 scilicet
2188 562 2203 597 ι
2252 549 2470 595 carnem
2490 582 2508 605 ,

1435 622 1702 672 mundum
1757 631 1809 671 et
1862 618 2164 683 malignum
2219 616 2505 681 spiritum,

1434 693 1635 759 quibus
1674 692 1919 743 resistere
1953 699 2133 741 nostra
2161 688 2359 738 virtute
2389 703 2510 738 non

1433 767 1701 829 valemus3
1741 766 1834 817 sed
1866 780 2001 831 pane
2029 764 2131 814 isto
2157 761 2355 812 divinae
2390 759 2509 812 mi-

1433 837 1737 888 sericordiae
1791 834 2090 897 confortati,
2134 833 2402 883 habemus
2443 832 2509 883 in

1435 909 1672 959 Domino
1715 909 1854 958 hanc
1902 906 2175 957 virtutem.
2206 932 2267 941 —
2308 907 2510 956 Sextus

1436 980 1591 1046 panis
1615 990 1695 1031 est
1717 979 1884 1046 gratia
1905 976 2267 1042 promerendi,
2293 991 2402 1042 qua
2425 976 2507 1026 vi·

1434 1051 1625 1102 delicet
1665 1051 1849 1102 minus
1901 1050 2056 1100 bonae
2108 1046 2507 1100 conversationi

1434 1125 1690 1191 indulget.
1723 1125 1899 1184 Quam
1925 1121 2155 1189 gratiam
2189 1120 2319 1170 dicit
2358 1121 2506 1173 Ber—

1434 1196 1639 1245 nardus
1667 1195 1723 1245 in
1755 1195 1930 1245 tribus
1970 1192 2205 1242 maxime
2241 1201 2509 1254 constare,

1417 1273 1692 1334 ‘tanquam
1737 1263 2071 1331 fragmentiS,
2106 1262 2396 1312 videlicet:
2441 1262 2508 1315 'm

1434 1340 1558 1391 odio
1627 1338 2022 1405 praeoeritorum
2084 1336 2382 1396 malorum,
2441 1335 2508 1387 in

1433 1422 1743 1478 contemptu
1776 1412 2046 1462 bonorum
2069 1407 2416 1473 praesentium
2453 1418 2510 1460 et

1434 1485 1699 1536 desiderio
1739 1483 2065 1534 futurorum.
2121 1510 2186 1518 —
2226 1480 2511 1546 Septimus

1434 1555 1590 1620 panis
1617 1565 1697 1605 est
1731 1569 1853 1620 spes
1883 1551 2197 1611 obtinendi,
2229 1566 2333 1617 qua
2360 1551 2511 1602 Deus

1433 1627 1602 1677 donat
1653 1625 1865 1677 homini
1906 1624 2130 1690 indigno
2168 1632 2222 1673 et
2260 1630 2509 1686 peccato-

1434 1700 1477 1749 ri
1522 1701 1588 1749 de
1625 1714 1730 1749 *sua
1780 1697 1940 1748 toties
2003 1705 2219 1762 experto
2266 1694 2509 1747 bonitate

1433 1785 1606 1835 usque
1650 1770 1715 1820 ad
1751 1766 1985 1818 coelestia
2017 1766 2279 1833 speranda
2305 1779 2507 1829 praesu·

1433 1856 1616 1905 mere;
1661 1840 1814 1903 cujus
1840 1838 2004 1904 etiam
2030 1837 2157 1898 tria,
2204 1835 2502 1886 secundum

1432 1909 1802 1972 Bet-nardum,
1853 1908 2151 1974 fragmenta
2209 1924 2223 1955 :
2279 1924 2305 1951 «
2351 1904 2503 1967 Tria,

1433 1981 1642 2047 inquit,
1683 1980 1995 2040 considero,
2050 1978 2105 2029 in
2145 1978 2347 2044 quibus
2387 1985 2505 2027 tota

2111 2051 2387 2101 caritatem
2410 2050 2505 2101 ad-

1434 2125 1702 2190 optionis,
1756 2124 2035 2175 veritatem
2090 2120 2504 2189 promissionis»,

1433 2205 1750 2262 potestatem
1767 2193 2104 2246 redditionis.
2134 2213 2163 2241 >s

1505 2283 1565 2317 12
1618 2269 1826 2318 SEPTEM
1873 2282 2036 2318 mum
2098 2279 2505 2317 rent-‘scrotum-

1434 2366 1494 2375 —
1543 2336 1746 2389 Refecti
1776 2337 1989 2388 duobus
2045 2335 2367 2402 septenariis
2416 2350 2510 2401 pa-

1433 2428 1586 2471 num,
1625 2427 1659 2462 a
1699 2412 1849 2461 beato
1889 2410 2175 2462 Bet-nardo
2221 2408 2382 2458 nobis
2417 2423 2509 2476 ap·

1433 2486 1657 2551 positiS,
1713 2485 1961 2536 videlicet
2018 2481 2393 2548 incipientium
2449 2493 2506 2536 et

1429 2559 1850 2626 proficientium,
1883 2556 2204 2608 festinemus
2247 2570 2394 2607 nunc
2419 2565 2506 2608 ut-

1432 2645 1644 2696 cunque
1685 2639 1899 2696 gustare
1922 2637 2128 2693 septem
2155 2626 2291 2677 alios
2313 2641 2345 2674 a
2372 2625 2504 2692 Spi-

1433 2701 1541 2752 ritu
1606 2702 1801 2750 Sancto
1868 2699 2026 2749 nobis
2094 2695 2503 2764 proponendos,

1432 2772 1633 2837 quibus
1661 2769 1975 2823 reficiuntur
2003 2769 2200 2820 animae
2229 2765 2503 2834 perfecto-

1431 2859 1572 2904 rum,
1603 2842 1698 2908 qui
1738 2857 1902 2908 panes
1939 2851 2073 2891 sunt
2114 2849 2319 2904 septem
2358 2839 2502 2892 dona

1432 2913 1666 2978 Spiritus
1717 2913 1921 2976 Sancti3
1973 2911 2100 2963 felix
2151 2911 2332 2961 anima
2373 2923 2497 2977 quae

1432 2983 1523 3035 his
1553 2983 1779 3035 saturari
1809 2982 2096 3033 meruerit!
2125 2983 2192 3033 Et
2221 2982 2356 3034 bene
2380 2982 2500 3034 haec

1429 3056 1569 3107 dona
1591 3056 1816 3108 nomine
1848 3071 2051 3120 panum
2089 3055 2500 3120 describuntur,

1428 3127 1557 3193 quia
1584 3125 1966 3179 delectabiliter
1985 3124 2231 3177 reficiunt
2255 3127 2505 3178 animam

1429 3197 1486 3247 in
1528 3196 1796 3263 praesenti,
1835 3204 1894 3248 et
1935 3197 2136 3248 satiant
2182 3197 2237 3248 in
2294 3196 2502 3248 futuro·

1434 3268 1644 3318 Primus
1676 3267 1831 3333 panis
1861 3277 1946 3320 est
1965 3268 2132 3333 timor
2160 3269 2405 3329 Domini,
2437 3270 2506 3320 ti·

1430 3353 1566 3397 mor,
1618 3338 1862 3403 inquam,
1911 3338 2121 3403 ,filialis3
2167 3355 2296 3390 nam
2332 3341 2505 3392 timor

1428 3409 1637 3462 servilis
1661 3409 2042 3475 incipientium
2066 3421 2164 3461 est.
2197 3411 2264 3461 Et
2297 3411 2388 3463 hic
2417 3423 2507 3467 est

1429 3481 1594 3534 timor
1634 3491 1828 3545 castus,
1868 3498 1978 3549 quo
2025 3481 2150 3549 quis
2186 3497 2252 3533 ex
2300 3483 2503 3537 timore

1427 3554 1583 3606 timet
1603 3569 1635 3606 a
1657 3555 1771 3607 Deo
1810 3554 2059 3622 separari,
2091 3563 2144 3605 et
2172 3555 2293 3606 ideo
2321 3556 2500 3608 decli-

1427 3637 1519 3678 nat
1548 3643 1578 3677 a
1611 3627 1771 3688 malm
1802 3628 1947 3693 quod
1980 3627 2338 3679 contrariatur
2362 3629 2498 3682 Deo.

1424 3727 1485 3737 -··
1524 3699 1628 3750 Sed
1657 3699 1787 3765 quia
1814 3708 2022 3765 oportet
2070 3699 2232 3749 etiam
2274 3700 2499 3754 benefa-

1422 3784 1557 3831 cere,
1601 3770 1847 3837 sequitur
1883 3770 2149 3821 secundus
2177 3771 2351 3835 panis,
2383 3771 2496 3838 qui

246 3845 341 3880 seu
367 3834 535 3885 virtus
563 3838 873 3889 continendi
901 3849 953 3890 et
975 3840 1311 3892 emendatius
1420 3852 1500 3892 cst
1526 3843 1730 3894 donum
1764 3842 2001 3909 pietatiS,
2032 3857 2142 3908 quo
2174 3855 2361 3896 monet
2389 3862 2498 3902 noe

244 3901 474 3969 vivendi,
507 3923 574 3961 ne
598 3909 893 3964 recidivum
925 3922 1210 3979 pateretur.
1237 3913 1310 3966 Et

1417 3913 1651 3978 Spiritus
1691 3915 1935 3979 Sanctus,
1976 3923 2038 3967 ut
2079 3931 2369 3982 operemur
2393 3921 2498 3974 bo-
