2757 4413
350 265 454 320 538

346 381 728 433 miraculorum
776 381 1113 448 operatione,
1155 381 1405 433 viderunt

343 452 459 516 eius
508 451 732 518 gloriam
777 451 862 501 >in
920 451 1403 517 transfiguratione.

345 523 506 574 Beati
519 533 572 573 et
590 523 668 573 illi
688 523 780 589 qui
798 522 919 573 licet
940 523 1283 588 corporaliter
1302 538 1405 574 non

344 594 606 658 uiderunt,
627 610 722 660 per
739 594 900 644 fidem
921 604 1098 645 tamen
1129 604 1181 645 et
1208 595 1407 645 mentis

343 664 513 714 oculis
530 665 779 715 viderunt
804 671 857 716 et
878 665 1232 727 crediderunt,
1259 665 1404 730 quod

344 748 442 800 per
511 735 740 800 speciem
795 745 849 785 et
909 733 1043 784 facie
1101 736 1166 784 ad
1214 735 1405 785 faciem

343 807 668 873 quandoque
703 807 980 858 videbunt.
1010 807 1234 874 Utrique
1266 807 1405 858 beati

346 891 442 942 per
469 874 649 938 fidem,
690 886 743 927 et
779 877 880 927 hoc
925 877 981 927 in
1015 892 1126 943 spe,
1180 877 1274 928 sed
1326 877 1405 927 illi

345 945 440 1013 qui
480 963 590 997 non
615 947 881 1012 viderunt,
911 956 1126 1014 propter
1147 947 1409 998 difficilio-

345 1031 460 1066 rem
501 1032 801 1078 assensum,
831 1017 887 1068 in
921 1033 1030 1082 quo
1059 1018 1227 1083 major
1265 1027 1407 1068 stre-

347 1085 554 1151 nuitas;
603 1086 690 1137 isti
749 1087 843 1154 qui
886 1087 1150 1148 viderunt,
1193 1097 1409 1153 propter

345 1157 818 1223 praesentialiorem
856 1170 1149 1224 aspectum,
1189 1159 1247 1209 in
1296 1174 1408 1225 quo

346 1230 519 1294 major
542 1230 938 1282 delectabilitas.
962 1231 1087 1292 Ubi,
1108 1232 1407 1282 secundum

347 1299 790 1369 chrysostomum
805 1340 824 1366 ,
876 1302 1158 1370 utriusque
1211 1303 1407 1353 Testa-

345 1373 516 1424 menti
544 1373 712 1440 liquet
752 1374 965 1436 veritaS‚
993 1386 1054 1426 ut
1108 1375 1254 1441 quod
1306 1390 1407 1442 pa-

342 1453 451 1495 tres
497 1445 703 1496 Veteris
769 1446 1099 1497 Testamenti
1161 1445 1406 1496 futurum

343 1514 702 1580 praeviderunt
759 1525 812 1567 et
865 1515 1045 1567 videre
1101 1516 1404 1581 cupierunt,

346 1584 450 1636 hoc
504 1585 560 1636 in
609 1587 760 1636 Novo
825 1596 906 1637 est
954 1588 1307 1653 completum3
1353 1597 1407 1638 et

343 1655 412 1706 ab
457 1656 643 1706 eodem
705 1657 898 1722 spiritu
957 1667 1010 1708 et
1063 1657 1248 1707 eadem
1301 1657 1408 1708 fide

343 1728 554 1795 antiqui
621 1730 871 1780 viderunt
952 1729 1196 1781 futurum
1254 1730 1408 1782 Chri·

345 1810 531 1864 stum,
583 1818 747 1870 quem
798 1803 1040 1870 Apostoli
1085 1813 1405 1870 praesentem

344 1873 613 1935 viderunt,
633 1885 685 1926 et
704 1891 802 1926 nos
822 1876 1091 1926 credimus
1113 1876 1405 1937 advenisse,

344 1953 408 1995 ut
427 1946 611 1996 eadem
644 1945 776 1998 fides
804 1947 1099 2014 probetur‘
1086 1964 1142 1998 m
1172 1948 1328 1999 nobis
1354 1956 1409 1998 et

346 2012 405 2065 in
446 2015 718 2081 patribus,
775 2027 826 2067 et
859 2017 1003 2067 idem
1049 2027 1247 2080 auctor,
1296 2034 1407 2067 non

342 2093 583 2136 auctores
646 2086 897 2137 contrarii
943 2087 1161 2138 fuerunt
1214 2087 1412 2139 utrius·

343 2170 451 2223 que
533 2157 882 2210 Testamenti.
968 2159 1037 2210 Et
1110 2158 1409 2210 notandum

342 2231 490 2296 quod
532 2232 950 2298 quadrupliciter
986 2232 1198 2283 videtur
1243 2232 1411 2283 Chri-

343 2310 478 2353 stus,
523 2302 722 2368 Prim0,
767 2305 922 2354 oculo
965 2303 1245 2370 corporali,
1276 2318 1411 2369 quo-

339 2373 505 2423 modo
530 2373 680 2425 visus
716 2384 798 2425 est
846 2374 902 2425 in
933 2391 1116 2441 carne;
1159 2375 1262 2426 ista
1306 2390 1409 2425 au-

337 2453 449 2494 tem
487 2445 626 2496 visio
683 2462 794 2496 non
838 2446 1122 2507 beatificat,
1167 2447 1294 2513 quia
1330 2447 1409 2497 sic

339 2516 505 2582 etiam
533 2533 657 2568 eum
698 2519 949 2570 viderunt
973 2519 1139 2570 Judaei
1185 2528 1238 2569 et
1279 2519 1409 2569 infi-

340 2588 502 2639 deles.
523 2592 801 2656 Secund0‚·
816 2607 880 2642 ex
907 2592 1115 2642 visione
1149 2592 1409 2657 corporali

340 2660 514 2710 oritur
562 2661 620 2711 in
661 2671 841 2712 mente
878 2662 1215 2712 admirabilis
1246 2662 1410 2722 visio,

340 2746 448 2798 qua
492 2731 607 2797 ipse
646 2734 880 2784 creditur
915 2734 1086 2785 Filius
1105 2733 1234 2796 Dei;
1269 2735 1410 2786 unde

338 2811 422 2853 est
444 2803 577 2853 illud
605 2820 621 2853 ε
653 2804 796 2865 Quia
826 2805 1011 2856 vidisti
1041 2820 1137 2869 me,
1181 2805 1405 2868 Thomu,

340 2875 542 2926 scilicet
585 2877 741 2927 oculo
790 2879 1062 2943 corporis,
1110 2877 1404 2943 credidisti,

340 2945 572 2997 videndo
614 2963 702 2998 me
744 2948 898 2998 oculo
937 2948 1087 3012 fidei;
1128 2950 1239 2999 haec
1270 2949 1405 2999 visio

342 3015 496 3067 beata
529 3033 641 3067 non
670 3028 769 3078 est,
798 3018 890 3068 sed
929 3018 1089 3084 hujus
1112 3017 1406 3069 beatitudi-

337 3086 427 3137 nis
452 3087 724 3150 mercati0,
752 3104 861 3155 qua
905 3105 1174 3140 meremur
1226 3090 1403 3141 beati-

340 3157 605 3211 tudinem.
654 3160 869 3222 Tertio,
917 3176 982 3212 ex
1019 3160 1228 3212 visione
1278 3161 1405 3213 fidei

339 3228 514 3280 oritur
529 3229 687 3295 visio,
709 3246 816 3297 qua
849 3231 1098 3283 Christus
1122 3232 1238 3298 ipse
1264 3231 1407 3283 vide-

338 3309 430 3351 tur
453 3302 608 3352 oculo
638 3302 973 3354 intellectivae
1005 3302 1406 3368 contemplatio-

338 3373 454 3437 nis;
497 3383 550 3425 et
597 3375 714 3425 haec
749 3375 886 3426 visio
930 3376 1036 3441 jam
1097 3384 1178 3426 est
1225 3376 1406 3442 aliqua

338 3445 686 3497 beatitudinis
717 3447 1069 3514 participati0,
1100 3446 1225 3498 inde
1266 3448 1407 3498 vide·-
1447 3493 1451 3496 .

337 3529 424 3569 tur
452 3527 508 3568 et
536 3527 790 3584 gestatur,
824 3520 1073 3585 quoniam
1112 3519 1297 3570 suavis
1322 3526 1406 3571 est

334 3590 614 3641 Dominus.
640 3592 842 3651 Quarta
874 3591 1012 3642 visio
1050 3605 1157 3657 qua
1190 3591 1304 3657 ipse
1329 3590 1406 3641 vi-

338 3661 493 3712 detur
523 3660 680 3712 sicuti
713 3670 792 3711 est
840 3661 899 3712 in
945 3661 1148 3712 lumine
1193 3660 1400 3727 gloriae3

341 3731 456 3782 haec
494 3732 632 3783 visio
690 3730 953 3783 beatificat
1031 3731 1359 3782 intellectum
1386 3768 1401 3792 ,

338 3802 795 3868 quemadmodum
824 3803 1055 3871 perfecta
1072 3803 1262 3854 caritas
1286 3803 1404 3855 bea-

336 3871 503 3924 tificat
517 3874 849 3926 voluntatem
879 3882 1136 3926 nostram.

1306 3963 1361 4000 ἢ

965 266 1206 318 PRIMAE
1247 265 1501 317 PARTIS
1550 264 1785 317 CAPUT
1816 266 1948 318 LIX.

1569 397 1601 432 2
1638 382 2021 434 Lzorsrzmrus
2056 396 2389 434 mrmaocxr
2412 378 2579 443 Cim·

1508 468 1648 504 sruu
1712 469 1780 504 »ε
1828 469 1971 504 nono
2030 467 2346 512 montanum
2412 466 2580 502 vrrm

1510 539 1787 575 Eranam.
1825 552 1886 563 —
1925 524 2003 575 Et
2036 538 2155 574 ecce
2201 530 2323 574 tunc
2353 522 2579 587 quidam

1508 595 1896 661 Legisperitus,
1931 593 2121 661 peritia
2161 593 2395 653 litterali,
2461 607 2578 643 non

1510 665 1860 732 intelligentia
1900 663 2194 732 spirituali,
2217 662 2380 714 verba
2410 661 2582 729 Legis

1510 744 1733 796 tenens,
1788 735 1899 787 vim
1965 743 2141 786 autem
2201 732 2359 798 Legis
2413 731 2581 799 igno-

1509 820 1653 867 rans,
1683 807 1946 868 surrexit,
1995 813 2056 856 ut
2081 803 2275 854 melius
2306 802 2585 853 audiretur

1508 877 1593 927 vel
1614 886 1674 927 ut
1698 877 1874 928 bonus
1898 844 2183 939 videretur,
2204 879 2409 924 tentans
2437 887 2578 936 eum,

1511 963 1622 997 non
1652 956 1714 997 ut
1740 948 2035 998 addisceret
2064 946 2158 996 sed
2185 954 2245 995 ut
2275 944 2581 1010 reprehen-

1512 1017 1676 1078 deret,
1704 1025 1758 1069 et
1778 1019 1960 1069 dicens
1986 1035 2003 1068 :
2020 1016 2314 1082 Magister,
2338 1014 2469 1081 quid
2482 1013 2583 1080 fa·

1510 1088 1693 1140 ciendo
1738 1087 1900 1139 vitam
1943 1094 2199 1140 aeternam
2244 1083 2581 1152 possidebo?

1512 1162 1828 1227 Magistrum
1854 1170 2028 1223 vocat,
2074 1176 2185 1211 non
2229 1157 2529 1210 Dominum
2561 1173 2580 1208 ε

1510 1233 1639 1299 quia
1658 1233 1774 1284 vult
1798 1231 1952 1297 scire,
1974 1248 2081 1283 non
2110 1231 2308 1282 servire
2322 1245 2338 1294 3
2365 1229 2579 1290 audire,

1512 1321 1618 1355 non
1649 1305 1884 1356 obedire.
1914 1305 2230 1371 Magistrum
2259 1310 2430 1362 vocat,
2472 1316 2581 1352 cu-

1511 1378 1594 1443 jus
1620 1393 1728 1427 non
1755 1378 1872 1428 vult
1910 1393 2029 1428 esse
2064 1376 2379 1441 discipulus,
2410 1382 2467 1423 et
2493 1371 2582 1423 si-

1512 1448 1728 1515 gnificat
1763 1449 2062 1500 laudatores
2088 1449 2424 1505 Sanctorum,
2464 1460 2580 1495 non

1511 1518 1823 1571 imitatores.
1870 1519 1941 1570 Et
1968 1519 2104 1570 bene
2149 1518 2278 1568 dicit
2308 1517 2436 1584 quid
2472 1516 2582 1583 fa·

1511 1590 1728 1654 ciendo,
1782 1590 1911 1656 quia
1959 1606 2067 1640 non
2112 1588 2381 1640 auditores
2438 1586 2583 1653 legis

1509 1661 1603 1711 sed
1651 1660 1875 1712 factores
1900 1660 2351 1727 justificabuntur,
2381 1667 2430 1710 et
2462 1673 2582 1709 non

1510 1733 1568 1784 in
1615 1748 1863 1784 sermone
1892 1743 1973 1784 est
1998 1740 2225 1800 regnum
2264 1732 2361 1782 Dei
2392 1730 2531 1782 sed
2507 1747 2581 1781 in

1508 1805 1722 1856 virtute.
1747 1805 1815 1855 Et
1851 1805 2115 1856 Dominus
2136 1804 2275 1855 dixit
2303 1803 2368 1853 ad
2399 1816 2529 1852 eum
2561 1818 2580 1853 ε

1511 1877 1575 1928 In
1616 1877 1779 1941 Lege,
1811 1875 2010 1927 scilicet
2036 1875 2237 1937 divina,
2270 1874 2400 1940 quid
2429 1873 2580 1925 scri·

1504 1953 1657 2014 ptum
1711 1945 1835 1998 est?
1890 1947 2164 2008 Quomodo
2215 1943 2403 2011 legis?
2438 1943 2585 1995 scili·

1512 2028 1597 2069 cet
1650 2018 1718 2069 de
1776 2017 2025 2068 habendo
2074 2017 2241 2069 vitam
2288 2025 2580 2079 oeternam;

1513 2090 1625 2141 haec
1672 2089 1783 2140 Lex
1809 2089 1992 2140 divina
2019 2099 2097 2140 est
2133 2090 2219 2140 lex
2260 2090 2465 2154 legum,
2508 2087 2579 2139 de

1511 2179 1618 2232 qua
1647 2162 1738 2215 fiet
1764 2163 2109 2231 interrogatio
2137 2163 2194 2214 in
2213 2163 2461 2214 examine
2490 2161 2580 2213 di-

1511 2236 1681 2288 stricti
1707 2234 1914 2302 judicii,
1943 2235 2238 2286 secundum
2270 2235 2403 2285 illud
2439 2235 2584 2301 Apo·

1514 2308 1637 2360 stoli
1666 2325 1681 2359 ε
1715 2308 1824 2370 Qui
1841 2308 1895 2358 in
1920 2309 2067 2374 Lege
2085 2313 2457 2375 peccaverunt,
2472 2320 2582 2373 per

1513 2381 1712 2446 Legem
1754 2378 2159 2445 judicabuntur.
2183 2380 2253 2429 'In
2296 2378 2394 2427 hac
2448 2391 2580 2443 ergo

1513 2450 1725 2500 studere
1766 2448 2040 2509 debemus,
2081 2456 2141 2498 ut
2169 2447 2236 2497 de
2265 2463 2327 2498 ea
2348 2461 2582 2512 respon-

1513 2521 1637 2570 dere
1681 2518 1970 2585 possimuS,
2013 2518 2150 2569 sicut
2192 2518 2275 2569 vir
2308 2518 2485 2583 justus
2513 2516 2583 2567 de

1512 2604 1623 2655 quo
1652 2589 1708 2639 in
1737 2588 1949 2639 Psalmo
1976 2588 2205 2639 dicitur:
2229 2588 2308 2639 Et
2347 2588 2402 2637 in
2430 2587 2582 2652 Lege

1511 2660 1628 2726 ejus
1670 2659 2013 2710 meditabitur·
2044 2659 2131 2709 die
2158 2672 2225 2708 ac
2255 2661 2423 2708 nocte.
2452 2656 2581 2717 Sed,

1512 2740 1572 2781 ut
1608 2730 1682 2781 ait
1729 2730 2117 2798 Hieronymus,
2156 2739 2414 2795 tanquam
2457 2743 2582 2779 ma·-

1508 2802 1620 2867 jora
1648 2802 1758 2851 sint
1807 2802 2193 2867 Imperatorum
2234 2800 2382 2860 scita,
2412 2814 2583 2865 quam

1508 2874 1651 2939 leges
1672 2872 1897 2932 Christi,
1920 2887 1979 2923 ea
2002 2886 2264 2931 amamuS‚
2293 2869 2585 2935 Evangelia

1508 2942 1923 2995 contemnimus.
1979 2943 2063 3002 Et,
2116 2939 2415 2991 secundum
2466 2939 2584 2989 Be-

1510 3015 1650 3078 dam,
1673 3014 1773 3065 iste
1793 3013 2049 3064 tentando
2082 3010 2331 3078 quaesivit
2365 3009 2434 3060 de
2472 3007 2583 3059 vita

1510 3094 1726 3145 aeterna,
1753 3083 1797 3134 si
1825 3082 1963 3134 forte
1988 3082 2186 3133 diceret
2215 3079 2423 3146 aliquid
2457 3094 2587 3131 con—

1508 3165 1590 3205 tra
1633 3156 1882 3221 Moysen;
1911 3164 1963 3205 et
2017 3152 2136 3203 ideo
2184 3151 2439 3203 Christus
2484 3163 2585 3214 per

1507 3226 1684 3276 verba
1709 3225 1928 3293 Moysis
1958 3222 2331 3290 respondendo
2382 3219 2585 3271 confu-

1509 3300 1589 3351 dit
1622 3315 1790 3351 eum:
1821 3315 1915 3367 per
1946 3299 2050 3349 hoc
2095 3297 2383 3349 ostendens
2430 3295 2583 3362 quod

1508 3373 1771 3425 derisores
1811 3372 1933 3423 fidei
1969 3370 2244 3422 catholicae
2289 3378 2417 3420 sunt
2446 3383 2584 3419 con-

1509 3441 1734 3504 tutandi,
1769 3456 1862 3508 per
1890 3441 2024 3491 illud
2055 3441 2202 3507 quod
2227 3448 2409 3490 tenent
2445 3437 2587 3489 indi-

1509 3529 1704 3574 scusse,
1729 3513 1932 3564 scilicet
1951 3513 2124 3563 Judaei
2156 3527 2250 3577 per
2277 3510 2583 3576 Scripturas

1509 3587 1881 3649 Hebraeorum,
1901 3593 1953 3635 et
1975 3582 2251 3635 sarraceni
2281 3597 2374 3648 per
2402 3582 2580 3648 legem

1509 3654 1823 3708 Mahumeti.

1571 3725 1601 3777 3
1654 3726 1987 3777 Pucnprux
2047 3738 2379 3775 ninam-roms
2441 3735 2581 3773 snos

1507 3799 1665 3849 Dauni
1715 3812 1787 3848 ετ
1841 3812 2129 3849 monium.
2182 3824 2243 3834 -
2271 3794 2400 3846 .Ille
2422 3827 2426 3834 ·
2450 3807 2583 3843 vero

1505 3869 1829 3938 respondens
1860 3868 2022 3931 dixit,
2062 3868 2208 3934 quod
2237 3868 2435 3932 legerat
2481 3863 2579 3915 sed
