2757 4413
213 327 318 396 798

212 456 273 494 tn
300 460 315 493 z
347 442 603 495 Miser-ere
667 443 797 506 mei,
853 441 1107 504 Domine,
1151 440 1280 505 quia

212 516 395 566 anima
427 528 546 565 mea
586 515 725 567 male
752 530 789 564 a
816 513 1080 565 doemonio
1117 526 1283 561 vexa-

217 593 333 649 tur-,-
362 585 581 653 grandis
627 586 777 637 enim
822 587 1037 635 daemon
1090 599 1280 650 pecca-

214 668 333 708 tum
388 667 469 708 est
518 675 533 707 ε
586 676 616 705 1·
671 658 788 707 haec
835 657 1279 723 chrysostomus.

217 730 373 796 Male
391 739 571 779 autem
630 738 849 779 vexatur
873 728 1073 787 anima,
1113 741 1279 792 quan-

215 801 286 850 do
326 800 536 851 vexatio
600 815 708 849 non
756 799 1020 862 sentitur3
1080 799 1232 864 pejus
1262 835 1278 857 ,

215 874 432 940 quando
483 873 705 922 morbus
759 873 1111 938 desperatur;
1150 886 1279 937 pes-

214 941 354 992 sime
374 981 389 1004 ,
459 942 678 1008 quando
739 942 979 992 medicus
1035 951 1280 991 contem-

218 1013 382 1065 nitur.
410 1016 716 1064 Secundum
751 1013 1100 1079 Theophilum
1135 1027 1280 1078 quo-

214 1102 321 1154 que
347 1125 363 1147 ,
413 1086 793 1152 unusquisque
854 1097 1101 1136 nostrum
1151 1102 1279 1136 cum

216 1167 412 1223 peccat,
447 1156 645 1207 mulier
670 1168 751 1208 est
793 1158 977 1208 anima
1005 1158 1123 1223 ejus
1151 1172 1280 1223 pec-

217 1226 404 1287 catrix,
429 1226 483 1276 id
521 1237 603 1277 est
641 1226 865 1294 fragilis,
908 1227 1150 1292 infirma3
1179 1243 1278 1277 cu-

215 1301 300 1365 jus
322 1298 433 1349 filia
456 1309 536 1350 est
564 1299 802 1365 operatio
828 1315 1006 1366 prava,
1024 1315 1146 1366 quae
1170 1299 1282 1349 filia

216 1386 249 1421 a
292 1371 539 1421 daemone
576 1381 659 1421 est
694 1387 957 1437 possessa,
985 1370 1114 1437 quia
1132 1380 1281 1421 actus

215 1445 363 1510 pravi
409 1445 722 1495 daemonum
776 1455 919 1496 sunt.
982 1445 1284 1495 Peccatores

218 1533 319 1568 nos
344 1528 523 1569 autem
561 1518 865 1579 existentes,
908 1533 1284 1584 nuncupamur

219 1591 392 1641 catelli
453 1590 658 1656 impleti
711 1590 1104 1654 immunditiis,
1153 1605 1283 1657 pro-

219 1671 335 1726 pter
362 1661 509 1746 quod
545 1677 653 1711 non
682 1677 872 1713 sumus
911 1661 1059 1728 digni
1091 1677 1282 1727 panem

218 1734 317 1784 Dei
345 1735 597 1800 recipere,
613 1744 707 1785 aut
732 1734 1014 1799 participes
1042 1734 1285 1796 fierissim-

215 1805 603 1854 maculatorum
640 1801 1018 1885 mysteriorum
1066 1803 1182 1853 Dei.
1226 1803 1282 1853 Si

216 1892 341 1925 vero
368 1885 746 1943 cognoscentes
789 1874 1149 1940 nosmetipsos
1192 1890 1286 1939 per

221 1947 585 1999 humilitatem
618 1961 733 1997 esse
760 1947 983 2007 catulos,
1006 1946 1287 1998 humiliter

216 2016 568 2068 confiteamur
618 2026 830 2082 peccata
894 2027 1072 2068 nostra
1095 2055 1109 2078 ,
1157 2026 1286 2067 tunc

217 2097 436 2139 sanatur
464 2088 575 2140 filia
586 2106 602 2155 ς
631 2088 762 2155 quia
802 2089 1007 2139 deletur
1044 2088 1287 2156 operatio

215 2172 392 2225 prava.

293 2247 355 2281 10
400 2232 539 2281 Anu
574 2247 919 2283 monimento
961 2247 1286 2283 antecomcn

220 2316 469 2352 nummus
496 2303 816 2353 Gammae
852 2319 919 2353 εἰ·
948 2318 1285 2353 naon-tuto

219 2386 287 2420 An
316 2386 467 2422 ipsiu«
512 2388 821 2423 imi-mmm.
851 2401 912 2411 —
941 2374 1041 2423 Per
1088 2372 1287 2423 mulie-

221 2457 333 2493 rem
365 2443 728 2494 Chananaeam
772 2455 947 2511 potest
996 2445 1183 2504 etiam,
1210 2460 1288 2495 se-

220 2515 461 2565 cundum
483 2517 865 2583 Augustinum,
916 2516 1158 2583 intelligi·
1195 2532 1284 2567 ra-

219 2585 296 2636 tio
341 2589 613 2655 superior,
650 2605 770 2657 quae
804 2590 1014 2656 legibus
1067 2590 1285 2640 aeternis

218 2661 570 2728 inspiciendis
621 2676 673 2715 et
710 2664 1056 2716 consulendis
1101 2665 1283 2715 inten-

219 2731 324 2795 dit;
375 2749 470 2799 per
512 2735 815 2786 daemonem
855 2744 1034 2786 autem
1080 2734 1284 2786 intelli-

222 2805 455 2867 gendum
499 2816 579 2856 est
627 2806 745 2873 ipsa
776 2807 1108 2870 sensualitas,
1161 2821 1283 2872 quae

218 2874 378 2925 etiam
409 2892 503 2942 per
550 2889 852 2945 serpentem
894 2879 1155 2945 signatur.
1192 2879 1280 2929 Sic

220 2964 346 3014 ergo
415 2950 799 3014 pariformiter.
854 2952 966 3002 filia
1037 2952 1281 3003 mulieris

221 3020 536 3072 Chananaeae
587 3032 808 3073 vexatur
831 3063 845 3084 ,
910 3025 1126 3090 quando
1188 3039 1281 3090 per

219 3091 616 3143 sensualitatem
659 3093 878 3144 inferior
897 3095 1033 3146 ratio
1071 3095 1135 3145 ad
1162 3110 1282 3145 con-

220 3178 440 3213 sensum
470 3164 664 3229 peccati
695 3165 937 3216 mortalis
963 3166 1278 3232 impellitur,

220 3235 371 3300 cujus
395 3234 601 3286 sanatio
631 3251 724 3301 per
750 3247 994 3298 matrem,
1015 3238 1070 3288 id
1091 3248 1171 3289 est
1190 3253 1279 3288 ra-

219 3304 421 3355 tionem
446 3306 797 3372 superiorem,
830 3323 862 3358 a
894 3309 1130 3359 Domino
1153 3310 1282 3391 peti·

217 3385 332 3440 tur3
368 3393 493 3428 nam
534 3379 669 3430 ratio
697 3378 941 3445 superior
986 3380 1053 3430 ad
1076 3381 1280 3447 optima

217 3445 542 3511 deprecatur.
590 3450 657 3499 Et
699 3449 840 3499 sicut
867 3449 1135 3500 Dominus
1162 3451 1280 3502 dis—

216 3518 339 3569 tulit
390 3521 638 3572 exaudire
687 3520 999 3588 petitionem
1039 3524 1282 3574 mulieris

221 3587 562 3652 Chananaeae,
614 3602 674 3642 ut
726 3592 840 3656 ejus
889 3590 1020 3642 fides
1087 3594 1281 3645 elalius

217 3672 518 3725 appareret;
547 3661 623 3712 sic
660 3672 713 3713 et
737 3662 1005 3713 Dominus
1032 3663 1280 3730 aliquan-

219 3731 289 3781 do
311 3734 533 3786 dimittit
559 3736 855 3803 impulsum
892 3736 1113 3787 rationis
1139 3737 1280 3788 infe-

216 3801 376 3854 rioris
430 3822 524 3871 per
591 3809 991 3860 sensualitatem
1076 3807 1280 3860 diutius

217 3876 475 3955 protrahi,
501 3888 562 3928 ut
592 3892 847 3945 augeatur
874 3880 1130 3932 meritum
1161 3888 1280 3930 ten-

220 3944 337 3995 tati·
324 3983 340 4009 ,
366 3962 560 4013 proper
581 3952 725 4016 quod
749 3953 918 4005 Paulo
954 3952 1155 4022 petenti
1176 3952 1280 4003 sti-

789 325 1027 377 PRIMAE
1055 322 1305 374 PARTIS
1334 322 1571 375 CAPUT
1597 324 1876 376 Lxxxtx.

1389 439 1603 490 mulum
1651 439 1825 491 carnis
1873 455 1908 490 a
1957 455 2017 490 se
2061 438 2259 490 auferri
2317 440 2464 491 dicit

1387 512 1658 562 Dominus
1705 529 1722 562 ε
1794 513 1980 562 Virtus
2025 512 2081 561 in
2136 511 2462 576 infirmitate

1375 584 1681 650 perficitur.
1729 584 2013 635 Imitemur
2057 598 2208 648 erg0,
2249 594 2303 633 et
2327 598 2456 643 nos,

1386 658 1632 708 Ecclesiae
1659 656 1778 717 filii,
1816 658 1957 707 hanc
1992 656 2295 716 mulierem,
2325 672 2458 723 quae

1382 732 1449 782 de
1483 733 1750 783 Gentibus
1770 732 2035 782 credendo
2070 741 2240 780 mater
2267 741 2459 782 nostra

1382 802 1441 852 in
1468 801 1576 853 fide
1601 802 1783 853 effecta
1799 813 1910 862 est,
1929 802 2060 868 quia
2078 803 2146 851 de
2171 801 2456 866 gentilita-

1383 884 1437 924 te
1489 875 1755 925 venimus.
1800 874 2106 924 Habeamus
2145 873 2342 933 fidem,
2384 883 2453 923 ut

1383 963 1553 998 unum
1606 959 1661 999 et
1700 948 1907 999 trinum
1936 949 2111 998 Deum
2156 949 2447 1006 credentes,

1384 1018 1652 1086 quidquid
1695 1020 1836 1084 juste
1871 1019 1941 1069 ab
1965 1034 2030 1068 eo
2064 1017 2318 1084 petimus,
2348 1032 2453 1068 nos

1382 1093 1671 1158 impetrare
1706 1108 1865 1157 posse
1913 1092 2211 1142 credamus,
2243 1091 2457 1141 Habea-

1384 1180 1509 1215 mus
1552 1164 1925 1224 constantiam,
1945 1174 2007 1213 ut
2038 1163 2083 1213 si
2120 1163 2303 1212 divina
2347 1162 2460 1213 dis·

1381 1235 1625 1300 pensatio
1706 1250 1886 1301 preces
1971 1243 2178 1282 nostras
2244 1232 2458 1282 tardius

1383 1307 1696 1366 exaudierit,
1741 1307 1933 1357 tandiu
1970 1321 2155 1372 preces
2199 1305 2459 1372 precibus

1386 1379 1690 1444 jungamus,
1721 1392 2007 1442 quousque
2034 1376 2137 1425 hoc
2164 1376 2311 1441 quod
2354 1390 2458 1441 pe-

1384 1448 1554 1498 timus
1582 1448 1953 1513 impetremus.
1985 1447 2053 1496 Et
2082 1446 2129 1496 si
2167 1447 2231 1495 ad
2274 1445 2458 1511 impe-

1385 1522 1638 1571 trandum
1686 1536 1788 1571 nos
1847 1519 2073 1570 idoneos
2117 1535 2228 1569 non
2278 1519 2458 1569 senti-

1389 1610 1532 1654 muS,
1555 1592 1917 1659 spiritualium
1948 1592 2177 1642 fratrum
2195 1590 2459 1641 orationis

1384 1666 1712 1730 adjutorium
1780 1679 2113 1731 quaeramus;
2187 1672 2252 1712 ut
2315 1662 2462 1713 sicut

1387 1737 1490 1787 ista
1513 1737 1725 1796 mulier,
1753 1735 2026 1801 Apostolis
2054 1751 2151 1800 pro
2194 1750 2253 1784 se
2280 1733 2460 1785 inter-

1385 1809 1746 1869 venientibus,
1794 1808 1941 1875 quod
1987 1807 2198 1873 petebat
2231 1822 2456 1872 prome—

1386 1881 1515 1940 ruit,
1537 1880 1609 1930 ita
1645 1890 1699 1931 et
1730 1895 1830 1929 nos
1855 1878 2242 1929 communibus
2279 1876 2458 1942 preci-

1389 1952 1492 2002 bus
1542 1950 1715 2016 magis
1774 1965 1938 2015 quam
1984 1947 2353 2014 singularibus
2402 1956 2459 1997 et

1389 2024 1624 2090 propriis
1649 2022 1882 2089 adjuvari
1909 2023 2210 2072 credamus,
2245 2021 2461 2071 Habea-

1390 2111 1515 2146 mus
1544 2094 1927 2154 humilitatem,
1956 2102 2017 2143 ut
2050 2093 2172 2142 aliis
2201 2092 2268 2142 de
2298 2091 2460 2142 nobis

1391 2170 1590 2235 majora
1634 2167 2087 2230 existimantibuS,
2132 2182 2235 2217 nos
2275 2166 2462 2217 mino·

1390 2256 1474 2292 res
1510 2240 1828 2306 judicemuS,
1862 2238 2107 2302 exemplo
2136 2237 2299 2301 hujus
2327 2252 2462 2286 mu·-

1389 2311 1554 2372 lieris,
1579 2325 1700 2377 quae
1744 2326 1867 2360 cum
1905 2324 1936 2358 a
1972 2307 2207 2358 Domino
2230 2306 2464 2358 canibus

1389 2392 1692 2448 comparata
1717 2391 1872 2440 esset,
1919 2380 2038 2445 ipsa
2069 2378 2135 2427 de
2174 2392 2231 2427 se
2268 2378 2461 2428 humi—

1389 2454 1495 2504 lius
1525 2452 1785 2512 sentienS,
1807 2449 2012 2501 catellis
2051 2464 2109 2499 se
2139 2447 2460 2514 coaequavit.

1391 2526 1543 2576 Hanc
1578 2522 1938 2574 humilitatem
1985 2520 2040 2570 in
2073 2520 2231 2569 corde
2282 2519 2456 2568 habe-

1387 2598 1495 2657 bat,
1525 2597 1619 2663 qui
1643 2596 1923 2660 despectus
1961 2592 2029 2642 ab
2065 2591 2184 2641 aliis
2206 2590 2455 2640 dicebat:

1386 2667 1594 2718 Luciam
1642 2671 1694 2716 et
1744 2663 1904 2715 vilior
1930 2663 2070 2729 fiam
2117 2661 2246 2727 plus
2296 2675 2458 2726 quam

1373 2738 1568 2803 factus
1595 2750 1728 2798 sum,
1760 2740 1813 2785 et
1836 2748 1929 2784 ero
1952 2731 2172 2783 humilis
2198 2731 2251 2780 in
2282 2730 2459 2781 oculis

1385 2807 1533 2858 meis.
1571 2804 1804 2856 Oremus
1833 2805 2089 2855 instanter
2130 2800 2453 2860 Dominum,

1385 2890 1445 2931 ut
1472 2888 1622 2929 sanet
1663 2877 1802 2928 filias
1845 2886 2081 2937 nostras;
2113 2889 2350 2934 oremuS,
2393 2882 2456 2922 ut

1385 2959 1537 3000 sanet
1567 2964 1599 2998 a
1644 2947 1891 3013 peccatis,
1924 2954 1985 2995 ut
2027 2945 2215 2994 liberet
2244 2952 2457 2993 nostras

1386 3022 1606 3072 animas
1617 3035 1739 3087 quae
1763 3020 1902 3069 male
1923 3033 1953 3068 a
1975 3017 2264 3069 daemoniis
2292 3026 2346 3067 et
2363 3015 2455 3066 vi-

1384 3093 1476 3143 tiis
1508 3100 1785 3144 vexantur.
1817 3090 2128 3140 Clamemus
2171 3086 2456 3137 humiliter

1384 3174 1437 3215 et
1478 3171 1871 3230 perseveranter
1912 3161 1976 3211 ad
2026 3176 2170 3219 eum,
2216 3158 2457 3209 dicentes

1383 3252 1509 3287 cum
1564 3235 1866 3285 Chananaea
1910 3249 1926 3283 z
1982 3232 2249 3283 Miserere
2305 3230 2412 3280 mei
2436 3267 2451 3293 ,

1384 3307 1623 3370 Domine,
1664 3307 1761 3373 fili
1803 3305 1987 3357 David
1998 3323 2019 3368 ,·
2055 3314 2107 3355 et
2146 3321 2160 3354 ε
2203 3302 2450 3364 Domine,

1383 3382 1581 3447 adjuva
1609 3394 1705 3431 me.
1737 3380 1834 3431 Illa
1860 3378 2005 3430 enim
2033 3377 2214 3427 anima
2263 3391 2294 3425 a
2332 3376 2452 3426 dae-

1385 3453 1571 3502 monio
1624 3461 1862 3512 vexatur,
1913 3465 2034 3516 quae
2079 3462 2296 3515 peccare
2337 3463 2453 3497 non

1385 3533 1574 3583 cessat,
1628 3532 1683 3573 et
1737 3523 1795 3572 in
1844 3520 2073 3572 crimine
2123 3527 2453 3584 perseverat3

1387 3613 1506 3663 quae
1555 3595 1601 3646 si
1630 3596 1763 3646 bene
1797 3608 2050 3644 conversa
2101 3590 2263 3641 fuerit
2293 3600 2345 3641 et
2386 3590 2455 3640 de

1386 3668 1589 3718 Christi
1616 3665 1980 3716 misericordia
2006 3680 2115 3713 non
2136 3663 2456 3726 desperave-

1385 3741 1471 3803 rit,
1519 3741 1726 3790 dicetur
1748 3739 1797 3790 ei
1838 3755 1869 3789 a
1904 3738 2149 3804 piissimo
2171 3735 2412 3785 Domino
2437 3751 2452 3784 :

1389 3812 1524 3862 Fiat
1548 3811 1643 3861 tibi
1669 3811 1807 3861 sicut
1831 3811 1934 3860 vis,
1961 3809 2040 3858 Et
2070 3806 2354 3857 sanabitur
2376 3820 2456 3857 ex

1390 3882 1488 3932 illa
1509 3882 1664 3943 hora,
1692 3880 1821 3947 quia
1864 3887 2103 3945 peccator
2131 3890 2456 3943 quacunque

1384 3953 1520 4004 hora
1541 3967 1825 4005 conversus
1834 3950 2015 4016 suerit
2031 3956 2083 4000 et
2110 3948 2451 4015 ingemuerit,
