2757 4413
331 344 438 407 4'72

331 454 484 503 nium
512 453 713 503 laboris
741 454 827 504 sui
846 492 859 513 ,
907 454 1110 505 scilicet
1137 456 1283 521 quod
1314 454 1407 505 in-

329 524 496 592 gressi
541 534 669 575 sunt
712 525 979 576 civitatem
1015 538 1068 577 et
1100 527 1409 592 praedicatio

329 598 394 647 ad
456 597 575 647 illos
635 599 894 663 pervenit.
954 599 1219 650 Excutite
1271 613 1407 666 ergo

318 668 612 734 pulverem,
656 669 713 719 id
742 679 824 719 est
851 670 1083 720 minima
1112 670 1324 720 itineris
1354 681 1408 722 et

326 742 543 801 laboriS,
592 758 711 808 quae
756 759 852 809 pro
895 743 1000 793 illis
1045 743 1404 802 sustinuistiS,

325 813 605 878 exponite3
640 823 692 863 et
716 815 818 864 erit
846 813 924 864 eis
955 815 1167 865 occasio
1187 816 1406 882 majoris

323 883 702 934 damnationis,
734 912 798 922 -
834 885 1143 935 Secundum
1180 886 1402 952 signum

323 962 404 1002 est
437 954 564 1018 quia
607 956 786 1019 pulvis
824 955 881 1005 in
918 956 1145 1021 pedibus
1180 956 1401 1022 signum

320 1026 668 1089 estlaboris3
726 1026 970 1077 excussio
1017 1028 1254 1093 pulveris
1307 1030 1400 1079 in-

321 1094 607 1145 utilitatem
638 1096 905 1163 significat
928 1098 1147 1159 laboris,
1181 1099 1398 1149 inutilia

319 1165 466 1216 enirn
495 1169 670 1218 excuti
713 1170 888 1220 solent
927 1179 980 1219 et
1007 1171 1182 1236 abjici.
1216 1172 1400 1221 Excu-

318 1237 503 1289 tiendo
567 1256 692 1306 ergo
756 1243 1028 1307 pulverem
1108 1245 1400 1294 ostendunt

319 1309 448 1375 quia
476 1310 726 1368 ,inaniter
771 1312 845 1362 ibi
903 1314 1303 1376 laboraverunt3
1345 1323 1398 1364 et

317 1382 439 1432 ideo
472 1383 857 1435 inexcusabiles
882 1398 1040 1437 erunt
1075 1402 1172 1438 nec
1196 1387 1397 1451 injuste

319 1454 720 1506 damnabuntur
748 1456 842 1523 qui
864 1459 1094 1508 salutem
1118 1457 1221 1507 sibi
1253 1458 1399 1506 obla-

315 1532 425 1573 tam
453 1525 688 1590 recipere
721 1527 1028 1579 noluerunt.
1059 1556 1121 1566 —-
1145 1529 1395 1579 Tertium

315 1592 532 1659 signum
579 1606 659 1645 est
726 1606 786 1646 ut
842 1599 1182 1649 ostenderent
1231 1614 1290 1648 se
1325 1600 1394 1648 ab

316 1664 395 1716 eis
423 1666 501 1716 nil
521 1677 795 1718 terrenum
824 1685 1082 1735 quaerere,
1112 1685 1208 1720 nec
1227 1670 1393 1721 etiam

316 1735 614 1786 minimum
649 1740 715 1788 de
756 1740 983 1790 terrenis
1011 1741 1214 1806 opibus
1249 1741 1395 1790 acci-

315 1823 458 1873 pere,
484 1820 547 1859 ut
568 1826 663 1860 nec
685 1812 845 1861 etiam
873 1814 1147 1878 pulverem
1171 1813 1236 1862 de
1252 1822 1393 1863 terra

316 1896 412 1931 sua
440 1882 544 1932 sibi
585 1894 892 1948 paterentur
929 1887 1228 1946 adhaerere,
1265 1901 1390 1936 cum

312 1953 593 2004 incorrecti
658 1956 859 2008 fuerint
923 1970 975 2009 et
1038 1958 1388 2025 Evangelium

313 2025 628 2088 spreverint.
661 2027 801 2093 Ergo
837 2029 977 2079 nihil
1000 2044 1265 2096 unquam,
1291 2045 1390 2079 nec

310 2094 473 2143 etiam
503 2099 796 2148 necessaria
828 2099 1161 2164 accipiantur
1196 2100 1263 2150 ab
1292 2099 1386 2149 in-

307 2166 558 2217 correctis
598 2178 650 2219 et
685 2185 715 2220 a
735 2170 1198 2236 contemptoribus
1221 2172 1390 2222 Evan-

308 2239 435 2305 gelii
477 2251 529 2290 et
566 2241 825 2307 indignis.
868 2244 967 2294 Vel
995 2245 1234 2295 excutite
1252 2245 1386 2310 pul-

307 2324 482 2361 verem
509 2313 740 2377 pedum,
786 2314 839 2363 id
886 2324 968 2364 est
997 2315 1135 2365 levia
1175 2325 1385 2380 peccata

307 2396 431 2447 quae
492 2385 668 2434 solent
733 2401 797 2435 ex
873 2386 1074 2437 talibus
1146 2387 1385 2437 accidere

305 2452 468 2503 etiam
512 2454 568 2503 in
610 2455 931 2508 hominibus
962 2456 1226 2523 perfectis,
1257 2458 1383 2506 Mo-

303 2522 486 2573 raliter
527 2525 687 2589 pedes
725 2528 980 2592 jubentur
1010 2527 1184 2578 excuti
1213 2527 1268 2576 in
1300 2527 1382 2576 si-

305 2608 472 2657 gnum
502 2598 836 2649 excussionis
865 2599 1061 2649 terreni
1091 2597 1380 2663 appetitus,

300 2663 387 2711 vel
442 2663 697 2716 humanae
760 2669 953 2718 laudis.
1019 2668 1383 2718 Prohibentur

302 2747 430 2799 ergo
466 2734 522 2783 in
573 2737 1009 2801 praedicatoribus
1052 2749 1102 2787 et
1146 2738 1380 2804 praelatis

300 2804 634 2854 sarcinarum
668 2807 1062 2872 multiplicitas,
1090 2808 1264 2858 victus
1293 2824 1380 2858 cu-

301 2875 548 2939 riositas,
621 2881 1002 2945 temporalium
1069 2881 1374 2946 cupidita5‚

299 2947 531 2996 vestium
557 2950 918 3014 superfluitas,
949 2951 1292 3014 instabilitas,
1325 2963 1376 3003 et

300 3017 571 3067 malorum
601 3020 1140 3072 communicabilitas.

371 3103 436 3152 14
490 3089 762 3140 Gaxvrrxs
824 3107 1039 3142 recent
1099 3093 1376 3144 1³1³AEchss

296 3174 476 3211 roam«
509 3176 927 3215 REPUDIANTIUM.
955 3193 1016 3203 —
1041 3166 1113 3216 Et
1142 3181 1209 3216 ne
1239 3166 1372 3215 levis

295 3230 452 3295 culpa
490 3231 734 3283 videatur
770 3235 1060 3300 Apostolos
1090 3251 1198 3285 non
1229 3236 1374 3285 reci-

294 3315 455 3365 pere,
500 3302 685 3353 subdit
728 3320 741 3353 :
781 3310 949 3355 Amen
998 3305 1125 3356 dico
1172 3305 1324 3355 vobis
1353 3323 1370 3356 .·

301 3372 601 3422 Tolerabili
605 3389 667 3423 us
685 3376 789 3425 erit
806 3380 969 3426 terrae
991 3376 1367 3441 Sodomorum,

293 3450 348 3491 et
366 3442 842 3495 Gomorrhoeorum
871 3448 924 3496 in
946 3447 1033 3497 die
1042 3446 1259 3513 judicii,
1287 3447 1372 3497 illi

290 3513 520 3576 civitati,
566 3514 620 3563 id
662 3527 742 3566 est
788 3518 1185 3569 habitatoribus
1221 3518 1370 3569 illius

290 3584 521 3634 civitatis
548 3601 670 3652 quae
696 3589 899 3654 sprevit
932 3606 1029 3640 vos
1065 3599 1117 3640 et
1157 3602 1370 3639 sermo-

292 3670 389 3705 nes
421 3666 642 3708 vestr03.
674 3659 848 3723 Hujus
877 3660 1012 3711 ratio
1048 3669 1147 3719 est,
1186 3674 1371 3709 secun-

292 3725 425 3777 dum
467 3729 893 3796 Hieronymum,
935 3731 1066 3797 quia
1103 3730 1213 3781 illis
1256 3745 1367 3779 non

290 3796 397 3848 fuit
438 3802 786 3864 praedicatum
812 3821 825 3853 z
858 3804 987 3855 huic
1018 3814 1198 3855 autern
1240 3817 1365 3851 cum

292 3869 642 3933 praedicatum
684 3873 773 3935 sit,
814 3890 923 3924 non
954 3874 1155 3940 recepit
1185 3872 1367 3923 Evan-

291 3938 514 4003 gelium.
565 3942 648 4004 Et,
704 3947 1003 3997 secundum
1055 3946 1358 4005 Romnum,

986 339 1228 389 PRIMAE
1260 338 1511 390 PARTIS
1543 336 1782 391 CAPUT
1813 342 1899 392 LI.

1514 456 1641 522 quia
1664 455 1743 506 illi
1767 457 1944 505 solum
1978 457 2149 522 legem
2175 466 2379 507 naturae
2408 466 2591 508 trans-

1513 527 1682 592 gressi
1724 538 1875 589 sunt,
1922 529 2015 577 sed
2054 528 2145 577 isti
2193 528 2356 578 etiam
2391 529 2600 594 Legem

1513 599 1765 664 scriptam
1812 609 1866 650 et
1914 600 2053 649 dicta
2102 599 2494 665 Prophetarum
2536 611 2589 651 et

1512 671 1918 734 Apostolorum.
1977 671 2099 720 Non
2146 669 2207 721 fit
2255 671 2604 736 comparatio⁴

1513 740 1730 801 horum,
1759 750 2026 807 quantum
2053 742 2122 791 ad
2152 751 2427 808 peccatum
2466 757 2588 792 car-

1514 809 1635 860 nale
1672 825 1784 876 quo
1824 811 2116 861 Sodomitae
2155 812 2370 878 gravius
2398 827 2588 877 pecca-

1511 881 1674 941 bant,
1735 881 1827 931 sed
1876 893 2142 948 quantum
2197 883 2264 932 ad
2310 893 2587 948 peccatum

1507 951 1951 1017 inhospitalitatis
1991 969 2101 1019 quo
2147 953 2233 1004 isti
2260 954 2434 1019 magis
2463 970 2602 1020 pec-⁷

1506 1024 1714 1075 cabant.
1758 1026 1838 1075 De
1867 1024 1979 1075 illis
2015 1025 2162 1076 enim
2197 1026 2394 1076 dicitur
2438 1027 2602 1093 quod

1506 1109 1674 1160 egeno
1700 1110 1913 1145 manum
1940 1110 2042 1146 uon
2061 1098 2424 1163 porrigebant
2432 1114 2452 1159 ,·
2480 1098 2586 1148 sed

1505 1166 1593 1216 isti
1629 1177 1806 1217 tantos
1847 1177 1969 1233 post
2006 1169 2248 1224 auditam
2296 1169 2585 1220 veritatem

1503 1237 1847 1301 repellebant,
1877 1248 1930 1288 et
1948 1254 2054 1288 non
2077 1250 2160 1288 est
2183 1239 2416 1289 dubium
2438 1241 2606 1306 quod„

1502 1307 1718 1373 gravius
1746 1320 2020 1374 peccatum
2045 1320 2125 1360 est
2148 1325 2344 1376 negare
2376 1311 2592 1362 victum

1502 1379 1899 1430 seminantibus
1969 1380 2299 1446 spiritualia,
2375 1381 2588 1446 quibus

1502 1461 1753 1502 tenentur
1795 1452 2045 1503 homines
2077 1454 2143 1505 de
2182 1454 2296 1517 jure
2325 1455 2585 1513 naturali,

1500 1522 1683 1574 divino
1725 1535 1777 1575 et
1823 1525 2098 1584 human0‚
2132 1541 2297 1592 quam
2350 1542 2596 1578 manum.

1502 1611 1611 1645 non
1642 1596 1917 1662 porrigere
1943 1612 2112 1662 egeno
2145 1597 2384 1663 simplici
2411 1598 2602 1664 spiris

1499 1667 1665 1717 tualia
1711 1683 1819 1717 non
1865 1670 2156 1719 seminanti
2187 1670 2335 1720 :Cui
2378 1670 2604 1721 etenim›

1499 1738 1719 1789 multum
1746 1740 1929 1790 datum
1953 1745 2063 1801 esc,
2111 1741 2336 1790 multum
2363 1756 2588 1807 quaere-.—

1500 1814 1587 1857 tur
1615 1809 1684 1858 ab
1712 1824 1791 1860 eo,
1828 1811 1986 1861 Unde
2013 1811 2088 1861 ait
2117 1812 2269 1861 Beda
2296 1829 2313 1862 .·
2344 1830 2372 1858 κ
2400 1813 2600 1862 δοάσ-

1498 1879 1661 1943 mitae,
1686 1881 1788 1930 etsi
1808 1881 2161 1947 inhospitales
2175 1882 2398 1941 fuerint,
2430 1883 2585 1934 inter

1494 1958 1664 2001 cetera
1679 1951 1857 2001 carnis
1886 1952 2189 2018 animaeque
2208 1952 2583 2018 flagitia‚nulli

1496 2031 1676 2071 tamen
1714 2023 1857 2087 apud
1885 2037 1983 2072 eos
2019 2024 2151 2072 tales
2180 2023 2600 2090 hospites‘qua·

1494 2093 1571 2142 les
1611 2093 1856 2157 Apostoli
1895 2093 2089 2159 reperti
2126 2103 2271 2144 sunt.
2316 2095 2382 2144 Et
2429 2095 2583 2146 Loth

1492 2165 1713 2233 quidem
1758 2175 1976 2232 aspectu
2034 2178 2087 2218 et
2143 2167 2332 2218 auditu
2395 2169 2583 2233 justus

1490 2246 1626 2300 erat3
1674 2253 1785 2286 non
1815 2247 1992 2288 tamen
2019 2238 2094 2288 ibi
2120 2238 2325 2304 aliquid
2355 2239 2580 2290 docuis—

1490 2324 1548 2358 se
1593 2319 1685 2359 aut
1723 2309 1881 2375 signa
1926 2309 2116 2361 fecisse
2172 2310 2506 2376 perhibetur.
2546 2332 2580 2358 ιο

1492 2379 1647 2430 Unde
1702 2390 1754 2431 et
1818 2381 2105 2447 Remigius
2133 2399 2151 2431 .-
2182 2401 2208 2428 α
2258 2381 2584 2447 specialiter

1488 2461 1665 2502 tamen
1698 2453 2061 2503 Sodomorum
2090 2463 2144 2502 et
2173 2453 2576 2504 Gomorrhoeo-

1488 2537 1609 2571 rum
1655 2522 1990 2572 mentionem
2042 2522 2184 2581 facit,
2232 2533 2292 2572 ut
2334 2538 2430 2588 per
2460 2524 2575 2576 hoc

1486 2591 1849 2655 demonffiret‚
1881 2592 2012 2657 quia
2053 2593 2144 2642 illa
2187 2604 2402 2657 peccata
2443 2606 2606 2646 sunt„

1485 2661 1599 2710 Deo
1617 2662 1790 2727 magis
1810 2661 2052 2720 odibilia,
2077 2676 2199 2727 quoe
2217 2660 2358 2711 fiunt
2377 2675 2581 2716 contra

1485 2741 1772 2792 naturam,
1811 2747 1908 2797 pro
1960 2732 2161 2797 quibus
2210 2733 2420 2783 deletus
2486 2749 2582 2786 est

1486 2804 1727 2853 mundus
1779 2803 1935 2869 aquis
1979 2804 2169 2853 diluvii
2237 2814 2290 2854 et
2333 2815 2583 2870 quatuor

1484 2873 1724 2925 civitates
1750 2876 2063 2935 submersae,
2094 2886 2148 2925 et
2172 2877 2409 2925 mundus
2436 2892 2608 2942 quo·-

1483 2947 1614 2997 tidie
1632 2948 1861 2998 diversis
1881 2949 2040 2998 malis
2051 2948 2329 3015 affligitur.
2346 2968 2368 2992 ι
2390 2949 2579 3010 Unde,

1482 3018 1780 3068 secundum
1806 3019 2222 3085 Hieronymum,
2245 3018 2438 3069 videns
2460 3021 2577 3070 Do-

1481 3088 1667 3137 minus
1695 3089 1798 3138 hoc
1829 3100 2109 3154 peccatum
2145 3088 2200 3137 in
2239 3103 2415 3148 carne,
2461 3105 2572 3155 pe-

1482 3173 1552 3207 ne
1594 3158 1755 3207 desiit
1805 3158 2106 3221 incarnari,
2144 3157 2274 3224 quia
2310 3168 2570 3211 naturam

1478 3244 1646 3294 quam
1685 3240 2063 3295 assumpturus
2104 3239 2216 3279 erat
2239 3268 2252 3288 ‚
2300 3244 2598 3295 corrupe-

1479 3309 1617 3350 rant.
1651 3300 1877 3350 Summa
1909 3301 2057 3351 enim
2091 3299 2360 3350 munditia
2393 3302 2568 3352 talem

1477 3385 1749 3420 summam
1826 3371 2236 3424 immunditiam
2318 3371 2570 3424 maxime
2642 3392 2647 3398 ·

1476 3444 1820 3495 abominatur
1856 3454 1907 3494 et
1929 3443 2194 3494 sustinere
2223 3459 2332 3494 non
2359 3453 2564 3510 potest.

1481 3516 1634 3565 Unde
1653 3515 1815 3565 etiam
1835 3514 1967 3564 dicit
1984 3515 2326 3580 Augustinus
2350 3533 2368 3566 .-
2393 3533 2422 3561 ι(
2444 3516 2585 3575 Qui..

1476 3595 1655 3636 autem
1688 3585 1934 3637 faciendo
1988 3587 2139 3652 quod
2183 3587 2387 3636 malum
2437 3599 2526 3639 est
2544 3628 2582 3648 „.

1474 3656 1636 3706 etiam
1664 3658 1805 3708 mala
1844 3657 2236 3707 consuetudine
2264 3673 2322 3706 se
2362 3657 2582 3723 impli-

1475 3737 1615 3787 cant,
1632 3739 1692 3777 ut
1703 3728 1819 3794 ipsa
1834 3730 2165 3777 consuetudo
2180 3728 2305 3778 mali
2327 3744 2438 3778 non
2459 3745 2588 3780 eos.

1475 3797 1615 3847 sinat
1655 3798 1836 3849 videre
1880 3799 2010 3864 quia
2039 3801 2243 3848 malum
2274 3809 2375 3858 est,
2414 3800 2582 3852 fiunt.

1473 3867 1781 3920 defensores
1814 3872 2086 3921 malorum
2110 3869 2377 3920 factorum
2413 3886 2555 3922 suo-

1474 3956 1624 4004 rum3
1657 3940 1960 3994 irascuntur
1985 3957 2117 3993 cum
2146 3944 2576 4008 reprehendun·-
