2757 4413
499 266 591 316 DE
621 265 1172 318 HAEMORRHOECA
1196 265 1292 318 ET
1316 265 1899 321 ARCHISYNAGOGI
1933 270 2133 322 FILIA.

248 383 336 447 wit,
358 398 420 434 ne
445 383 688 448 deceptus
716 382 1015 433 sirenarum
1044 381 1288 432 cantibus

252 456 303 505 in
324 470 456 504 mare
481 455 706 504 saltaret.
735 455 931 504 Turbae
960 455 1290 504 tumultuan-

244 539 319 578 tes
350 537 468 577 sunt
498 527 819 590 affectioneS‚
858 527 941 576 vel
971 526 1131 576 amici
1171 542 1288 576 car·-

242 599 409 660 ¹nales3
476 597 739 648 derisores
802 607 931 646 sunt
988 597 1251 646 seculares
1273 634 1286 656 ,

245 670 320 719 vel
366 669 695 718 detractores,
752 667 939 723 Turba
987 681 1114 732 ergo
1157 664 1289 715 foris

235 738 445 804 ejicitur,
496 749 558 788 ut
596 737 775 805 puella
812 737 1119 797 suscitetur,
1162 736 1290 804 quia

244 810 408 861 anima
462 810 606 860 intus
669 811 844 876 jacens
907 819 1119 859 mortua
1176 824 1287 859 non

242 883 470 949 resurgit,
512 882 618 932 nisi
665 884 815 948 prius
842 881 1148 932 affectiones
1184 896 1289 932 car-

244 954 374 1003 nales
413 965 464 1004 et
514 967 657 1003 curae
696 953 961 1003 seculares
1013 953 1080 1002 de
1130 952 1288 1003 corde

230 1026 588 1090 expellantur:
630 1025 744 1074 haec
774 1024 921 1074 enim
959 1024 1283 1090 impediunt,

241 1110 302 1144 ne
324 1097 439 1161 quis
462 1097 527 1145 ad
551 1095 1032 1145 considerationem
1057 1110 1170 1145 suae
1197 1110 1288 1145 sa·-

240 1167 356 1216 lutis
383 1182 435 1215 se
458 1167 689 1248 colligat.
729 1165 1002 1215 Tibicines
1029 1166 1147 1231 ejici
1187 1165 1288 1215 de-

232 1237 371 1296 bent,
432 1238 525 1304 qui
588 1248 845 1304 tanquam
912 1236 1154 1303 magistri
1229 1237 1286 1287 in

240 1324 456 1358 errorem
492 1309 733 1359 animam
771 1308 1094 1358 demulcent.
1141 1307 1301 1357 Deri?

238 1393 371 1428 sores
416 1394 637 1444 quoque
674 1370 921 1444 ejiciendi
966 1387 1110 1437 sunt,
1160 1377 1288 1443 quia

238 1449 595 1499 contemnendi
649 1459 699 1498 et
755 1448 984 1498 minime
1043 1448 1284 1498 curandi.

238 1521 297 1570 Et
338 1531 457 1570 tunc
502 1521 680 1586 puella
725 1520 1027 1580 suscitatur,
1068 1520 1289 1586 quando

235 1591 469 1642 Christus
510 1594 735 1642 domurn
760 1591 936 1641 cordis
966 1591 1283 1657 ingreditur,

237 1666 426 1715 ducens
479 1681 662 1715 secum
711 1665 975 1714 Joannem
1015 1665 1283 1730 gratiam,

234 1740 437 1789 Petrum
493 1738 871 1804 cognitionem,
925 1747 974 1787 et
1024 1738 1283 1788 Jacobum

217 1809 700 1876 supplantationem
726 1808 1002 1858 vitiorum.
1027 1809 1132 1869 Qui
1160 1824 1284 1859 vero

225 1898 253 1933 a
277 1882 540 1949 spirituali
580 1892 771 1941 morte,
806 1881 1005 1932 scilicet
1045 1897 1076 1932 a
1117 1881 1282 1946 vitiis,

224 1955 558 2004 resuscitatus
611 1951 798 2013 fuerit}‚
856 1967 966 2001 non
1018 1953 1195 2002 solum
1255 1969 1286 2003 a

210 2027 465 2077 ,sordibus
518 2022 782 2074 scelerum
840 2039 1141 2089 exsurgere,
1192 2026 1284 2075 sed

220 2101 376 2152 etiam
395 2101 454 2149 in
481 2098 641 2150 bonis
659 2098 934 2149 ambulare
960 2108 1011 2148 et
1031 2098 1286 2164 proficere

220 2173 405 2234 debet3
437 2181 488 2222 et
516 2187 644 2222 mox
670 2169 868 2221 coelesti
900 2184 1055 2236 pane,
1082 2169 1284 2221 scilicet

219 2246 377 2295 verbo
408 2243 527 2307 Dei,
555 2253 608 2292 et
634 2251 965 2292 sacramento
982 2240 1166 2291 altaris
1193 2256 1284 2291 sa-

221 2317 337 2368 tiari
366 2331 589 2367 necesse
624 2315 800 2364 habet.
838 2315 1070 2364 Possunt
1103 2324 1282 2364 autem

219 2390 306 2440 hic
343 2389 518 2439 notari
552 2387 670 2447 tria,
712 2387 914 2437 scilicet
942 2403 958 2436 :
995 2387 1284 2452 peccatoris

218 2461 513 2526 periculum
568 2459 627 2509 in
672 2458 814 2519 filia,
872 2457 927 2507 id
977 2468 1057 2509 est
1104 2458 1284 2509 anima

220 2534 518 2596 moriente5
559 2532 869 2598 poenitentis
902 2531 1239 2581 remedium
1227 2547 1283 2581 in

218 2605 475 2670 principe,
525 2603 578 2652 id
616 2612 697 2654 est
739 2602 801 2652 in
832 2601 1066 2653 Ecclesia
1108 2602 1280 2652 Deum

215 2687 465 2741 rogante;
516 2673 783 2725 Creatoris
828 2671 1169 2733 beneficium,
1222 2673 1280 2723 in

214 2745 432 2796 Christo
469 2744 808 2810 propitiante.
856 2742 1159 2793 Periculum
1205 2743 1283 2794 sic

215 2815 493 2882 procedit:
521 2830 642 2864 nam
670 2813 831 2863 morti
865 2813 1279 2879 appropinquat,

206 2903 341 2939 cum
377 2886 686 2936 delectabile
718 2884 969 2935 illicitum
1004 2884 1278 2950 concipit3

214 2959 274 3009 in
322 2957 578 3008 extremis
618 2956 840 3015 laborat,
879 2970 1004 3004 cum
1046 2954 1113 3004 ad
1160 2970 1283 3004 con-

213 3044 438 3080 sensum
470 3026 699 3089 accedit5
737 3026 832 3075 sed
874 3024 1122 3087 moritur,
1157 3041 1281 3077 cum

198 3101 500 3160 consentit,
528 3111 583 3150 et
617 3114 745 3150 tunc
785 3113 947 3164 opera
980 3108 1110 3148 sunt
1141 3114 1285 3149 mor-

214 3171 430 3223 tificata.
482 3170 806 3221 Remedium
847 3168 1122 3235 quaeritur,
1157 3185 1278 3219 curn

207 3242 462 3309 princeps
506 3240 572 3290 ad
615 3240 896 3291 Christum
936 3238 1135 3287 accedit
1165 3253 1284 3288 cre-

204 3316 413 3374 ¹dend0,
444 3314 628 3363 adorat
661 3312 952 3378 diligendo,
987 3310 1282 3362 Dominum

196 3385 447 3452 appellat
472 3384 779 3435 metuendo.
815 3381 1147 3433 Beneficium
1181 3383 1282 3432 da-

196 3471 338 3519 otur‚
388 3473 510 3509 cum
572 3456 823 3508 Christus
872 3456 1053 3521 surgit
1104 3470 1284 3521 preces

2363 272 2471 339 457

1398 382 1751 445 exaudiendo,
1795 386 2005 435 turbam
2056 385 2198 451 ejicit
2259 397 2472 452 peccata

1397 453 1729 518 expellendo,
1780 456 1864 505 vel
1909 455 2258 521 impedientia
2304 473 2472 507 remo-

1397 524 1587 587 vend0,
1630 526 1857 575 domum
1910 525 2071 575 intrat
2119 526 2345 592 gratiam
2392 528 2474 577 in-

1397 594 1673 645 fundendo
1721 613 1734 645 2
1807 596 1959 661 prius
2032 597 2177 646 enim
2254 598 2470 663 ejicitur

1397 668 1570 733 culpa,
1605 679 1658 718 et
1684 669 1762 719 sic
1783 669 2085 734 ingreditur
2111 669 2298 735 gratia.
2371 682 2374 685 '

1467 753 1522 789 11
1582 739 1704 799 Quo
1746 754 1908 789 sensu
1960 755 2230 790 mancum
2279 758 2471 793 runn-

1389 823 1517 858 cnm
1551 824 1819 859 vmussnn·
1859 809 2104 860 Domnus
2135 810 2155 860 ἲ
2198 839 2259 849 --
2299 812 2366 862 Et
2402 813 2470 863 ad

1397 881 1779 933 insinuandum
1830 882 2224 943 humilitatem,
2272 885 2471 935 docens

1395 953 1663 1004 Dominus
1714 956 1869 1006 Jesus
1924 955 2110 1022 fugere
2166 956 2471 1007 ostentatio-

1398 1042 1522 1076 nem
1565 1038 1619 1077 et
1655 1026 1873 1078 inanem
1921 1026 2167 1092 gloriam,
2207 1027 2473 1095 praecepit

1389 1097 1722 1162 parentibus,
1764 1112 1830 1148 ne
1858 1098 2026 1148 alicui
2055 1098 2293 1149 dicerent
2331 1099 2472 1165 quod

1382 1169 1600 1234 sactum
1653 1175 1812 1231 erat5
1863 1170 2172 1229 ostendens,
2229 1180 2291 1219 ut
2341 1169 2472 1220 dicit

1398 1239 1719 1305 Gregorius,
1762 1240 1908 1306 quod
1943 1239 2163 1305 largitor
2201 1240 2472 1290 bonorum

1396 1320 1505 1369 est,
1569 1326 1677 1360 non
1726 1320 1906 1361 autem
1957 1311 2185 1376 cupidus
2248 1311 2468 1376 gloriae,

1395 1383 1592 1449 datque
1639 1393 1833 1446 totum,
1887 1382 2028 1432 nihil
2078 1382 2360 1449 recipiens,
2406 1384 2472 1433 Et

1396 1466 1575 1506 tamen
1605 1457 1779 1507 exivit
1819 1456 1968 1513 fama
2006 1457 2122 1507 hoec
2162 1457 2214 1506 in
2258 1457 2472 1507 univer—

1391 1543 1511 1578 Sam
1541 1535 1738 1578 terram
1763 1528 1931 1590 illam,
1960 1528 2164 1577 scilicet
2182 1529 2470 1593 provinciae

1396 1599 1646 1659 Galilaeae,
1695 1601 1762 1649 ad
1814 1598 2261 1648 manifestandam
2300 1599 2470 1649 mira·—

1396 1669 1502 1718 culi
1526 1669 1953 1736 magnitudinem
1976 1680 2028 1719 et
2057 1670 2330 1720 veritatem
2356 1670 2472 1720 ubi·

1394 1758 1517 1807 quc.
1579 1742 1864 1792 prohibuit
1913 1741 2135 1807 quidem
2201 1742 2469 1792 Dominus

1391 1812 1730 1877 jactantiam,
1788 1829 1903 1863 non
1964 1812 2209 1862 miraculi
2283 1813 2467 1863 mani-

1394 1883 1732 1934 festationem
1760 1922 1774 1944 ,
1844 1884 1971 1950 quia
2064 1899 2149 1933 res
2244 1883 2361 1949 ipsa
2413 1900 2471 1935 se

1394 1954 1679 2015 indicabat,
1729 1965 1782 2005 et
1833 1953 2176 2005 manifestam
2227 1954 2468 2006 faciebat.

1390 2026 1469 2075 Ac
1512 2026 1560 2075 si
1604 2025 1801 2077 diceret
1847 2043 1860 2076 ε
1911 2026 2092 2076 Nolite
2144 2025 2362 2092 gloriari
2410 2025 2468 2075 in

1396 2095 1553 2146 bonis
1603 2097 1859 2161 operibus
1907 2096 2120 2157 vestris,
2184 2096 2326 2146 sicut
2375 2111 2471 2146 nec

1393 2185 1491 2236 ego
1543 2169 1600 2220 in
1654 2170 1752 2221 eiS.
1802 2170 1907 2222 Ubi
1971 2170 2254 2221 sciendum
2323 2169 2470 2236 quod

1393 2243 1643 2293 Christus
1687 2243 1947 2309 publicari
1998 2243 2282 2309 prohibuit
2307 2256 2471 2308 opera

1394 2316 1775 2366 miraculorum
1801 2325 2019 2381 propter
2053 2315 2245 2365 mundi
2288 2314 2471 2364 hono-

1393 2401 1526 2444 rem.
1579 2395 1630 2435 et
1677 2385 1861 2435 laudes
1904 2386 2212 2444 hom-inum,
2249 2400 2344 2434 seu
2371 2400 2470 2435 va-

1392 2471 1521 2506 nam
1584 2456 1842 2522 gloriam3
1910 2456 2003 2505 sed
2052 2471 2161 2505 non
2209 2455 2276 2505 ad
2345 2455 2472 2521 glo-

1391 2526 1709 2576 rificandum
1769 2527 1978 2586 Deum,
2053 2535 2105 2576 et
2164 2525 2229 2575 ad
2306 2523 2470 2576 fidem

1391 2597 1744 2663 probandam,
1781 2607 2005 2663 propter
2038 2612 2159 2663 quae
2195 2595 2470 2647 Dominus

1391 2669 1647 2719 miracula
1708 2667 1950 2728 faciebat,
2005 2684 2115 2717 non
2186 2667 2469 2733 prohibuit

1389 2755 1656 2791 enarrare.
1699 2740 1856 2790 Unde
1897 2750 1949 2790 et
1991 2750 2237 2806 parentes
2275 2739 2468 2805 puellae

1390 2821 1716 2877 praeceptum
1735 2811 1956 2862 Domini
1970 2823 2331 2871 servaverunt,
2354 2826 2471 2876 pro·

1390 2893 1506 2949 pter
1544 2884 1849 2934 humanum
1892 2884 2245 2948 applausum,
2285 2882 2467 2947 ipsum

1389 2956 1709 3007 miraculum
1777 2972 1888 3005 non
1942 2955 2299 3021 publicando;
2369 2969 2467 3004 nec

1388 3036 1572 3077 contra
1612 3025 2036 3092 prohibitionem
2067 3026 2166 3076 Dei
2206 3025 2466 3083 fecerunt,

1390 3098 1494 3147 hoc
1520 3097 1587 3147 ad
1619 3096 1714 3146 Dei
1756 3097 1984 3162 gloriam
2014 3095 2371 3162 praedicandO.
2397 3094 2471 3144 Et

1388 3167 1641 3218 similiter
1697 3167 1939 3218 fecerunt
1989 3169 2097 3217 duo
2156 3182 2186 3216 a
2240 3165 2470 3215 caecitate

1388 3238 1577 3299 curati,
1608 3239 1674 3289 de
1713 3239 1914 3305 quibus
1948 3254 2076 3288 mox
2107 3236 2468 3303 subjungitur,

1389 3322 1441 3362 et
1469 3312 1651 3376 plures
1681 3311 1794 3373 alii,
1818 3312 1885 3362 de
1912 3311 2113 3377 quibus
2142 3308 2272 3361 alibi
2289 3308 2471 3360 simile

1391 3381 1674 3448 reperitur.
