2757 4413
257 325 338 376 DE
368 323 884 377 INCREPATJONE
909 322 1009 375 ET·
1035 321 1663 375 -NDEMNAUDNE
1690 323 2118 376 JUDAEORUM.
2186 323 2289 375 525

145 442 321 504 selmum,
364 440 465 491 alio
525 434 683 491 n'iodo
732 440 869 507 juste
909 440 1128 490 damnat

145 512 281 570 malos»,
314 510 411 560 alio
442 511 602 562 modo
649 512 786 577 juste
812 510 982 577 parcit
1009 525 1127 560 ma-

143 581 199 631 lis.
222 581 332 631 Nam
358 597 475 631 cum
503 583 717 632 damnat
735 582 903 632 malos
925 581 1127 646 justum

141 661 208 711 est,
230 651 333 717 quia
361 652 573 703 illorum
608 653 814 703 meritis
839 651 1125 703 convenit·
1110 689 1127 716 ,

140 737 226 772 cum
257 738 362 772 vero
401 724 568 789 parcit
593 724 765 789 malis,
784 723 995 809 justum
1028 732 1126 784 est,

143 811 215 845 non
237 774 343 862 quia
369 795 584 848 illorum
622 798 846 859 meritis,
879 798 971 848 sed
1002 798 1129 865 quia

142 864 306 916 bonitati
318 883 420 918 suae
434 869 729 920 condecens
743 879 839 921 est.
862 871 1128 921 Parcendo

140 940 386 1003 ergomffis
411 942 587 1005 joetus
615 943 1017 993 esttecundum
1044 958 1127 1003 ue,
1160 978 1165 987 -

142 1017 175 1056 et
206 1008 469 1060 misericors
514 1013 814 1063 secundum
850 1028 982 1074 nos,
1006 1028 1128 1064 non

140 1082 366 1131 secundum
406 1098 479 1133 se.
522 1084 654 1134 ‘Non
696 1083 841 1135 enim
889 1084 1008 1135 ideo
1048 1094 1130 1135 est

143 1151 392 1214 misericors»,
421 1153 550 1220 quia
592 1154 855 1205 miserum
893 1170 984 1205 cor
1025 1154 1128 1205 ha-

143 1224 248 1287 beat3
286 1226 364 1275 sed
405 1227 533 1293 quia
578 1228 715 1278 circa
763 1228 989 1279 miseros
1038 1244 1130 1278 cor

143 1295 292 1359 pietatis
308 1298 580 1364 impendit.
609 1300 715 1360 Qui
735 1300 919 1361 etiam,
940 1315 1131 1351 tecun·
1162 1314 1165 1343 ἰ

141 1369 229 1418 dum
251 1372 609 1456 Augustinzfm‚
641 1374 796 1440 cujus
834 1374 950 1423 vult
976 1373 1129 1425 mise-

140 1451 252 1504 retur,
286 1459 381 1492 non
421 1444 477 1494 in
514 1445 738 1510 justitia,
785 1445 877 1496 sed
922 1445 1124 1511 gratia·
1111 1485 1126 1511 ,

138 1525 250 1576 quem
269 1515 371 1564 vult
403 1516 652 1577 obdurat,
684 1533 802 1569 non
829 1517 1131 1584 iniquitate,

140 1583 200 1632 sed
236 1584 423 1636 veritate
479 1586 753 1640 vindictae.
804 1587 891 1639 Sic
947 1598 1128 1638 tamen

140 1651 428 1707 misericordia
455 1667 509 1707 et
535 1657 734 1709 veritas
761 1658 976 1710 obviant
1003 1658 1127 1720 sibi,

142 1731 180 1772 ut
204 1739 278 1774 nec
303 1725 662 1779 misericordia
698 1729 956 1795 impediat
983 1729 1127 1781 veri-

141 1804 266 1856 ntem,
304 1814 402 1865 qua
448 1800 702 1865 plectitur
744 1801 980 1868 dignus·
960 1839 985 1864 ,
1026 1816 1131 1852 nec

142 1865 274 1917 ventas
287 1868 718 1932 misericordiam,
742 1886 850 1937 qua
871 1871 1129 1921 liberatur

142 1932 342 2002 indignus.
369 1939 512 1991 Deus
549 1940 793 2007 quidem,
824 1940 891 1991 ab
928 1950 1126 1991 aeterno

141 2006 261 2058 sciens
314 2012 769 2062 conversationem
828 2012 1126 2064 hominum

140 2077 1127 2149 malmfinquetqffianecsnla

1233 438 1509 490 severitate
1556 450 1750 512 posset
1779 442 1986 503 salvari,
2034 456 2130 492 nec
2180 441 2295 493 sola
2367 427 2383 443 ⁶

1234 510 1601 562 misericordia
1618 513 1892 578 pervenire
1910 514 1975 564 ad
1996 512 2292 594 profectum
2320 513 2327 520 '

1233 581 1569 643 meritorum,
1602 583 1830 634 decrevit
1870 584 2015 650 quod
2052 584 2108 633 in
2146 600 2291 634 uno-

1226 669 1450 720 quoque
1465 649 1704 721 teinpore
1716 657 2112 723 praedicandum
2132 666 2291 718 esset,

1232 739 1677 792 unumquemque
1711 726 2025 792 permittens
2063 742 2161 777 suo
2202 728 2293 792 ju-

1231 794 1391 857 dicio,
1421 796 1476 846 id
1502 806 1581 847 est
1608 798 1832 848 naturali
1861 798 1986 864 legi,
2015 813 2134 864 quae
2162 796 2294 849 dicit

1233 867 1289 917 in
1308 867 1471 919 corde
1501 886 1515 919 ε
1547 869 1702 930 Quod
1728 871 1796 921 ab
1823 872 1934 922 alio
1963 871 2143 922 oderis
2159 871 2295 937 fieri

1222 941 1346 1004 fibi,
1382 955 1448 992 ne
1473 942 1861 1009 dier-isacius.
1897 945 2001 994 Sed
2032 942 2159 1010 qnia
2194 958 2294 994 na·-

1233 1014 1422 1065 turalis
1453 1016 1551 1066 lex
1592 1016 1867 1083 obtorpuit
1905 1016 2296 1068 consuetudine

1233 1086 1504 1152 peccandi,
1529 1087 1810 1152 praedicata
1835 1098 1933 1149 est,
1967 1104 2088 1155 quae
2127 1086 2297 1139 refre-

1232 1167 1378 1208 naret
1426 1169 1722 1223 peccanteS.
1778 1160 1861 1221 Et,
1914 1160 2042 1227 quia
2102 1159 2297 1210 iterum

1233 1230 1400 1280 homo
1435 1246 1545 1281 non
1584 1247 1640 1282 se
1672 1247 1766 1298 per
1794 1232 1929 1298 legis
1964 1231 2297 1283 severitatem

1232 1301 1468 1363 cohibet,
1505 1301 1617 1352 imo
1654 1318 1751 1367 per
1793 1302 2136 1353 interdictum
2173 1317 2298 1354 reus

1232 1373 1528 1433 tenebatur,
1567 1372 1844 1438 praedicata
1874 1383 1954 1423 est
1985 1371 2298 1422 misericor-

1233 1442 1340 1504 dia,
1383 1458 1505 1509 quae
1553 1443 1775 1494 salvaret
1822 1443 2195 1509 confugientes
2228 1443 2294 1493 ad

1234 1529 1370 1575 eam,
1385 1524 1446 1563 ut
1464 1523 1741 1564 excaecaret
1760 1513 2061 1573 refutante8‚
2078 1513 2296 1563 mittens

1234 1587 1435 1637 Gentes
1453 1586 1517 1636 ad
1521 1586 1947 1652 promissionem
1965 1586 1993 1635 J
1996 1586 2293 1645 udaeorum,

1233 1666 1293 1706 ut
1354 1655 1461 1722 ipsi
1504 1646 1675 1707 Judaei
1724 1658 1911 1707 saltem
1955 1653 2298 1706 aemulatione

1234 1726 1491 1779 Gentium
1545 1736 1999 1779 converterentur.
2057 1727 2124 1777 Et
2176 1725 2297 1776 haec

1232 1810 1311 1852 est
1346 1801 1572 1852 altitudo
1613 1801 1826 1852 consilii
1866 1801 1986 1863 Dei,
2018 1816 2127 1867 quo
2158 1798 2300 1850 mira

1238 1872 1593 1933 Providentia,
1635 1873 1851 1924 Judaeos
1885 1882 1936 1923 et
1967 1872 2167 1923 Gentes
2208 1886 2299 1922 re—

1233 1944 1388 1994 duxit
1423 1944 1489 1995 ad
1529 1944 1714 2009 vitam,
1748 1961 1915 2013 quam
1960 1959 2148 1996 omnes
2179 1958 2301 2011 per-

1232 2015 1478 2067 diderant
1506 2015 1564 2067 in
1601 2017 1791 2068 Adam.

1034 2307 1321 2361 ORATIO

175 2467 785 2537 munimentisn,
782 2476 889 2542 qni
910 2492 1016 2529 m
1048 2477 1210 2528 verbo
1233 2487 1287 2528 et
1303 2477 1553 2542 exeumlo
1585 2476 1884 2543 prumasti
1911 2477 1976 2527 ad
2003 2474 2296 2526 dolendum

139 2553 207 2602 ΡΩ
226 2546 439 2608 petentis,
460 2557 531 2599 et
569 2548 637 2599 ad
664 2550 1049 2601 &minandum
1074 2564 1173 2631 pto
1196 2549 1571 2633 spirinulibuy
1597 2549 1794 2600 bonis:
1823 2550 1891 2600 da
1915 2548 2055 2600 mihi
2074 2547 2300 2614 gratim

139 2610 449 2680 lflynnnun
495 2629 557 2670 et
586 2629 819 2671 tetram
836 2620 1018 2672 :ordis
1050 2621 1163 2671 mei
1213 2621 1419 2672 aridam
1448 2621 1663 2688 {irriguo
1699 2620 1908 2672 calesti
1950 2620 2195 2680 fecunda.
2235 2629 2306 2670 ut

139 2682 719 2757 mumquutidie
744 2690 993 2742 inomni
1029 2691 1143 2742 uin
1175 2691 1852 2743 mermutefficianmt
1887 2690 2300 2775 mihilacryoe

139 2769 404 2831 &pnes
429 2764 1734 2824 &nemeanmmeaoffinmitatis
1753 2775 1816 2815 .et
1835 2764 2096 2825 miserie,
2113 2764 2306 2814 ardut

140 2835 262 2880 mtto
283 2847 489 2886 emme:
515 2835 599 2887 ita
623 2844 686 2887 ut
708 2836 953 2887 nnlmdo
969 2836 1049 2886 ad
1079 2836 1221 2886 hona
1249 2851 1414 2903 opera
1435 2846 1500 2887 et
1523 2837 1592 2887 ad
1624 2836 1807 2887 laudes
1826 2836 1931 2887 Dei
1950 2835 2298 2918 assurgendo,

140 2912 239 2952 mm:
256 2907 544 2962 enatem
522 2924 588 2959 n
615 2923 731 2975 spe,
758 2918 812 2961 et
827 2909 1063 2962 tandem·
1069 2910 1665 2979 sempertedaudmdo,
1698 2918 1874 2962 neum
1889 2909 2157 2976 gaudeam
2175 2907 2306 2959 sine

136 2964 410 3031 suumn.

1082 3447 1380 3603 ’κριὲ
