2757 4413
339 324 444 377 77³2

338 424 494 475 bium
518 425 668 475 enim
693 424 907 485 dicitur,
937 425 1162 490 quando
1181 424 1407 475 verbum

336 511 445 562 pro»
467 495 909 561 verboponiturz
942 494 1022 545 sic
1045 505 1130 545 est
1164 494 1219 544 in
1248 510 1407 560 para-

335 568 477 626 bola,
510 568 730 634 quando
764 582 856 633 per
883 581 1068 616 vocem
1098 582 1267 617 unam
1290 582 1405 617 rem

332 639 737 707 significantem
776 640 921 689 aliud
964 639 1293 706 designatur.
1341 641 1407 691 Et

334 712 466 779 quia
498 712 603 778 ipsi
645 727 755 761 non
785 711 1179 771 intellexerunt,
1209 727 1406 762 conse—-

333 796 562 852 quenter
599 785 702 835 hoe
738 782 817 833 eis
856 783 1202 849 proverbium
1238 800 1406 850 expo-

335 858 435 921 nit,
462 859 641 907 dicens
665 874 686 906 τ
706 854 836 922 Ego
859 871 973 906 sum
994 857 1187 909 ostium
1208 858 1402 921 ovium,

334 945 448 997 per·
482 928 778 978 doctrinam
831 937 888 977 et
922 931 1257 995 exemplum,
1311 944 1406 994 per

335 1003 478 1069 quod
511 1002 711 1051 ostium
740 1009 820 1051 est
843 1001 1173 1053 intrandum.
1212 1003 1406 1053 Omnes

334 1081 587 1142 quotquot
618 1079 886 1137 venerum&
927 1091 1036 1124 non
1070 1091 1168 1141 per
1205 1092 1309 1137 me,
1353 1087 1406 1127 et

336 1162 449 1197 non
482 1146 748 1196 intrantes
772 1160 865 1211 per
892 1146 1111 1208 ostium,
1143 1148 1234 1197 sed
1264 1163 1404 1213 praea

257 1268 260 1269 7
335 1225 417 1266 ter
455 1232 560 1276 me,
602 1226 790 1281 praeter
828 1215 1069 1267 divinam
1110 1218 1403 1268 auctorita-

336 1295 446 1336 tem
503 1297 555 1336 et
611 1285 1060 1351 suspicationem,
1112 1303 1226 1337 non
1274 1304 1402 1338 cum

334 1361 638 1411 intentione
653 1361 1052 1426 divinaegloriae
1080 1363 1401 1427 quaerendae,

336 1447 448 1482 non
490 1448 519 1482 a
557 1433 668 1482 Deo
710 1431 909 1497 quippe
941 1432 1115 1493 missi,
1146 1433 1239 1482 sed
1268 1449 1403 1499 pro-

334 1502 451 1568 pria
488 1513 681 1568 sponte
721 1502 1023 1568 ingerentes
1053 1502 1261 1568 seipsos
1288 1503 1402 1553 im-

334 1573 547 1638 pudice,
576 1573 740 1638 fures
769 1578 909 1635 sunt,
941 1573 1199 1637 alienum,
1246 1574 1400 1624 scili-

332 1654 416 1694 cet
470 1660 596 1694 oves
647 1643 764 1704 Dei,
816 1642 920 1692 sibi
969 1645 1298 1710 usurpando,
1349 1651 1403 1694 et

331 1717 585 1780 latroneS,
626 1717 767 1766 malo
797 1717 1041 1781 exemplo
1075 1725 1127 1765 et
1155 1733 1401 1781 perversa

329 1787 583 1845 doctrina,
614 1797 875 1852 quantum
896 1786 950 1835 in
970 1802 1027 1836 se
1047 1795 1142 1845 est,
1160 1786 1400 1837 occi-den-

329 1856 417 1906 do·
447 1856 560 1906 Sed
586 1870 688 1905 non
720 1856 1008 1905 audierunt
1032 1870 1124 1907 eos
1162 1871 1302 1919 oveS,
1339 1858 1396 1908 id

330 1936 410 1978 est
435 1927 620 1977 fideles
651 1927 705 1977 in
742 1928 869 1996 oyili
909 1927 1154 1978 Ecclesiae
1180 1945 1397 1994 perma-

329 2010 537 2062 nentes,
574 2000 652 2050 illi
696 2001 901 2051 scilicet
948 2001 1014 2050 de
1059 2001 1262 2067 quibus
1308 2002 1397 2051 di-

328 2080 474 2122 ctum
520 2082 600 2122 est
643 2089 660 2122 t
696 2072 964 2138 Cognovit
996 2072 1259 2124 Dominus
1304 2074 1399 2139 qui

329 2149 454 2192 sunt
500 2142 632 2210 ejus.
683 2142 884 2192 Deinde
939 2143 1130 2209 probat
1180 2159 1237 2193 se
1278 2159 1396 2194 esse

327 2213 549 2276 ostium,
578 2214 708 2280 quia
737 2212 978 2264 officium
1022 2214 1146 2265 ostii
1176 2225 1261 2265 est
1283 2217 1411 2272 sale
1454 2245 1457 2272 ;

329 2301 452 2337 vare
480 2302 540 2337 ea
582 2302 705 2352 quae
743 2297 870 2336 sunt
900 2287 1039 2337 intra
1067 2288 1312 2348 domurn,
1343 2298 1397 2339 et

326 2360 472 2425 quod
525 2375 621 2423 per
675 2359 853 2423 ipsum
910 2359 970 2409 fit
1017 2359 1290 2425 ingressus
1343 2372 1397 2412 et

324 2446 601 2496 egressus3
633 2431 708 2481 sic
736 2441 912 2482 autern
939 2442 1020 2482 est
1059 2434 1131 2483 de
1153 2434 1392 2496 Christ0‚

326 2502 454 2567 quia
500 2517 594 2566 per
650 2502 830 2567 ipsum
881 2502 1065 2553 fideles
1116 2517 1395 2556 servantur

324 2581 375 2621 et
399 2572 690 2631 salvantur,
722 2582 774 2622 et
806 2572 1062 2622 similiter
1085 2589 1181 2639 per
1209 2575 1390 2641 ipsum

322 2652 404 2692 est
435 2642 711 2707 ingressus
740 2642 806 2691 ad
843 2640 1004 2691 fidem
1048 2652 1100 2693 et
1144 2659 1391 2710 egressus

319 2712 386 2763 ad
442 2712 684 2779 gloriam.
740 2713 837 2763 Per
896 2712 1174 2766 Christum
1222 2716 1388 2780 enirn,

320 2782 414 2847 qui
457 2784 605 2834 solus
652 2792 733 2834 est
775 2782 1012 2847 ostium,
1056 2784 1108 2833 si
1142 2786 1262 2850 quis
1300 2786 1389 2836 in-

317 2853 543 2916 troierit,
558 2864 610 2904 et
629 2854 1386 2921 perseveraverit,}'salvabitur,

314 2924 444 2988 quia
468 2942 481 2973 z
513 2927 639 2976 Non
670 2927 825 2977 aliud
852 2942 1044 2978 nomen·
1061 2934 1142 2978 est
1164 2929 1261 2978 sub
1289 2944 1388 2979 coe-

315 2995 367 3045 lo
407 2995 591 3045 datum
637 2998 955 3061 hominibusi,
987 3000 1041 3049 in
1082 3015 1184 3066 quo
1216 3015 1384 3065 opor-

315 3072 424 3117 teat
452 3082 554 3118 nos
580 3069 761 3120 salvos
776 3070 927 3135 sieri,
951 3071 1034 3121 ait
1054 3073 1374 3138 Apostoius3

312 3145 366 3190 et
394 3139 755 3205 ingredietur,
786 3142 874 3193 hic
902 3144 968 3194 ad
994 3143 1156 3195 fidem
1190 3155 1243 3196 et
1276 3148 1383 3197 Ec-

310 3210 550 3270 clesiam,
579 3216 634 3261 et
658 3214 974 3277 egredietur
1002 3214 1070 3265 ab
1094 3216 1196 3267 ista
1224 3217 1382 3268 mise-

312 3281 392 3333 ria
419 3282 484 3331 ad
515 3281 743 3348 gloriam
772 3293 823 3334 et
854 3284 1017 3335 vitam
1047 3296 1321 3349 aeternam,
1352 3306 1383 3340 a

311 3350 416 3402 fide
444 3355 509 3402 ad
543 3367 712 3418 spem,
743 3368 773 3403 a
809 3356 1118 3407 credulitate
1148 3358 1213 3408 ad
1247 3374 1381 3409 con-

311 3426 753 3490 templationem3
823 3426 1159 3493 ingredietur
1218 3431 1378 3482 etiam

309 3511 412 3560 per
480 3497 722 3547 studium
790 3501 1260 3564 contemplationis
1328 3513 1381 3553 et

310 3577 571 3618 secretum
629 3568 918 3629 orationis,
960 3577 1013 3619 et
1068 3574 1375 3638 egredietur

309 3652 403 3702 per
428 3638 740 3689 exercitium
765 3639 892 3689 boni
914 3641 1111 3705 operis,
1132 3653 1183 3694 et
1206 3659 1380 3694 exem-

308 3709 459 3773 plum
517 3711 671 3761 bonae
720 3711 969 3775 actionis;
1017 3720 1069 3777 gt
1117 3714 1196 3765 sic
1230 3716 1376 3767 inve-

308 3779 417 3828 niet
471 3780 527 3829 in
585 3792 784 3832 aeterna
828 3781 1117 3834 refectione
1164 3800 1375 3850 pascua

307 3846 612 3912 viriditatiS‚
670 3852 875 3902 scilicet
922 3855 1029 3904 mel
1075 3853 1374 3906 divinitatis

309 3925 363 3965 et
404 3918 484 3968 lac
509 3920 878 3985 humanitatiS,
913 3925 1042 3991 quia
1068 3924 1211 3976 beati
1244 3926 1374 3977 refi-

899 307 1139 360 PRIMAE
1170 306 1423 358 PARTIS
1453 307 1688 359 CAPUT
1717 308 2001 363 LXXXVI.

1510 424 1728 475 ciuntur
1757 425 1990 476 interius
2021 425 2091 476 in,
2109 435 2333 491 aspectu„
2362 426 2588 478 Divini-

1509 495 1735 555 tatis,et
1766 495 2007 546 exmrius
2037 495 2105 546 in
2124 505 2341 561 aspectu
2372 496 2587 549 huma-

1510 565 1705 617 nitatis,
1754 565 1993 628 Chnisti,
2058 581 2159 632 pet
2221 582 2385 633 quem
2452 578 2590 620 sunt

1508 638 1724 700 salvati,
1778 649 1839 691 ee
1892 639 2014 690 ideo
2062 640 2197 690 dicit
2253 656 2477 707 pascua
2522 641 2589 695 in

1508 708 1736 774 plurali;
1771 711 1885 771 veh,
1933 711 2001 761 in
2030 711 2266 761 Ecclesia
2309 711 2590 765 militante

1509 781 1748 832 inveniet
1781 797 2018 849 paeana,
2071 782 2273 834 Scilicet
2314 785 2591 837 doctrinae

1507 863 1567 904 et
1582 854 1781 920 gratiae,
1809 865 1867 907 et
1888 855 1948 904 in
1977 856 2212 906 Ecclesia
2234 856 2586 922 triumphan-

1507 933 1586 984 te„
1612 923 1818 975 scilieet
1853 925 2033 991 gaudii
2078 935 2132 976 et
2170 926 2385 992 gloriae-
2414 927 2588 979 Unde

1506 998 1850 1063 Augustinus
1869 1017 1889 1048 .·.
1911 1016 1946 1044 ω
1969 999 2229 1058 Quamvis
2251 1014 2375 1066 ergo
2399 1009 2457 1050 et
2484 1000 2590 1052 hic

1509 1067 1571 1116 in
1595 1067 1714 1132 ipso
1737 1068 1865 1118 ovili
1897 1085 2006 1119 non
2036 1069 2216 1120 desint
2236 1085 2450 1135 pascua,
2488 1071 2588 1122 in-

1508 1139 1714 1188 venient
1736 1148 1916 1190 tamen
1940 1154 2175 1205 pascum,
2193 1140 2290 1191 ubi
2317 1150 2588 1193 saturem·—

1506 1218 1615 1269 tur,
1635 1211 1820 1275 qualia
1844 1212 2057 1263 invenit
2080 1212 2169 1262 cui
2203 1213 2409 1264 dictum
2451 1225 2541 1265 est
2567 1232 2587 1266 τ

1505 1281 1688 1331 Hodie
1735 1296 1936 1333 mecum
1972 1283 2181 1334 etis-in.
2207 1285 2510 1348 paradiso.
2550 1306 2585 1334 ι

1506 1351 1624 1402 Fur
1669 1365 1777 1401 non
1821 1353 1962 1403 venit
1991 1353 2058 1403 ad
2090 1353 2279 1419 populi
2319 1354 2586 1417 salutem,

1503 1421 1595 1472 sed
1645 1421 1822 1487 magis
1855 1423 1929 1472 ad,
1964 1425 2080 1488 ejus
2124 1425 2583 1487 destructionem,

1502 1491 1711 1543 scilicet
1751 1499 1809 1543 un
1835 1491 2083 1558 furetur,
2134 1496 2280 1560 quod
2325 1512 2438 1546 non
2491 1508 2586 1550 est

1501 1579 1663 1615 suum
1692 1563 1805 1615 sibi
1830 1567 2160 1631 usurpandO,
2188 1583 2296 1618 non
2331 1569 2403 1619 de
2427 1585 2585 1635 prae-

1499 1638 1668 1703 ceptis
1714 1637 1919 1689 Christi
1970 1654 2109 1689 suos·
2143 1649 2430 1692 sectatores
2484 1642 2582 1693 in·-

1499 1719 1731 1768 struenr„
1772 1710 1879 1759 sed.
1907 1709 2027 1761 suis
2058 1711 2317 1776 exemplis
2358 1728 2457 1763 eos
2494 1713 2588 1765 vi-

1497 1795 1625 1830 vere
1685 1782 1958 1845 maden&
2025 1788 2086 1833 et
2144 1789 2343 1834 mactet
2407 1801 2589 1850 pram

1497 1853 1767 1918 exemplo,
1791 1863 1863 1903 et·
1880 1854 2029 1904 mala
2053 1854 2297 1906 doctrina
2337 1857 2404 1906 ad
2449 1874 2582 1910 ma-

1497 1923 1612 1972 lum
1650 1924 1940 1988 trahend03
1982 1931 2034 1975 et
2069 1925 2270 1992 perdat
2312 1927 2373 1977 in
2407 1939 2585 1979 aeter-

1499 2011 1623 2047 nam
1671 1997 2074 2048 damnationem
2108 2000 2395 2050 mittendo.
2437 2003 2589 2068 Egu-

1497 2069 1617 2119 veni
1644 2084 1757 2119 non
1791 2069 1931 2119 sicut
1957 2069 2064 2131 fur,
2095 2072 2186 2122 sed
2236 2086 2336 2137 pro
2376 2072 2583 2124 homi-

1499 2155 1633 2189 num
1666 2141 1837 2190 salute
1871 2140 2072 2190 missus
2109 2157 2143 2191 a·
2176 2143 2346 2204 Patre,
2379 2150 2443 2194 ut
2476 2145 2581 2196 in-

1497 2211 1815 2276 gredientes·
1846 2212 1913 2262 in
1945 2212 2116 2274 ovile,
2161 2214 2329 2265 vitam
2378 2217 2585 2282 gratia:

1496 2282 1726 2334 habeant
1766 2282 1830 2333 in,-
1860 2282 2111 2347 praesenti
2151 2299 2252 2349 per
2295 2285 2466 2336 fidem
2510 2288 2581 2339 in

1495 2368 1608 2417 spe,
1642 2353 1774 2418 quia
1799 2354 1993 2420 justus
2027 2368 2104 2404 ex
2135 2355 2257 2421 fide
2307 2357 2475 2420 vivit,·
2520 2370 2580 2411 et

1454 2465 1455 2470 ,
1495 2424 1827 2489 egredientes
1859 2425 1925 2474 de
1944 2439 2199 2490 corpore,
2230 2427 2398 2479 vitam
2439 2431 2577 2496 glo—

1495 2494 1588 2545 riae
1624 2495 1984 2546 abundantius
2009 2496 2254 2560 habeant,
2288 2498 2347 2548 in
2374 2499 2576 2554 futuro

1496 2583 1588 2633 per
1612 2584 1771 2634 spem*
1792 2568 1852 2618 in
1880 2584 1959 2628 re,
1985 2569 2114 2635 quia
2146 2570 2316 2636 gloria
2341 2582 2423 2623 est
2454 2589 2579 2639 gra-—

1493 2640 1567 2690 tia
1598 2650 1984 2690 consummata.
2018 2642 2174 2691 Unde
2204 2642 2523 2708 Gregorius
2554 2665 2576 2697 .·

1495 2731 1522 2759 «
1556 2713 1703 2763 Oves
1729 2728 1859 2779 ergo
1893 2714 2007 2779 ejus
2028 2728 2239 2779 pascua
2274 2716 2572 2783 invenient,

1493 2783 1620 2849 quia
1646 2784 1898 2850 quisquis
1936 2783 2092 2834 illum
2128 2786 2287 2835 corde
2322 2786 2575 2853 simplici

1491 2856 1753 2923 sequitur,
1792 2867 2005 2907 aeternae
2033 2858 2318 2909 viriditatis
2356 2862 2573 2925 pabulo

1491 2926 1744 2978 nutritur.
1817 2928 2174 2978 Attendamus
2239 2944 2368 2995 ergo
2435 2933 2578 2983 ani-

1490 3016 1671 3059 mum,
1720 2999 1930 3061 fratres,
1972 3000 2310 3053 inardescant
2349 3005 2417 3053 ad
2467 3022 2577 3056 su-

1489 3087 1652 3137 perna
1696 3082 1877 3123 nostra
1917 3074 2197 3125 desideria.
2233 3076 2318 3125 Ab
2346 3088 2575 3132 aeternae

1487 3141 1844 3191 solemnitatis
1885 3143 2093 3208 gaudio
2117 3145 2269 3196 nulla
2317 3162 2421 3196 nos
2464 3151 2575 3199 ad-

1486 3212 1715 3261 versitas
1752 3223 1990 3276 revocet,
2037 3214 2181 3282 quia*
2208 3214 2255 3266 si
2311 3217 2444 3282 quis
2498 3221 2572 3270 ad

1487 3283 1692 3333 bonum
1734 3285 2074 3349 propositum
2131 3286 2214 3337 ire
2260 3287 2569 3351 desiderat,

1485 3354 1603 3419 ejus
1626 3354 1955 3406 desiderium
1983 3357 2240 3423 quaelibet
2265 3358 2364 3409 viae
2393 3376 2569 3427 aspe-

1483 3428 1614 3478 ritas
1649 3445 1760 3479 non
1793 3426 2062 3480 immutat.
2103 3432 2263 3482 Nulla
2291 3448 2393 3482 nos
2424 3450 2568 3499 pro-

1484 3501 1711 3566 speritas
1774 3502 2061 3553 blandiens
2108 3505 2355 3566 seducat,
2427 3507 2571 3573 quia

1481 3575 1679 3624 stultus
1731 3573 1902 3624 viator
1951 3585 2046 3638 est,
2098 3575 2192 3641 qui
2242 3577 2302 3627 in
2361 3577 2573 3631 itinere

1481 3660 1690 3695 amoena
1719 3654 1866 3711 prata
1892 3646 2252 3712 conspiciens,
2280 3649 2569 3701 oblivisci-

1482 3725 1573 3765 tur
1618 3730 1727 3781 quo
1771 3717 2037 3767 tendebat.
2092 3719 2163 3769 Ut
2214 3718 2261 3769 si
2320 3720 2567 3773 coelestis

1481 3796 1709 3850 pastoris
1737 3786 1990 3838 veraciter
2025 3804 2151 3839 oves
2185 3805 2396 3849 sumus,
2427 3791 2573 3857 quia

1479 3856 1537 3906 in
1582 3855 1671 3907 via
1720 3856 2095 3910 delectationis
2140 3876 2251 3910 non
2306 3859 2554 3926 figimur,

1477 3928 1703 3979 aeternis·
1730 3928 1940 3995 pascuis
1981 3930 2039 3980 in
2074 3932 2425 3997 perventione
2459 3948 2563 3984 sa·—
