2757 4413
389 331 501 384 494

391 449 486 501 per
544 431 791 482 ordinem
853 430 1102 482 similiter
1150 431 1456 499 requisitis,

392 505 536 555 idem
567 503 712 568 quod
755 503 811 552 in
846 502 1025 567 primo
1072 503 1234 554 etiam
1264 504 1461 569 reperit

393 577 451 626 in
479 575 573 625 eis.
596 575 751 624 Tunc
780 574 1118 640 propositum
1149 591 1310 626 suum
1345 590 1463 640 ape·

392 647 535 698 riens
558 645 814 695 omnibus
832 645 986 708 dixit,
1012 646 1158 712 quod
1178 647 1250 696 ob
1280 646 1460 696 solum

394 733 634 767 amorem
663 731 848 766 eorum
879 716 1134 768 hactenus
1174 732 1205 767 a
1244 719 1462 783 sequela

396 787 618 837 Domini
648 787 940 836 retardatus
981 796 1148 848 esset;
1183 787 1277 836 sed
1325 787 1455 853 quia

395 861 555 911 fidem
588 860 644 909 in
689 859 766 909 eis
804 875 915 909 non
957 858 1184 920 invenit,
1227 859 1462 925 amplius

397 931 650 982 retardari
686 931 870 990 nollet,
912 939 963 980 et
1001 930 1130 996 quia
1158 931 1260 996 ipsi
1290 930 1463 980 mini-

397 1018 551 1052 mum
582 1001 887 1051 membrum
907 1001 1146 1067 corporis
1173 1002 1466 1052 noluerunt

397 1092 495 1143 pro
541 1091 605 1127 eo
656 1078 720 1126 ad
774 1076 963 1127 horam
1023 1090 1292 1141 exponere
1346 1074 1461 1141 igni

396 1147 731 1207 transitori0,
786 1162 883 1197 nec
923 1147 1039 1212 ipse
1066 1155 1241 1196 totum
1268 1161 1463 1211 corpus

397 1231 450 1272 et
499 1220 737 1270 animam
779 1236 876 1286 pro
903 1220 982 1270 eis
1008 1235 1273 1285 exponere
1308 1220 1467 1269 vellet

399 1291 512 1358 igni
538 1301 826 1357 perpetuo;
867 1300 919 1341 et
945 1290 1249 1341 valedicens
1279 1288 1466 1340 omni-

400 1362 503 1412 bus
527 1361 654 1424 illis,
686 1361 906 1411 recessit
935 1361 1004 1411 ab
1033 1361 1131 1411 eis.

460 1449 497 1499 4
520 1435 804 1483 SECUNDUM
827 1447 1228 1483 tirrannum-ruit
1245 1448 1259 1482 ε
1276 1447 1469 1482 conro-

398 1519 484 1554 Rxs
518 1520 584 1553 ET
616 1519 946 1554 vonurrxrxs
983 1519 1144 1553 Aaou.
1167 1530 1232 1540 —
1259 1502 1467 1552 Deinde

400 1573 696 1639 subjungit,
717 1573 785 1622 de
808 1588 917 1622 non
948 1573 1221 1639 diligendo
1246 1587 1467 1638 corpore

399 1644 620 1710 proprio
668 1644 790 1709 plus
843 1660 1006 1710 quam
1055 1643 1360 1705 Christum3
1416 1651 1470 1692 et

401 1714 556 1780 ponit
617 1713 913 1764 secundum
972 1712 1424 1778 impedimentum
1453 1750 1468 1773 ‚

402 1785 549 1851 quod
600 1795 680 1834 est
725 1799 877 1834 amor
905 1784 1128 1834 carnalis
1157 1784 1469 1850 voluptatiS,

403 1855 585 1904 dicens
615 1871 629 1903 2
659 1855 736 1904 Et
762 1855 854 1920 qui
891 1869 994 1905 non
1033 1855 1228 1922 accipit
1261 1870 1471 1906 crucem

404 1941 574 1989 suam,
607 1927 866 1992 quotidie,
896 1932 950 1977 et
967 1926 1208 1993 sequitur
1237 1942 1335 1991 me,
1367 1942 1471 1978 non

405 2004 490 2048 est
510 2013 591 2047 me
619 1998 820 2063 dignus
838 2036 855 2060 ,
888 1997 1015 2064 quia
1047 2013 1142 2048 nec
1188 2014 1310 2049 meo
1337 2014 1473 2048 con-

404 2069 574 2119 sortio
598 2083 691 2133 per
716 2069 960 2133 gratiam,
993 2083 1092 2118 nec
1121 2084 1241 2119 meo
1276 2069 1471 2119 solatio

406 2157 503 2208 per
563 2140 884 2191 familiarem
945 2140 1283 2206 praesentiam
1307 2180 1322 2201 ,
1381 2156 1474 2191 nec

407 2228 529 2263 meo
558 2212 803 2263 convivio
835 2228 927 2279 per
945 2213 1193 2279 gloriam.
1224 2214 1298 2265 Ut
1324 2213 1473 2263 enim

406 2283 540 2333 dicit
577 2282 912 2346 Ber-nardus,
938 2282 1160 2333 delicata
1181 2293 1264 2334 est
1290 2284 1475 2334 divina

406 2353 719 2412 consolati0,
748 2362 802 2402 et
821 2368 929 2402 non
952 2353 1109 2404 datur
1135 2353 1477 2404 admittenti-

409 2426 512 2478 bus
540 2427 807 2490 alienam;
836 2442 1047 2477 crucem
1075 2437 1256 2478 autem
1283 2426 1480 2493 accipi-

409 2514 551 2559 mus,
600 2515 724 2549 cum
789 2503 1006 2564 propter
1056 2498 1218 2548 fidem
1271 2497 1476 2549 Christi

410 2571 730 2636 martyrium
779 2571 1137 2633 sustinemus,
1171 2570 1476 2620 Passionem

408 2644 632 2694 Domini
681 2660 775 2709 per
828 2643 1109 2709 sanguinis
1158 2642 1476 2693 effusionem

411 2715 710 2779 imitand03
781 2726 874 2766 aut
946 2730 1069 2765 cum
1147 2714 1478 2780 poenitentiae

410 2803 550 2837 onus
606 2788 968 2846 assumimuS,
1018 2785 1479 2852 concupiscentias

411 2860 588 2910 carnis
625 2875 718 2925 per
757 2859 871 2925 ejus
912 2858 1255 2909 afflictionem
1301 2859 1479 2924 repri-

412 2931 648 2994 mend03
697 2939 787 2980 aut
823 2945 948 2979 cum
973 2930 1222 2995 proximo
1255 2945 1480 2996 compa-

412 3004 598 3063 timur,
645 3002 1010 3053 necessitatem
1050 3002 1198 3053 illius
1236 3013 1478 3053 nostram

413 3073 843 3139 compassionem
897 3073 1152 3140 putando,
1208 3073 1266 3123 In
1326 3089 1482 3123 cruce

412 3144 562 3195 enim
613 3144 797 3194 omnia
852 3153 1244 3195 tormentorum
1291 3159 1481 3209 genera

412 3215 778 3281 designantur.
825 3215 981 3267 Unde
1023 3231 1154 3265 crux
1187 3232 1217 3266 a
1245 3216 1480 3272 cruciatu

414 3287 630 3347 dicitur,
661 3298 713 3338 et
741 3287 960 3337 cruciari
999 3287 1196 3338 dicitur
1228 3288 1322 3349 qui
1350 3304 1482 3355 quo-

414 3358 548 3408 libet
571 3359 735 3407 modo
766 3357 1048 3423 affligitur;
1080 3368 1132 3409 et
1148 3358 1394 3425 quotidie
1421 3374 1481 3409 ac

415 3443 629 3494 semper
656 3444 867 3479 crucem
897 3437 1107 3494 portare
1126 3429 1406 3489 debemuS,
1421 3438 1482 3478 ut

414 3516 656 3552 amorem
717 3500 922 3551 Christi
987 3501 1336 3552 ostendamus
1359 3540 1373 3562 ,
1430 3512 1483 3552 et

414 3570 627 3637 semper
647 3587 746 3621 nos
774 3571 1054 3622 Christum
1084 3586 1262 3623 amare
1287 3572 1483 3622 docea-

414 3659 559 3693 mus.
612 3642 735 3692 Non
779 3652 907 3692 sunt
956 3643 1177 3693 adversa
1219 3642 1479 3702 timenda,

416 3730 526 3764 non
567 3728 816 3781 prospera
866 3722 918 3763 et
945 3713 1175 3763 carnalia
1219 3712 1484 3763 desideria

416 3784 680 3846 sectanda,
739 3793 799 3834 ut
852 3800 980 3835 crux
1027 3784 1231 3835 Christi
1284 3783 1483 3834 feratur

418 3870 540 3921 quae
591 3855 885 3907 necessario
931 3856 987 3907 in
1022 3857 1123 3907 hac
1147 3856 1258 3907 vita
1289 3862 1370 3907 est
1401 3855 1485 3907 fe-

419 3927 600 3978 renda.
629 3929 785 3978 Unde
821 3929 1166 3994 Augustinus
1188 3946 1207 3980 .-
1241 3945 1270 3975 α
1304 3929 1485 3980 Cruxo

1563 1942 1984 2003 *consummatur
2019 1951 2034 1983 ἶ

1019 314 1263 366 PRIMAE
1304 313 1555 396 PARTIS
1586 314 1823 368 CAPUT
1863 317 1997 370 LIV.

1568 433 1787 486 Domini
1836 452 1947 487 non
2003 444 2210 487 tantum
2258 435 2349 486 illa
2401 435 2651 498 dicitur,

1527 523 1531 526 ⁴
1571 519 1695 569 quae
1715 515 1955 573 tempore
1979 506 2249 558 Passionis
2271 507 2406 573 ligni
2431 507 2657 559 affixio-

1570 593 1639 626 ne
1666 579 2026 643 construitur;
2057 580 2150 630 sed
2181 589 2235 630 et
2275 580 2367 630 illa
2394 595 2521 645 quae
2558 590 2656 631 to-

1570 647 1676 698 tius
1700 648 1825 699 vitae
1850 649 2118 701 curriculo
2142 661 2458 700 cunctarum
2484 651 2659 702 disci-

1568 717 1840 783 plinarum
1910 720 2205 771 virtutibus
2278 730 2566 787 coaptatur
2639 739 2655 773 :

1570 798 1680 838 tota
1720 789 1866 840 enim
1904 790 2013 841 vita
2052 791 2327 842 christiani
2370 792 2655 857 hominis,

1569 857 1614 908 si
1673 862 1974 911 secundum
2024 862 2387 928 Evangelium
2451 862 2613 914 vivat
2639 903 2657 928 ,

1570 944 1703 980 crux
1752 941 1911 997 atque
1964 933 2285 998 martyrium
2321 943 2416 984 est.
2461 952 2491 981 a
2531 935 2656 986 Ubi

1572 999 1996 1068 chrysostomus
2047 1020 2065 1053 .·
2121 1022 2148 1050 α
2205 1004 2431 1054 Crucem
2483 1020 2655 1056 suam

1571 1072 1729 1131 tollit,
1759 1071 1854 1138 qui
1877 1082 2092 1138 paratus
2121 1083 2203 1123 est
2230 1074 2295 1124 ad
2337 1091 2505 1126 omne
2543 1091 2657 1142 pe·-

1569 1142 1802 1192 riculum
1825 1153 2042 1209 propter
2067 1145 2270 1207 Deum;
2304 1145 2402 1196 etsi
2424 1162 2659 1198 necesse

1570 1210 1733 1263 fuerit
1783 1229 1959 1280 usque
2009 1215 2075 1265 ad
2135 1226 2365 1266 mortem
2388 1254 2402 1279 ,
2468 1218 2660 1284 magis

1570 1300 1735 1350 quam
1799 1286 2106 1354 relinquere
2172 1288 2473 1340 Christum.
2554 1290 2661 1341 Ine

1570 1354 1696 1405 talia
1741 1355 1837 1406 etsi
1883 1356 2251 1408 misericordia
2294 1358 2393 1408 Dei
2440 1359 2655 1420 evadit,

1572 1438 1752 1478 tamen
1831 1439 2094 1495 quantum
2165 1431 2231 1480 ad
2299 1432 2659 1497 propositum

1572 1514 1734 1549 suum
1758 1499 2001 1565 quotidie
2030 1501 2326 1564 cruciatur;
2371 1503 2494 1554 ideo
2540 1506 2655 1556 etsi

1576 1570 1717 1621 nihil
1740 1572 1843 1621 tale
1871 1586 2061 1636 passus
2089 1571 2268 1633 fuerit,
2300 1583 2480 1624 tamen
2508 1590 2660 1625 mer·

1574 1642 1755 1692 cedem
1783 1643 2005 1709 accipiet
2026 1644 2301 1695 :voluntas
2324 1645 2475 1695 enim
2501 1648 2660 1712 apud

1574 1714 1747 1764 Deum
1771 1725 2159 1776 remuneratur,
2183 1732 2292 1766 non
2318 1733 2474 1783 opus,
2517 1719 2663 1785 quia

1574 1788 1825 1838 voluntas
1872 1803 1938 1839 ex
1986 1788 2209 1839 arbitrio
2240 1801 2426 1855 nostro
2450 1806 2663 1856 proce-

1575 1861 1690 1923 din
1738 1877 1876 1927 opus
1925 1870 2106 1912 autem
2139 1862 2236 1912 Dei
2281 1879 2374 1929 per
2416 1864 2658 1930 gratiam

2076 1953 2099 1979 n
2142 1933 2257 1983 haec
2304 1935 2660 2002 Chrys-osto-

1576 2019 1712 2055 mus.
1732 2005 1805 2054 Et
1830 2004 1957 2071 quia
1986 2005 2162 2056 crucis
2189 2006 2423 2071 acceptio
2463 2019 2658 2073 posset

1578 2073 1694 2125 fieri
1719 2074 1939 2126 sinistra
1963 2075 2285 2140 intentione,
2330 2077 2450 2127 ideo
2492 2078 2661 2128 addi-

1579 2153 1695 2194 tum
1732 2154 1831 2209 est,
1864 2151 1915 2195 et
1932 2146 2173 2214 sequitur
2201 2161 2300 2209 me,
2332 2163 2441 2196 non
2479 2163 2662 2198 mun-

1579 2218 1710 2267 dum
1736 2257 1751 2279 ,
1804 2233 1899 2284 per
1950 2220 2094 2270 viam
2148 2220 2486 2286 cupiditatis;
2537 2238 2661 2272 non

1580 2305 1814 2353 carnem,
1856 2305 1952 2355 per
1985 2290 2129 2341 viam
2170 2292 2487 2357 voluptatis3
2535 2308 2658 2343 non

1581 2361 1854 2426 homines,
1895 2378 1991 2428 per
2044 2362 2281 2413 favorem
2320 2372 2372 2413 et
2416 2363 2658 2428 gloriam

1581 2431 1850 2484 vanitatis,
1907 2433 2203 2484 Dominum
2233 2432 2380 2483 enim
2414 2449 2525 2484 non
2559 2450 2661 2485 se-

1583 2504 1787 2569 quitur,
1830 2503 1953 2553 licet
1984 2519 2195 2554 crucem
2224 2502 2363 2554 ferre
2386 2503 2662 2564 videatur,

1583 2573 1677 2639 qui
1735 2589 1846 2623 non
1904 2584 2123 2640 propter
2176 2574 2273 2625 Dei
2336 2575 2549 2625 laudem
2607 2586 2663 2626 et

1582 2653 1834 2693 aeternam
1872 2644 2266 2709 intentionem3
2298 2646 2392 2695 sed
2429 2656 2664 2711 propter

1583 2713 1798 2763 inanem
1851 2715 2079 2781 gloriam
2132 2726 2185 2765 et
2228 2716 2525 2782 temporale
2561 2718 2664 2768 lu-

1584 2800 1767 2845 crum,
1816 2796 1908 2836 aut
1979 2787 2360 2847 commodum,
2408 2785 2667 2840 imitatur

1583 2858 1805 2908 Domini
1831 2858 2177 2921 Passionem,
2212 2875 2307 2910 seu
2334 2860 2529 2926 affligit
2548 2877 2671 2913 car·

1588 2946 1709 2982 nem
1728 2970 1743 2993 ,
1790 2946 1885 2982 seu
1910 2932 2161 2998 proximo
2190 2932 2471 2983 carnaliter
2501 2949 2668 2984 com-

1584 3001 1801 3068 patitur,
1843 3012 1904 3053 ut
1949 3003 2128 3068 culpae,
2168 3004 2282 3069 ejus
2338 3002 2531 3067 faveat3
2571 3007 2669 3057 vel

1587 3071 1752 3122 etiam
1782 3072 1875 3139 qui
1906 3072 1964 3123 in
1987 3074 2222 3139 angaria,
2238 3084 2299 3124 ut
2319 3084 2435 3124 rota
2448 3073 2668 3137 fenum,

1586 3158 1795 3192 crucem
1827 3152 2019 3208 portat.

1652 3212 1680 3263 5
1718 3214 1839 3274 Quo
1858 3229 2019 3264 seusu
2045 3230 2206 3264 Anum
2238 3230 2528 3266 mvi-:mrun
2554 3232 2669 3268 vm.

1586 3302 1857 3337 Ρειιῡιτυιι
1889 3302 1944 3336 nc
1969 3303 2071 3337 noc
2098 3303 2281 3337 nunno
2300 3304 2367 3337 m·
2400 3303 2452 3336 m
2475 3302 2672 3339 Furu-

1588 3371 1676 3406 ιω.
1710 3384 1773 3395 -
1802 3357 1941 3416 Quia
1970 3366 2187 3417 ver0,ut
2216 3357 2346 3407 dicit
2377 3357 2674 3424 Chry-sos-

1589 3432 1786 3489 tomus,
1839 3436 2103 3492 praecepta
2158 3427 2272 3477 haec
2309 3442 2430 3493 quae
2468 3426 2673 3492 injun-

1588 3498 1682 3564 git,
1725 3512 1953 3548 onerosa
1996 3498 2349 3560 videbantur,
2407 3498 2565 3563 ponit
2614 3510 2674 3551 et

1588 3568 1873 3619 utilitatem
1894 3584 2082 3619 eorum
2104 3568 2418 3633 maximam,
2439 3568 2637 3621 dicens
2653 3587 2669 3620 τ

1591 3640 1699 3701 Qui
1739 3641 1937 3692 invenit
1962 3642 2196 3691 animam
2249 3655 2418 3704 suam,
2450 3641 2674 3693 scilicet

1590 3714 1728 3763 hanc
1757 3723 2073 3778 praesentem
2095 3712 2280 3773 vitam,
2322 3728 2444 3779 quae
2471 3727 2673 3764 causa-

1590 3793 1680 3834 tur
1717 3784 1785 3834 ab
1811 3784 1993 3836 anima
2024 3784 2282 3835 existente
2312 3784 2371 3834 in
2402 3798 2635 3849 corpore
2654 3823 2672 3843 ‚

1591 3867 1644 3908 et
1671 3856 1862 3923 quaerit
1891 3873 2009 3907 eam
2043 3857 2244 3907 salvam
2286 3856 2475 3916 facere,
2500 3856 2668 3907 scili-

1592 3938 1678 3980 cet
1707 3930 1886 3996 potius
1928 3928 2208 3981 Christum
2237 3938 2289 3979 et
2317 3942 2520 3979 nomen
2546 3928 2672 3993 ejus
