2757 4413
335 318 441 369 606

333 434 682 500 sepelierunt,
752 434 1071 495 humaniter,
1130 441 1180 485 et
1229 437 1395 502 quod,

336 505 709 555 nuntiaverunt
738 544 754 568 ,
825 507 1223 571 compatienter.
1304 507 1396 557 Isti

335 588 486 627 erant
547 578 794 644 discipuli
863 579 1121 640 Joannis,
1174 579 1269 645 qui
1330 582 1397 630 ad

336 651 534 701 Christi
598 652 978 717 discipulatum
1039 653 1394 716 transierunt;

336 722 497 786 hujus
529 723 673 772 enim
711 723 923 788 pietatis
963 723 1140 774 officio
1173 725 1400 775 transire

336 794 394 843 in
448 794 646 844 Christi
707 795 1012 845 societatem
1067 807 1397 848 meruerunt.

337 865 492 914 Unde
539 864 961 931 Chrysostomus
988 883 1005 916 .·
1038 887 1060 912 ιι
1098 867 1182 916 Tu
1220 878 1399 917 autem

336 935 475 983 mihi
557 935 774 985 intende
848 937 1075 1001 qualiter
1148 937 1398 1003 discipuli

335 1005 557 1055 Joannis
601 1007 706 1069 jam
749 1007 920 1073 magis
953 1007 1241 1058 familiares
1279 1010 1400 1059 facti

337 1090 463 1129 sunt
503 1079 644 1130 Jesu.
672 1081 777 1146 Ipsi
812 1081 950 1131 enim
981 1092 1105 1131 sunt
1133 1082 1225 1147 qui
1258 1100 1401 1132 nun-

336 1150 600 1201 tiaverunt
623 1153 768 1217 quod
797 1152 997 1202 factum
1033 1163 1111 1203 est
1143 1154 1210 1203 de
1232 1154 1400 1204 Joan-

339 1237 445 1284 ne3
506 1233 556 1272 et
614 1223 893 1273 universos
950 1224 1281 1275 dimittentes
1335 1227 1400 1275 ad

338 1295 517 1359 ipsum
591 1295 923 1361 confugiunt.
993 1317 1020 1344 »
1091 1298 1400 1349 Secundum

338 1369 733 1430 Hieronymum
758 1382 808 1420 et
835 1371 1140 1436 Josephum,
1170 1373 1403 1421 Joannes

339 1441 549 1491 occisus
579 1451 656 1491 est
683 1442 897 1492 Sebaste
926 1443 1059 1492 urbe
1088 1443 1399 1502 Palaestinae,

339 1528 458 1577 quae
499 1512 631 1561 olim
684 1512 821 1563 dicta
870 1524 950 1563 est
1003 1515 1258 1575 Samaria,
1304 1514 1400 1563 ubi

339 1583 576 1632 Herodes
631 1584 821 1633 fecerat
875 1584 1100 1633 domum
1160 1585 1397 1650 regiam3

338 1654 430 1702 sed
468 1654 709 1718 sepultus
739 1664 818 1703 est
847 1653 903 1702 in
936 1654 1271 1704 Matheronta
1299 1671 1402 1720 op-

337 1723 465 1787 pido
520 1722 732 1772 Arabiae
791 1733 937 1774 trans
991 1725 1294 1783 Jordanem,
1345 1725 1400 1774 in

340 1804 481 1843 sorte
519 1795 747 1843 duarum
782 1794 1020 1844 tribuum
1065 1804 1115 1844 et
1143 1795 1400 1847 dimidiae.

339 1867 437 1914 Sed
473 1867 583 1916 hoc.
613 1867 821 1916 videtur
848 1867 1176 1916 contrarium
1219 1869 1403 1918 Eccle-

343 1938 569 1989 siasticae
621 1939 892 1999 historiae,
942 1939 999 1988 in
1051 1955 1157 2005 qua
1206 1941 1404 1991 dicitur

342 2011 484 2076 quod
536 2011 591 2059 in
643 2012 975 2062 Matheronta
1025 2012 1127 2062 fuit
1174 2014 1401 2075 occisus,

339 2085 431 2133 sed
464 2084 515 2133 in
546 2085 760 2134 Sebaste
785 2086 1044 2151 sepultus
1074 2087 1247 2152 Caput
1280 2103 1404 2137 vero

339 2153 461 2203 fecit
493 2155 752 2205 Herodias
783 2156 837 2205 in
865 2157 1156 2209 Jerusalem
1187 2158 1401 2221 deferri,

341 2237 395 2278 et
431 2228 632 2279 ibidem
678 2229 824 2294 juxta
864 2231 1094 2281 Herodis
1124 2232 1405 2283 habitacu-

340 2299 456 2350 lum
489 2311 637 2350 caute
673 2301 905 2365 sepeliri,
935 2302 1135 2353 timens
1174 2318 1241 2353 ne
1276 2306 1404 2355 Pro-

340 2370 501 2435 pheta
547 2382 874 2436 resurgeret,
927 2372 971 2421 si
1020 2389 1141 2423 cum
1186 2390 1407 2440 corpore

341 2454 498 2509 caput
528 2446 797 2509 sepultum
838 2456 996 2509 esset3
1039 2448 1183 2513 quod
1222 2458 1407 2513 postea

343 2515 662 2565 revelatione
700 2515 836 2566 beati
876 2517 1113 2576 Joannis,
1142 2518 1250 2567 duo
1279 2535 1405 2568 mo-

342 2586 497 2635 nachi
556 2587 889 2647 invenerunt,
957 2588 1120 2638 saccis
1175 2589 1406 2640 cilicinis

342 2655 665 2716 involutum,
700 2658 956 2715 vestibuS,
986 2668 1045 2707 ut
1091 2660 1403 2720 aestimatur,

341 2727 541 2791 quibus
582 2728 637 2776 in
686 2729 892 2779 deserto
939 2728 1109 2779 fuerat
1157 2730 1404 2791 indutus,

343 2809 396 2848 et
426 2799 481 2847 in
512 2800 822 2861 Jerusalem,
872 2802 1012 2852 inter
1053 2802 1306 2852 Elisaeum
1355 2815 1407 2854 et

340 2872 589 2930 Abdiam,
636 2875 941 2939 ProphetaS,
991 2874 1092 2924 fuit
1145 2876 1404 2940 sepultus.

342 2943 643 2993 Decollatus
686 2957 766 2996 est
801 2957 978 2996 autem
1015 2949 1264 3007 JoanneS,
1295 2964 1406 2998 non

344 3029 406 3063 eo
444 3013 530 3063 die
559 3030 668 3079 quo
696 3016 1075 3067 Decollationis
1114 3020 1227 3084 ejus
1256 3018 1408 3068 festi-

341 3083 478 3134 vitas
501 3087 813 3146 celebratur,
845 3088 937 3138 sed
965 3090 1100 3140 circa
1131 3091 1243 3140 dies
1280 3106 1407 3156 azy-

343 3173 559 3207 morum
590 3159 804 3209 Paschae
828 3160 1151 3221 Judaeorum,
1184 3163 1240 3212 in
1270 3178 1408 3212 anno

347 3231 662 3284 Passionem
692 3232 891 3283 Christi
922 3237 1263 3299 praecedente,
1284 3252 1408 3286 cum

341 3310 447 3374 jam
490 3322 600 3356 uno
639 3320 781 3354 anno
812 3306 1042 3356 stetisset
1078 3306 1135 3355 in
1183 3323 1406 3357 carcere.

344 3379 597 3445 Oportuit
634 3387 809 3427 autem
858 3388 919 3428 ut
962 3388 1177 3444 propter
1214 3379 1409 3428 Domi-

345 3453 462 3503 nica
487 3461 811 3501 sacramenta
840 3450 1115 3500 Passionis
1142 3461 1194 3501 et
1224 3468 1409 3501 resur-

345 3525 596 3576 rectionis
654 3523 883 3582 Christi,
940 3523 1150 3582 minor,
1208 3523 1410 3573 scilicet

343 3598 591 3658 JoanneS,
662 3596 870 3645 cederet
931 3593 1154 3659 majori,
1207 3595 1408 3645 scilicet

345 3668 594 3727 Christ0,
644 3677 695 3717 et
744 3668 816 3716 ob
872 3665 973 3716 hoc
1026 3665 1408 3715 Decollationis

343 3741 602 3793 festivitas
643 3740 745 3790 fuit
774 3740 880 3790 alio
910 3749 1151 3802 tempore
1177 3737 1290 3788 fieri
1318 3737 1407 3786 in-

344 3815 553 3874 stituta,
607 3813 804 3863 scilicet
853 3827 915 3862 eo
956 3810 1043 3860 die
1092 3824 1200 3875 quo
1250 3818 1408 3874 caput

344 3886 459 3950 ejus
504 3886 783 3935 inventum
827 3893 923 3944 est,
971 3882 1082 3932 sive
1123 3881 1404 3932 elevatum.

346 3958 501 4007 Unde
527 3956 597 4007 ait
617 3956 960 4023 Augustinus
983 3972 1002 4007 .·
1030 3973 1057 4002 «
1078 3955 1298 4007 Factum
1327 3965 1409 4007 est

944 321 1180 370 PRIMAE
1217 320 1465 370 PARTIS
1496 320 1733 372 CAPUT
1766 322 1947 374 LXVI.

1504 435 1695 485 Joanni
1753 438 1897 501 quod
1955 436 2067 501 ipse
2118 436 2452 502 praedixerat.
2497 437 2574 487 De

1503 507 1739 558 Domino
1787 508 1934 558 enim
1981 509 2105 558 Jesu
2156 507 2372 557 Christo
2421 509 2578 558 dixe-

1507 588 1585 628 rat
1640 595 1654 628 :
1705 579 1850 630 Illud
1901 585 2110 644 oportet
2164 593 2440 642 crescere,
2495 596 2584 631 me

1511 655 1686 699 autem
1727 651 1910 701 minui.
1953 651 2054 700 Iste
2095 650 2342 700 minutus
2396 660 2478 701 est
2518 651 2578 701 in

1508 720 1711 785 capite3
1744 721 1833 770 ille
1857 721 2018 770 crevit
2042 721 2094 769 in
2120 736 2290 771 cruce.
2325 741 2348 766 ι
2381 722 2581 771 Secun-

1508 795 1637 843 dum
1661 795 2005 860 Gregorium,
2032 794 2324 844 Decollatio
2348 796 2376 845 J
2381 795 2578 845 oannis

1508 866 1920 917 minorationem
1946 867 2098 916 famae
2116 867 2263 916 illius
2286 883 2395 933 qua
2424 867 2586 918 Chri·

1508 949 1622 989 stus
1661 955 1690 989 a
1726 941 1927 1006 populo
1965 941 2274 991 credebatur
2312 941 2575 999 insinuat,

1509 1011 1647 1061 sicut
1696 1011 1942 1062 exaltatio
1988 1012 2278 1062 Salvatoris
2323 1012 2380 1061 in
2423 1028 2582 1062 cruce

1511 1082 1805 1147 profectum
1834 1082 2145 1148 designabat
2167 1082 2317 1143 fidei,
2359 1083 2493 1149 quia
2528 1092 2582 1133 et

1511 1156 1626 1221 ipse
1675 1156 1768 1222 qui
1816 1156 1965 1222 prius
2013 1172 2045 1205 a
2092 1157 2265 1206 turbis
2310 1156 2585 1221 Propheta

1513 1242 1629 1276 esse
1669 1228 1997 1285 credebatur,
2030 1227 2298 1277 Dominus
2329 1227 2583 1292 Prophe—

1509 1311 1685 1350 tarum
1725 1311 1774 1351 et
1800 1301 1898 1350 Dei
1937 1301 2108 1351 Filius
2144 1317 2174 1350 a
2202 1300 2412 1350 cunctis
2441 1299 2589 1350 fide-

1509 1376 1652 1425 libus
1705 1384 1786 1425 est
1838 1374 2072 1440 agnitus.
2135 1374 2288 1424 Unde
2349 1374 2587 1423 Joannes

1510 1464 1671 1514 quem
1718 1449 1996 1513 oportebat
2025 1447 2214 1504 minui,
2255 1463 2381 1497 cum
2425 1446 2587 1495 diur-

1510 1536 1640 1569 num
1666 1520 1847 1569 lumen
1877 1520 2176 1569 decrescere
2199 1518 2399 1583 incepit
2425 1527 2589 1569 natus

1514 1601 1623 1653 est;
1676 1590 1945 1640 Dominus
1989 1599 2167 1639 autem
2209 1605 2271 1639 eo
2309 1598 2585 1653 tempore,

1510 1681 1618 1731 quo
1647 1664 1761 1714 dies
1791 1680 2022 1714 crescere
2057 1663 2269 1728 incepit.
2302 1662 2411 1713 Ubi
2438 1664 2587 1712 Hie-

1508 1750 1770 1802 ronymus
1799 1753 1815 1785 .-
1850 1756 1873 1781 «
1912 1737 2025 1785 Hoc
2054 1737 2199 1801 juxta
2231 1736 2469 1785 litteram
2501 1736 2589 1786 fa-

1510 1817 1655 1856 ctum
1708 1806 1795 1867 sit,
1841 1824 1938 1858 nos
1974 1818 2152 1858 autem
2202 1823 2376 1872 usque
2413 1808 2586 1859 hodie

1512 1880 1783 1930 cernimus
1813 1881 1866 1930 in
1891 1880 2058 1946 capite
2083 1881 2303 1932 Joannis
2332 1881 2585 1946 Prophe-

1509 1961 1594 2010 tae,
1628 1952 1654 2001 J
1661 1953 1842 2002 udaeos
1866 1951 2161 2013 Christum,
2187 1951 2281 2016 qui
2315 1961 2478 2016 caput
2504 1963 2586 2002 est

1513 2024 1918 2089 Prophetarum,
1953 2024 2262 2089 perdidisse.
2300 2043 2327 2071 n
2364 2026 2433 2074 Et
2477 2025 2586 2075 ite-

1513 2113 1635 2147 rum
1667 2115 1679 2147 :
1704 2116 1729 2143 «
1752 2098 1924 2162 Caput
1954 2097 2130 2162 LegiS,
2156 2098 2300 2163 quod
2327 2107 2409 2147 est
2428 2097 2589 2147 Chri-

1514 2179 1647 2230 stus,
1663 2170 1728 2220 de
1748 2184 1967 2235 corpore
1989 2168 2320 2220 abscinditur
2337 2169 2585 2235 propri0,

1512 2241 1565 2290 id
1591 2252 1671 2291 est
1697 2243 1914 2292 Judaico
1942 2242 2156 2307 populo,
2188 2251 2240 2291 et
2262 2243 2421 2290 datur
2445 2242 2589 2291 Gen-

1512 2313 1590 2363 tili
1613 2314 1818 2379 puellae,
1843 2314 1897 2363 id
1925 2324 2003 2363 est
2024 2314 2278 2362 Romanae
2301 2311 2588 2375 Ecclesiae·,

1512 2396 1564 2436 et
1608 2387 1781 2451 puella
1824 2387 1913 2436 dat
1959 2385 2116 2435 matri
2160 2400 2269 2434 suae
2309 2383 2588 2444 adulterae,

1515 2458 1566 2507 id
1608 2468 1688 2508 est
1723 2473 2006 2524 synagogae
2042 2457 2322 2507 crediturae
2358 2456 2418 2505 in
2457 2456 2587 2507 fine.

1514 2531 1723 2597 Corpus
1764 2530 1980 2581 Joannis
2022 2530 2295 2595 sepelitur,
2325 2539 2492 2595 caput
2532 2529 2587 2578 in

1512 2605 1660 2653 disco
1689 2604 2009 2664 collocatum
2042 2602 2217 2651 littera
2246 2601 2470 2651 humata
2506 2611 2588 2651 te-

1511 2676 1672 2740 gitur,
1700 2673 1935 2738 'spiritus
1979 2672 2036 2721 in
2083 2672 2234 2721 altari
2281 2672 2588 2722 honoratur

1510 2764 1570 2797 ac
1610 2746 1842 2797 sumitur
1887 2762 1901 2794 ε
1949 2765 1973 2792 n
2027 2745 2141 2794 haec
2185 2744 2584 2811 HieronymuS.

1510 2819 1766 2868 Joannem
1811 2816 1972 2866 etiam
2019 2816 2322 2876 incarcerat,
2361 2817 2584 2881 quando

1513 2888 1636 2953 quis
1677 2888 1816 2937 dona
1871 2886 2049 2952 gratiae
2098 2901 2219 2950 quae
2270 2886 2464 2945 habet,
2517 2889 2583 2937 ad

1516 2971 1723 3010 terrena
1769 2958 2035 3020 deflectit3
2085 2957 2256 3007 aufert
2301 2957 2348 3007 ei
2399 2972 2580 3024 caput,

1509 3032 1725 3096 quando
1750 3030 1891 3080 bona
1918 3044 2039 3095 quae
2068 3029 2244 3090 habet,
2270 3029 2337 3078 de
2359 3044 2437 3092 se,
2469 3046 2580 3080 non

1512 3118 1543 3152 a
1578 3103 1689 3151 Deo
1717 3101 1914 3151 habere
1938 3100 2235 3166 praesumit.

1574 3190 1610 3238 4
1651 3174 1870 3224 Jolmms
1914 3175 2193 3223 Bai-mu:
2243 3189 2582 3223 ιΝΝοοεΝΊ-ῙΑ.

1514 3274 1573 3282 -
1601 3243 1863 3308 Conspice
1887 3259 2031 3293 nunc
2055 3244 2316 3293 Joannem
2346 3258 2587 3293 reveren-

1513 3325 1609 3374 ter,
1640 3314 1867 3380 qualiter
1894 3316 1958 3364 ad
1988 3316 2194 3380 jussum
2232 3314 2357 3365 vilis
2400 3317 2586 3383 spicu-

1517 3387 1700 3437 latoris
1742 3388 1940 3438 collum
1982 3398 2145 3453 parat,
2178 3388 2457 3439 humiliter
2486 3405 2586 3456 ge-

1517 3474 1622 3508 nua
1666 3457 1861 3519 flectit,
1912 3468 1962 3508 et
2016 3460 2210 3524 gratias
2254 3460 2365 3509 Deo
2419 3475 2589 3526 agens

1516 3528 1773 3579 cervicem
1794 3529 2049 3589 extendit,
2080 3539 2134 3580 et
2153 3530 2416 3596 patienter
2446 3531 2590 3582 ictus

1514 3600 1769 3659 sustinet,
1816 3615 2101 3665 quousque
2151 3609 2306 3665 caput
2352 3601 2593 3652 totaliter

1513 3670 1874 3720 abscindatur.
1925 3671 2155 3721 Sanctus
2195 3685 2321 3738 ergo
2360 3672 2585 3721 Domini

1516 3740 1819 3790 Praecursor
1844 3740 1938 3806 qui
1963 3752 2082 3791 ante
2119 3740 2308 3791 faciem
2340 3742 2457 3806 ejus
2486 3742 2589 3792 ba-

1514 3811 1776 3876 ptismum
1803 3812 1860 3862 in
1890 3827 2028 3878 aqua
2055 3823 2457 3877 praeparaverat,
2484 3813 2590 3862 ba·-

1515 3884 1794 3950 ptizando;
1823 3895 1875 3936 et
1896 3885 2222 3951 baptismum
2249 3885 2301 3934 in
2326 3886 2591 3952 lacrymis

1513 3956 1964 4023 compunctionis,
2006 3958 2343 4023 praedicando
2357 3974 2374 4024 3
2417 3958 2589 4009 modo
