2757 4413
334 301 440 371 670

331 434 554 469 spii-eutii
577 438 644 471 ET
671 438 908 474 smnrrus
934 427 1305 477 BLAsi’immAE?
1332 457 1394 467 —

331 488 556 550 Deinde,
587 503 708 557 post
746 493 1152 545 instructionem
1193 497 1395 548 verita-

329 559 417 623 tis,
450 561 634 612 subdit
667 564 1141 617 comminationem
1168 570 1395 620 damna-

327 628 510 681 tionis.
565 632 701 692 Quia
758 635 902 685 enim
962 653 1053 688 eos
1117 639 1396 691 induratos

330 702 673 753 sermonibus
733 703 1075 759 insuasibiles
1109 710 1278 775 videt,
1325 713 1391 762 ad

328 773 769 826 comminationes
808 788 860 828 et
898 789 1122 832 terrores
1163 799 1220 833 se
1257 800 1393 835 con-

326 846 521 909 vertit3
592 858 642 898 et
701 850 1090 918 blasphemiam
1158 857 1393 923 Spiritus

329 916 513 966 Sancti
543 933 634 983 per
675 935 837 985 quam
873 927 1171 991 peccabant,
1207 929 1393 979 dicen-

329 997 409 1038 tes
445 1004 583 1054 opus
624 992 857 1057 Spiritus
890 996 1065 1048 Sancti
1097 999 1151 1049 in
1186 1001 1393 1052 Beelze-

329 1057 440 1107 bub
499 1058 645 1125 fieri,
698 1066 885 1117 asserit
934 1071 1161 1121 omnino
1214 1089 1391 1124 carere

325 1129 484 1181 venia
517 1131 574 1181 in
618 1133 721 1185 hoc
765 1139 943 1190 seculo
996 1152 1049 1193 et
1081 1144 1135 1193 in
1175 1145 1357 1196 futuro
1371 1162 1387 1209 ;

324 1200 567 1269 intellige
642 1217 847 1271 tamen,
918 1214 1025 1264 nisi
1095 1218 1393 1283 poeniteant

324 1274 392 1323 de
423 1287 653 1340 peccato.
715 1282 866 1334 Unde
912 1287 1334 1356 Chrysostomus
1374 1309 1392 1343 .·

326 1361 355 1392 α
396 1347 537 1406 Quia
572 1349 841 1404 Dominus
889 1357 1175 1410 Pharisaeis
1222 1376 1391 1412 excu-

324 1417 487 1466 sando
527 1425 891 1486 responderat,
924 1427 1028 1492 jam
1066 1445 1155 1480 eos
1202 1440 1387 1496 terret;

324 1496 405 1536 est
431 1488 570 1538 enim
596 1491 710 1543 liaec
738 1498 1083 1550 correctionis
1102 1517 1210 1551 non
1231 1518 1391 1568 parva

325 1573 464 1622 pars,
496 1576 603 1611 non
638 1566 815 1616 solum
844 1573 1150 1623 excusando
1177 1589 1394 1640 respon-

323 1630 476 1692 dere,
537 1635 628 1683 sed
684 1647 735 1685 et
790 1642 1127 1696 comminari.
1173 1665 1200 1693 n
1247 1647 1392 1698 Dicit

322 1715 448 1766 ergo
479 1719 491 1751 :
526 1704 667 1763 Quia
710 1724 819 1758 non
848 1713 1011 1763 vultis
1051 1718 1390 1782 acquiescere

322 1771 623 1824 rationibus
664 1793 761 1828 nec
796 1784 1065 1846 operibus,
1119 1787 1231 1838 imo
1271 1790 1388 1840 bla-

321 1841 635 1905 sphematis,
663 1846 782 1899 ideo
814 1851 932 1903 dico
964 1857 1113 1907 vobis
1134 1859 1391 1911 veraciter

322 1921 376 1961 et
394 1928 491 1977 pro
512 1925 671 1978 cert0,
701 1922 842 1984 quod
864 1939 1014 1977 omne
1031 1937 1308 1994 peccatum
1333 1940 1385 1984 et

323 1980 667 2047 blasphemia,
721 1991 925 2043 scilicet
981 2001 1271 2062 procedens
1320 2019 1384 2054 ex

323 2051 558 2105 humana
585 2057 917 2130 infirmitate,
950 2070 1033 2118 vel
1060 2070 1380 2137 ignorantia,

319 2124 620 2177 remittetur
655 2129 950 2188 hominibus
995 2156 1090 2205 per
1130 2145 1386 2211 poeniten-

318 2195 468 2259 tiam,
514 2199 568 2251 id
624 2215 704 2254 est
740 2209 1062 2273 remissibile
1106 2230 1381 2283 peccatum

316 2281 400 2355 est
427 2273 491 2322 de
520 2289 593 2335 se,
637 2278 763 2343 quia
808 2299 918 2333 non
960 2289 1139 2341 obviat
1186 2293 1384 2346 directe

318 2347 589 2413 principio
636 2369 730 2418 per
772 2360 918 2422 quod
950 2360 1009 2412 fit
1044 2376 1381 2429 peccatorum

319 2421 597 2502 remissi03
631 2427 769 2480 sicut
796 2433 975 2485 obviat
1008 2451 1281 2503 peccatum
1322 2444 1378 2494 in

317 2492 577 2556 Spiritum
615 2499 887 2565 Sanctum,
930 2509 1081 2573 cujus
1116 2527 1207 2562 sex
1254 2527 1383 2567 sunt

320 2565 549 2629 specieS,
602 2571 801 2624 scilicet
834 2593 848 2626 ε
891 2579 1208 2645 desperati0,
1238 2602 1383 2652 prae-

318 2639 573 2717 sumpti0,
614 2643 919 2710 obstinati0,
972 2652 1147 2706 finalis
1183 2657 1383 2724 impoe-

317 2709 558 2787 nitentia,
593 2711 884 2793 invidentia
908 2721 1149 2777 fraternae
1178 2729 1377 2796 gra'tiae,

320 2792 657 2845 impugnatio
700 2788 955 2843 veritatis.
1003 2795 1160 2848 Unde
1189 2801 1381 2850 subdi-

317 2854 423 2906 tur,
449 2849 691 2914 Spiritus
715 2866 890 2911 autem
910 2864 1249 2932 blasphemia?
1278 2887 1381 2923 non

318 2922 633 3001 remittetur,
671 2929 725 2979 id
756 2943 839 2982 est
864 2935 1081 2991 difficile
1116 2954 1168 2993 et
1189 2945 1277 2994 vix
1306 2962 1382 2996 re-

315 3060 395 3110 les
423 3065 707 3135 poenitent;
747 3086 799 3126 et
841 3078 941 3130 hoc
963 3089 1235 3149 peccatum
1267 3105 1376 3140 non

319 3133 481 3187 habet
519 3154 781 3197 annexam
821 3157 1181 3209 excusationis
1209 3162 1376 3213 ratio-

317 3220 463 3255 nem.
504 3208 586 3259 Ex
613 3212 715 3264 hoc
754 3230 894 3283 patet
920 3224 1216 3281 differentia
1241 3231 1378 3284 inter

317 3289 612 3346 peccatum,
662 3286 1066 3359 blasphemiam,
1115 3311 1168 3350 et
1210 3302 1374 3367 spiri-

314 3354 431 3397 tum
477 3351 846 3426 blasphemiae;
895 3367 1021 3432 quia
1055 3371 1162 3421 duo
1201 3373 1375 3438 prima

315 3433 441 3473 sunt
463 3428 825 3495 remissibilia,
854 3439 1067 3491 tertium
1094 3460 1222 3496 non.
1254 3448 1374 3499 Pec-

314 3506 492 3548 catum
524 3500 580 3549 in
616 3509 801 3557 se.vel
841 3509 897 3559 in
942 3512 1197 3581 alterum;
1253 3520 1370 3578 bla-

311 3569 557 3648 sphemia
598 3576 655 3625 in
684 3579 881 3641 Deum,
928 3600 1046 3650 quae
1088 3587 1132 3636 si
1187 3601 1268 3641 est
1306 3608 1370 3643 ex

309 3646 610 3721 ignorantia
653 3651 736 3699 vel
786 3652 1114 3719 infirmitate,
1169 3661 1369 3713 dicitur

306 3716 621 3780 simpliciter
671 3723 1032 3790 blasphemia,
1086 3729 1130 3780 si
1173 3743 1254 3782 est
1301 3750 1366 3785 ex

305 3794 443 3836 certa
476 3791 698 3853 malitia,
740 3794 935 3846 dicitur
976 3798 1199 3864 spiritus
1245 3802 1364 3853 bla-

303 3853 576 3936 ephe-miae.
608 3863 763 3915 Unde
803 3868 1134 3936 blasphemia
1166 3884 1277 3924 erat
1305 3875 1361 3924 in

303 3926 477 3977 turbis
488 3945 504 3994 ;
532 3934 630 3983 ‚sed
662 3937 885 4003 spiritus
918 3941 1264 4010 blasphemiae
1301 3945 1361 3997 in

944 313 1184 363 PRIMAE
1212 315 1462 367 PARTIS
1491 316 1727 370 CAPUT
1760 320 1990 374 LXXIII.

1503 431 1802 493 Pharisaeis,
1837 433 1931 499 qui
1977 434 2201 485 scientes
2241 435 2565 502 ScripturaS,

1498 517 1563 552 ex
1648 502 1850 555 invidia
1920 505 2312 572 impugnabant
2402 524 2567 574 opera

1497 574 1722 637 Christi,
1754 588 1806 628 et
1823 593 1887 628 ex
1915 590 2054 630 certa
2081 580 2285 631 malitia
2318 581 2570 648 blasphe-

1497 648 1718 698 mabant
1764 649 1968 713 Deum,
2021 649 2253 701 dicentes
2312 652 2446 703 falsa
2499 655 2568 705 de

1496 720 1645 786 ipsu,
1705 724 1923 789 quando
1978 724 2231 775 miracula
2292 725 2567 778 divinitus

1495 794 1629 846 facta
1686 797 2047 849 attribuebant
2109 799 2352 860 diabolo,
2411 802 2566 869 quod

1494 878 1602 918 erat
1660 868 1996 936 impugnatio
2048 871 2287 922 veritatis
2337 873 2565 939 agnitae,

1494 942 1738 1006 quaedam
1779 943 1980 1009 species
2028 944 2221 1010 peccati
2280 945 2336 995 in
2397 946 2569 1012 Spiri-

1494 1021 1609 1061 tum
1640 1013 1910 1065 Sanctum.
1965 1014 2308 1080 Blasphemia
2354 1016 2568 1083 quippe

1493 1093 1574 1133 est
1616 1099 1710 1150 per
1758 1100 1924 1151 quam
1965 1085 2030 1135 de
2066 1086 2178 1135 Deo
2209 1085 2342 1137 falsa
2372 1087 2571 1137 dicun·

1493 1166 1598 1205 tur.
1652 1156 1772 1216 Sed,
1826 1158 2119 1207 secundum
2158 1158 2567 1224 Augustinum,

1494 1241 1610 1275 raro
1643 1227 1748 1291 jam
1783 1227 2136 1278 inveniuntur
2176 1229 2270 1294 qui
2302 1228 2570 1294 blasphe-

1493 1307 1641 1347 mant
1688 1297 1891 1363 lingua,
1934 1300 2025 1348 sed
2056 1300 2211 1349 multi
2254 1299 2380 1350 vita.
2417 1299 2573 1359 Qui-

1492 1369 1615 1418 dam
1662 1376 1838 1418 autem
1892 1369 2266 1435 blasphemant
2322 1385 2389 1420 ex
2465 1385 2573 1421 co-

1491 1439 1715 1498 actione,
1752 1448 1804 1489 et
1836 1439 1894 1489 hi
1918 1450 2134 1507 peccant
2155 1440 2209 1490 in
2228 1442 2436 1491 Patrem
2470 1457 2575 1507 per

1492 1511 1876 1573 infirmitatem,
1907 1529 2029 1579 quae
2061 1524 2140 1564 est
2170 1514 2436 1565 contraria
2476 1515 2573 1565 Pa·

1489 1585 1587 1636 tris
1620 1585 1898 1651 potentia-3
1933 1586 2153 1653 quidam
2186 1602 2249 1637 ex
2281 1584 2569 1651 deceptio-

1494 1673 1578 1717 ne,
1618 1666 1670 1707 et
1720 1655 1774 1705 hi
1832 1666 2049 1722 peccant
2091 1657 2152 1707 iri
2202 1656 2407 1707 Filium
2466 1673 2570 1723 per

1492 1727 1850 1794 ignorantiam
1883 1766 1897 1789 ,
1991 1744 2113 1793 quae
2198 1727 2567 1779 contrariatur

1487 1799 1613 1848 Filii
1657 1798 1962 1864 sapientiae3
1997 1798 2219 1864 quidam
2256 1813 2320 1848 ex
2349 1798 2563 1859 studio,

1487 1878 1540 1919 et
1574 1869 1631 1920 hi
1665 1879 1885 1935 peccant
1917 1869 1973 1918 in
1995 1869 2259 1934 Spiritum
2293 1869 2562 1919 Sanctum

1488 1957 1583 2007 per
1633 1941 1911 2000 malitiam,
1969 1955 2089 2007 quae
2146 1951 2225 1991 est
2283 1939 2562 1992 contraria

1487 2015 1712 2066 bonitati
1739 2014 1970 2082 Spiritus
1989 2014 2188 2064 Sancti.
2320 2018 2325 2027 ‘

1554 2102 1571 2136 i
1590 2102 1608 2136 1
1667 2087 1746 2136 Da
1783 2100 2289 2135 inanissimum-ra
2335 2098 2562 2135 PECCATI

1483 2174 1691 2209 com-nli
1731 2159 1987 2209 Spiniruii
2027 2157 2292 2206 Same-rum
2330 2184 2393 2194 —
2429 2156 2563 2206 Pri-

1484 2246 1636 2280 mum
1665 2238 1717 2280 et
1747 2230 2040 2280 secundum
2070 2228 2368 2278 dimittetur
2391 2228 2567 2294 digne

1486 2302 1892 2367 poenitentibus,
1941 2300 2069 2366 quia
2106 2316 2171 2351 ex
2212 2300 2397 2366 aliqua
2451 2299 2566 2350 cir-

1484 2372 1804 2423 cumstantia
1839 2370 2157 2422 remissione
2197 2371 2429 2436 dignum
2454 2381 2563 2431 est,

1485 2444 1691 2495 scilicet
1735 2444 1862 2510 quia
1909 2459 2003 2509 per
2052 2441 2422 2493 infirmitatem
2468 2444 2562 2495 vel

1484 2515 1840 2581 ignorantiam
1879 2514 2231 2565 commissum
2276 2522 2376 2574 est,
2430 2529 2564 2579 quae

1486 2597 1757 2652 peccatum
1822 2594 2128 2649 attenuant;
2176 2584 2267 2634 sed
2324 2584 2562 2636 tertium

1485 2674 1596 2708 non
1650 2655 1969 2715 remittetur,
1997 2655 2054 2705 id
2106 2654 2563 2708 est¹remissione

1483 2728 1709 2793 dignum
1737 2743 1845 2777 non
1873 2727 1992 2787 erit,
2027 2726 2157 2793 quia
2184 2725 2561 2779 circumstan-

1483 2800 1613 2849 tiam
1643 2807 1984 2849 excusantem
2024 2813 2135 2847 non
2170 2797 2347 2847 habet.
2384 2798 2560 2849 [nex-

1483 2872 1787 2922 cusabiliter
1841 2869 1986 2921 enim
2045 2881 2280 2921 meretur
2344 2869 2561 2935 suppli-

1481 2943 1644 3005 cium,
1679 2943 1773 3010 qui
1804 2943 1849 2993 si
1889 2940 2148 2993 voluisset
2176 2941 2351 3007 potuit
2374 2942 2557 2993 vitare

1481 3024 1773 3079 peccatum.
1805 3013 1960 3064 Unde
1986 3011 2303 3062 Bernartius
2330 3028 2346 3061 .·
2375 3030 2405 3057 ι(
2437 3012 2556 3061 Ρο-

1480 3086 1645 3135 tentia
1686 3086 1752 3136 ad
1794 3086 2024 3142 Patrem,
2062 3083 2319 3149 sapientia
2351 3084 2416 3133 ad
2444 3083 2555 3134 Fi-

1479 3156 1633 3217 lium,
1675 3156 1866 3207 caritas
1895 3157 2125 3223 pertinet
2168 3156 2233 3205 ad
2273 3153 2557 3220 Spiritum

1477 3229 1749 3279 Sanctum.
1771 3230 1887 3279 Hoc
1911 3241 1991 3280 est
2008 3228 2153 3295 quod
2185 3226 2313 3277 alibi
2345 3226 2561 3278 dicitur

1480 3315 1694 3366 peccare
1727 3301 1783 3350 in
1817 3302 2045 3364 Patrem,
2089 3314 2302 3367 peccare
2342 3297 2401 3347 in
2444 3297 2557 3348 Fi-

1476 3374 1633 3434 lium,
1665 3390 1881 3440 peccare
1900 3375 1958 3424 in
1978 3372 2238 3440 Spiritum
2263 3373 2552 3423 Sanctum.

1479 3446 1711 3505 Quando
1750 3446 1897 3496 enim
1941 3461 2004 3496 ex
2037 3444 2321 3510 fragilitate
2350 3458 2556 3509 pecca-

1477 3531 1616 3577 mus,
1660 3517 1718 3567 in
1763 3518 1972 3567 Patrem
2018 3516 2172 3584 quasi
2218 3524 2405 3564 contra
2435 3530 2554 3580 po-

1474 3589 1696 3640 tentiam
1728 3603 2032 3656 peccamus;
2060 3589 2276 3654 quando
2297 3601 2362 3635 ex
2388 3584 2555 3652 igno-

1472 3662 1645 3710 rantia
1687 3675 1986 3726 peccamus,
2028 3658 2084 3707 in
2137 3658 2338 3712 Eilium
2375 3656 2547 3723 quasi

1470 3744 1654 3785 contra
1666 3733 1991 3800 vsapientiam
2006 3747 2300 3798 peccamus;
2314 3733 2546 3799 quando

1467 3820 1593 3855 vero
1625 3822 1690 3857 ex
1726 3806 2100 3856 malevolentia
2139 3821 2440 3871 peccamuS,
2477 3805 2544 3857 in

1467 3878 1728 3944 Spiritum
1763 3882 2016 3931 Sanctum
2049 3895 2349 3947 peccamus,
2374 3881 2538 3946 quasi

1463 3960 1647 4002 contra
1677 3952 2038 4005 dilectionem.
2080 3952 2145 4003 Et
2166 3951 2287 4003 ideo
2314 3966 2541 4018 peccare
