2757 4413
642 335 738 385 DE
768 334 1146 386 PATIENTIA
1173 335 1243 386 IN
1268 335 1612 388 ADVERSIS
1641 336 1998 389 HABENDA.

194 464 301 512 tur,
332 452 389 502 in
428 461 645 503 tantum
678 462 740 503 ut
774 451 1066 503 Sodomitae
1089 468 1257 518 quon·

191 524 315 573 darn
373 523 612 574 dicerent
656 523 796 572 Loth
850 522 1255 587 reprehendenti

191 594 584 661 nequissimam
602 596 938 646 voluntatem
963 611 977 643 ε
1007 594 1258 645 Habitare

188 666 401 725 venisti,
428 682 541 716 non
568 667 712 732 leges
741 666 883 717 dare.
912 667 1082 716 Tanta
1110 665 1255 716 enim

187 739 268 788 ibi
290 737 536 788 nefandae
554 737 907 803 turpitudinis
928 738 1256 787 consuetudo

185 820 315 871 erat,
344 821 406 860 ut
436 810 547 875 jam
583 809 825 875 nequitia
862 820 1002 860 esset
1036 809 1255 874 justitia,

184 894 237 933 et
276 881 590 949 prohibitor
621 882 800 946 potius
837 882 1257 947 reprehendere-

185 964 291 1017 tur,
311 960 482 1019 quam
511 952 707 1002 factor:
728 973 754 999 »
770 953 885 1002 haec
898 951 1256 1018 Augustinus,

186 1024 363 1083 Quam
391 1023 625 1090 graviter
647 1033 823 1074 autem
854 1023 956 1072 hoc
984 1032 1257 1088 peccatum

186 1096 327 1146 Deus
359 1094 621 1160 punierit,
651 1104 872 1144 testatur
916 1109 1062 1143 mare
1105 1109 1257 1143 mor-

182 1177 358 1227 tuum,
376 1165 491 1216 sive
506 1165 707 1216 diaboli
724 1183 738 1215 :
754 1176 806 1215 et
824 1181 945 1215 vere
959 1175 1255 1224 mortuum,

184 1237 310 1304 quia
351 1236 432 1285 nil
469 1236 655 1286 vivum
686 1235 898 1301 recipit;
947 1246 999 1286 et
1036 1235 1256 1295 diaboli,

182 1308 309 1374 quia
329 1307 596 1356 instinctu
621 1308 735 1372 ejus
763 1317 992 1372 quatuor
1017 1305 1258 1355 civitates

181 1382 307 1446 igne
334 1380 638 1446 sulphureo
659 1389 1002 1430 concrematae
1034 1378 1090 1428 in
1120 1378 1255 1429 illud

2337 338 2442 404 473

1368 452 1663 504 submersa:
1708 464 1856 505 sunt.
1904 454 2060 504 Unde
2099 469 2247 505 mare
2273 456 2444 506 male-

1365 523 1574 572 dictum
1627 523 1787 574 etiam
1845 525 2177 589 appellatur,
2232 540 2445 591 semper

1365 593 1617 652 fumans,
1661 604 1713 644 et
1746 596 2093 644 tenebrosum
2123 595 2189 645 de
2221 595 2443 661 vapori-

1367 664 1495 723 buS,
1537 664 1690 729 quasi
1724 664 1796 714 sit
1823 664 2021 715 inferni
2050 665 2314 716 caminus.
2349 666 2444 716 Est

1364 736 1505 786 ultra
1540 736 1755 787 Jericho
1803 753 1918 787 non
1962 739 2121 804 longe
2180 736 2439 803 positum,

1365 809 1667 876 dividitque
1706 812 1944 862 Judaeam
1992 823 2044 862 et
2084 811 2359 871 Arabiam,
2389 821 2441 861 et

1366 882 1528 932 habet
1568 883 1622 932 in
1673 883 1953 934 latitudine
1985 894 2188 947 septem
2245 884 2439 933 leucas.

1367 953 1432 1002 Et
1489 952 1610 1003 licet
1653 953 1899 1020 quinque
1951 953 2191 1004 civitates
2240 952 2441 1003 fuerint

1365 1023 1647 1074 destructae
1712 1033 1929 1089 propter
1977 1024 2079 1073 hoc
2130 1033 2437 1090 peccatum,

1365 1104 1548 1145 tamen
1611 1096 1729 1145 duae
1789 1095 2140 1146 nominantur
2196 1105 2442 1159 tantum,¹

1366 1165 1495 1232 quia
1518 1165 1742 1229 majores
1779 1176 1832 1216 et
1858 1165 2175 1217 famosiores
2203 1176 2354 1217 erant
2381 1166 2439 1216 in

1367 1237 1717 1288 multitudine
1767 1238 1957 1304 populi
2008 1249 2062 1290 et
2102 1238 2440 1304 turpitudine

1366 1319 1581 1374 peccati.

1174 1574 1448 1627 ORATIO

235 1747 479 1798 Domine
506 1746 633 1796 Jesu
657 1745 887 1805 Christe,
922 1745 1017 1812 qui
1051 1745 1351 1811 discipulos
1368 1756 1506 1803 ,tuos
1536 1747 1601 1796 ad
1634 1746 2046 1811 praedicandum
2076 1745 2315 1801 mittens,
2341 1746 2441 1795 de-

177 1819 304 1869 disti
341 1818 423 1868 eis
472 1826 791 1882 potestatem
831 1816 1071 1875 curandi,
1102 1831 1162 1866 ac
1195 1827 1460 1883 praecepta
1503 1816 1719 1867 vivendi
1755 1828 1808 1867 et
1847 1816 2227 1877 conversandi,
2249 1816 2441 1885 ‘dirige

178 1891 345 1956 pedes
376 1904 527 1940 meos
569 1889 624 1938 in
652 1889 796 1939 viam
830 1887 993 1953 paciS,
1037 1898 1089 1938 et
1126 1888 1195 1938 da
1226 1888 1363 1938 mihi
1404 1890 1632 1939 salutem
1663 1889 1863 1939 mentis
1891 1899 1944 1940 et
1975 1888 2254 1954 corporis;
2299 1898 2352 1939 et
2381 1898 2441 1939 ut

175 1964 410 2014 habeam
429 1961 487 2010 in
509 1960 769 2026 operibus
793 1961 1073 2025 justitiam,
1102 1961 1160 2011 in
1182 1960 1426 2012 moribus
1443 1961 1816 2026 disciplinam,
1843 1971 1895 2011 et
1926 1962 1981 2011 in
2006 1961 2264 2010 omnibus
2283 1970 2440 2010 tuum

175 2035 433 2084 timorem
463 2043 514 2083 et
546 2048 806 2092 amorem,
840 2031 1102 2082 mortifica
1131 2032 1187 2082 in
1216 2048 1303 2083 me
1347 2033 1532 2083 omnia
1564 2033 1714 2092 vitia,
1758 2048 1953 2099 meque
1983 2032 2091 2082 tuis
2116 2031 2277 2081 donis
2310 2031 2442 2083 inte-

178 2107 289 2156 rius
321 2116 379 2156 et
416 2105 656 2156 exterius
684 2115 938 2165 restaura,
967 2115 1028 2155 ut
1055 2120 1116 2155 ea
1151 2121 1274 2172 quae
1301 2105 1588 2172 discipulis
1618 2106 1735 2156 tuis
1764 2105 2084 2172 praecepisti,
2105 2121 2203 2171 pro
2221 2105 2443 2155 modulo

177 2192 295 2228 meo
327 2176 778 2238 merearimitari,
804 2185 855 2227 et
875 2192 999 2227 cum
1018 2176 1153 2243 ipsis
1181 2186 1381 2229 aeterna
1402 2179 1493 2245 glo
1506 2176 1605 2238 ria,
1631 2177 1698 2228 de
1722 2186 1814 2229 tua
1838 2175 2226 2241 misericordia,
2255 2191 2446 2230 mune-

180 2250 299 2300 rari.
334 2250 529 2300 Amen.

1051 2574 1387 2646 CAPUT
1460 2576 1596 2645 LII

611 2826 720 2894 De
750 2823 1104 2918 patientia
1158 2826 1231 2894 in
1287 2826 1605 2895 adversis
1659 2825 1988 2895 habenda.

1004 3073 1289 3137 Matthaei
1339 3093 1475 3156 cap.
1521 3095 1620 3136 10.

238 3331 258 3365 1
306 3313 600 3363 Parum-mi
650 3326 1013 3361 Pammenem
1065 3325 1246 3361 uncus-

174 3402 348 3446 sium,
388 3400 483 3443 Qur
518 3399 694 3434 vaur
738 3399 856 3434 ovxs
898 3398 1055 3433 mma
1076 3397 1249 3433 LUPOS

175 3473 456 3507 »imi-run.
482 3484 543 3493 —
570 3454 643 3504 Et
669 3454 800 3520 quia
836 3469 1056 3504 ornnem
1095 3451 1250 3502 solli-

177 3528 472 3580 citudinem
505 3525 901 3591 discipulorum
941 3522 1158 3589 abjecit,
1200 3533 1252 3573 et

177 3613 262 3650 eos
294 3599 582 3665 signorum
606 3595 916 3645 ostensione
948 3593 1252 3644 armavitac

178 3668 373 3721 ferreos
394 3669 665 3734 quosdam
697 3675 947 3732 operatus
972 3674 1054 3714 est
1088 3673 1142 3714 et
1166 3662 1252 3713 fe-

178 3742 259 3801 cit,
288 3743 358 3793 ab
385 3740 650 3792 omnibus
678 3740 841 3804 hujus
866 3738 988 3789 vitae
1017 3736 1251 3802 negotiis

180 3828 264 3866 eos
290 3831 486 3866 eruens
526 3824 580 3864 et
621 3813 689 3863 ab
732 3811 884 3862 omni
914 3821 1257 3875 temporanea

178 3885 536 3936 sollicitudine
598 3882 838 3933 liberans
849 3897 865 3945 ;
917 3897 1063 3931 nunc
1133 3889 1255 3945 post

178 3973 426 4026 prospera
470 3957 605 4008 dicit
646 3955 810 4007 etiam
855 3954 948 4005 illa
993 3967 1116 4021 quae
1152 3953 1257 4003 de·-

1360 3310 1491 3361 bent
1534 3308 1614 3359 eis
1655 3309 1966 3375 contingere
2006 3309 2165 3371 mala,
2204 3307 2271 3359 ad
2302 3323 2441 3375 prae-

1360 3383 1609 3433 liandum
1670 3392 1859 3432 contra
1917 3381 2186 3432 mundum
2234 3390 2285 3432 et
2316 3380 2437 3431 dia-

1359 3455 1579 3513 bolum,
1618 3469 1712 3504 eos
1770 3452 1848 3503 sic
1898 3468 2203 3519 praeparans
2271 3464 2322 3504 et
2375 3454 2439 3503 ad

1360 3524 1673 3593 patientiam
1697 3535 1883 3576 contra
1911 3525 2134 3575 adversa
2161 3524 2440 3586 toleranda,

1362 3598 1650 3647 instruens.
1711 3596 1883 3657 Quia,
1937 3605 1997 3645 ut
2040 3595 2172 3646 dicit
2209 3596 2432 3657 Seneca,

1361 3667 1534 3718 cuivis
1566 3666 1739 3717 dolori
1767 3676 1848 3716 est
1894 3665 2196 3717 remedium
2243 3663 2440 3729 patien-

1361 3739 1455 3790 tia.
1486 3740 1553 3790 Et
1581 3740 1692 3789 haec
1724 3738 1990 3804 praecipue
2025 3734 2305 3801 discipulis
2329 3745 2440 3786 erat

1363 3809 1681 3859 necessaria.
1713 3808 1820 3868 Qui
1845 3808 2012 3867 enim,
2048 3816 2109 3856 ut
2139 3804 2269 3854 dicit
2295 3804 2440 3855 Gre-

1361 3880 1573 3946 gorius,
1605 3881 1727 3929 locu
1742 3895 1799 3929 m
1834 3875 2233 3943 praedicationis
2261 3875 2439 3926 susci-

1361 3950 1466 4017 pit,
1489 3950 1629 4000 mala
1659 3950 1718 3999 in
1749 3948 1887 3999 ferre
1917 3963 2028 3997 non
2056 3946 2242 4006 debet,
2274 3946 2366 3997 sed
2392 3956 2447 3995 to
