2757 4413
551 307 644 359 DE
683 311 963 364 HOMINE
996 310 1435 366 VULNERATO
1462 313 1511 365 A
1539 314 2009 368 LATRONIBUS.

193 422 417 474 nondum
453 423 764 491 impleverat
808 442 824 478 ε
858 427 1080 494 Diliges
1113 428 1231 479 Do·

190 496 386 560 minum,
407 497 534 563 quia
561 514 653 564 per
679 514 832 550 suam
859 500 1157 566 potentiam
1181 510 1233 551 te

188 567 380 626 creavit,
418 568 606 632 Deum,
661 570 790 636 quia
827 586 920 636 per
951 586 1104 621 suam
1142 586 1233 622 sa-

189 635 428 704 pientiam
463 649 516 690 te
556 640 754 704 docuit,
804 648 965 703 tuum,
988 641 1114 708 quia
1140 657 1235 708 per

189 721 327 757 suam
354 709 644 761 bonitatem
667 727 723 762 se
741 721 893 763 tuum
922 711 1050 763 fecit
1077 722 1131 763 et
1156 713 1234 763 sic

188 785 234 828 te
266 779 516 845 redemit;
554 796 630 833 ex
671 790 779 835 toto
825 784 982 835 corde
1037 789 1142 847 tue,
1177 783 1233 833 id

2301 317 2406 388 539

1336 441 1412 479 ex
1443 433 1554 481 toto
1589 431 1752 482 corde
1788 436 1910 493 tuo;
1937 433 2005 483 de
2031 431 2292 498 proxime,
2322 435 2407 485 si-

1336 505 1426 549 cut
1455 500 1699 566 teipsum.
1730 501 1888 561 Quod
1913 502 1959 553 si
1986 502 2270 568 diligenter
2291 505 2398 554 ob-

1336 583 1660 634 servaretur,
1716 590 1813 625 nec
1854 590 2038 627 servus
2083 586 2250 638 esset,
2307 591 2407 628 nec

1335 642 1491 707 liber,
1538 659 1638 695 nec
1686 645 1872 708 victor,
1919 662 2018 697 nec
2061 646 2256 711 victus,
2307 663 2406 699 nec

1336 713 1502 778 dives,
1539 731 1637 767 nec
1680 732 1905 784 pauper;
1966 734 2062 768 nec
2096 728 2256 770 notus
2292 734 2407 770 un-

1336 804 1501 856 quam
1547 801 1686 842 esset
1714 791 1980 844 diabolus.
2029 793 2211 844 Potius
2255 793 2405 845 enim

187 861 259 903 est
295 867 359 903 ex
397 863 509 905 tota
541 856 816 908 voluntate
857 867 949 908 tua
970 873 984 907 t
1006 856 1133 924 quia
1166 856 1236 907 si·

186 932 267 974 cut
296 939 359 974 ex
392 926 555 977 corde
600 927 774 978 oritur
809 938 987 979 motus
1013 928 1078 979 ad
1101 927 1234 978 alias

188 1005 347 1060 partes
380 998 638 1063 corporis,
684 999 757 1050 ita
784 1000 1030 1050 voluntas
1057 1008 1234 1051 movet

184 1067 364 1118 animae
389 1070 655 1135 potentias
665 1087 682 1136 ;
713 1079 766 1123 et
794 1086 868 1123 ex
907 1078 1018 1123 tota
1051 1072 1234 1123 anima

187 1144 291 1204 tua,
326 1141 400 1192 -id
449 1152 530 1193 est
572 1158 637 1194 ex
685 1144 924 1211 appetitu
977 1144 1233 1195 sensitivo

184 1210 266 1278 qui
291 1223 540 1264 movetur
567 1231 663 1282 per
698 1216 1047 1266 voluntatem.
1078 1215 1233 1267 Unde

184 1299 289 1350 pars
335 1287 594 1340 sensitiva
647 1297 821 1354 potest
868 1289 959 1340 hic
1003 1287 1231 1354 intelligi

183 1371 264 1421 per
286 1358 549 1420 animam,
591 1360 884 1410 secundum
912 1360 1058 1426 quod
1095 1357 1233 1410 scri-

182 1425 311 1478 bitur
340 1427 400 1499 iri
432 1429 630 1480 Genesi
658 1446 673 1480 :
704 1431 906 1481 Factus
928 1435 1012 1481 est
1035 1429 1088 1481 in
1107 1429 1234 1480 ani-

181 1512 303 1548 mam
351 1499 636 1564 viventem,
703 1501 757 1550 id
808 1511 888 1552 est
911 1539 926 1562 ,
988 1509 1051 1551 ut
1104 1500 1234 1552 dicit

182 1568 385 1634 Glossa‚
413 1571 584 1622 vitam
616 1571 904 1623 animalem
936 1581 1028 1622 aut
1067 1571 1236 1622 sensi-

185 1640 329 1692 bilem
372 1642 588 1709 corpori
630 1644 864 1694 dantem.
909 1643 1146 1709 Diligat,
1183 1648 1234 1693 et

181 1723 244 1762 ex
275 1718 388 1763 tota
437 1720 605 1764 mente
650 1721 759 1776 tua,
809 1715 864 1765 id
908 1723 989 1765 est
1031 1729 1096 1764 ex
1122 1722 1233 1764 toto

182 1779 444 1834 intellectu
483 1785 580 1850 qui
636 1786 796 1836 etiam
836 1795 1079 1836 movetur
1141 1800 1235 1851 per

182 1855 498 1906 voluntatem
569 1857 637 1906 ad
698 1857 1097 1908 assentiendum
1148 1856 1236 1907 his

183 1939 285 1990 quae
330 1937 467 1978 sunt
503 1927 652 1987 fidei,
681 1938 734 1979 et
760 1929 826 1979 ad
864 1928 1233 1979 meditandum

180 1996 237 2046 de
262 1997 371 2048 Deo
399 1998 595 2049 dilecto
609 2014 626 2063 ;
653 2005 706 2050 et
728 2013 804 2051 ex
824 2000 1065 2051 omnibus
1094 1999 1235 2050 viri-

185 2067 267 2117 bus
296 2070 425 2134 tuis,
446 2071 532 2121 vel
550 2085 616 2121 ex
640 2080 748 2122 tota
776 2071 1109 2133 fortitudine,
1138 2086 1233 2121 seu

181 2138 355 2192 virtute
407 2152 530 2203 tua,
586 2144 733 2210 quod
778 2143 922 2194 idem
972 2152 1082 2206 est;
1140 2158 1236 2210 per

179 2216 305 2280 quod
350 2225 613 2267 notantur
638 2217 887 2282 potentiae
935 2218 1149 2268 motivae
1182 2226 1234 2267 et

182 2287 470 2347 executivae,
498 2302 620 2353 quae
648 2287 811 2338 etiam
839 2297 1121 2338 moventur
1141 2303 1234 2353 per

180 2357 497 2409 voluntatem
545 2358 610 2409 ad
638 2359 970 2424 operandum
1003 2372 1069 2409 ex
1106 2358 1234 2408 dile·

180 2427 337 2480 ctione
360 2428 613 2489 viriliter,
642 2438 694 2480 et
723 2445 830 2479 non
860 2428 1098 2480 remisse.
1127 2428 1232 2481 Ubi

180 2498 457 2552 Maximus
473 2518 492 2552 .-
512 2518 542 2547 α
561 2502 701 2551 Cum
731 2502 831 2552 hac
857 2500 1022 2567 igitur
1048 2501 1231 2551 inten-

179 2572 309 2625 tione
352 2576 560 2626 trinam
583 2576 650 2625 ad
696 2575 866 2626 Deum
895 2574 1232 2625 dilectionem

181 2644 253 2695 lex
275 2655 573 2711 pertractat,
607 2656 668 2696 ut
694 2647 882 2697 evellat
907 2661 1006 2696 nos
1033 2661 1064 2696 a
1091 2645 1233 2696 trina

182 2718 353 2767 mundi
410 2717 749 2781 habitudine,
804 2732 912 2783 qua
951 2716 1235 2782 respicitur

181 2787 235 2836 ad
271 2787 663 2856 possessiones,
691 2789 757 2838 ad
807 2787 1034 2853 gloriam
1080 2796 1131 2838 et
1164 2788 1232 2837 ad

181 2857 485 2924 voluptates,
536 2858 592 2908 in
638 2873 744 2925 qua
797 2858 959 2909 etiam
998 2867 1233 2908 tentatus

181 2939 251 2980 est
296 2931 572 2982 Christus·
597 2949 625 2978 n
655 2930 910 2996 Sequitur
940 2946 956 2980 ε
984 2929 1063 2980 Et
1093 2945 1233 2995 pro-

179 2999 371 3051 ximum
402 3006 566 3063 tuum,
599 3000 653 3051 id
688 3010 767 3053 est
801 3016 1017 3051 omnem
1047 2999 1231 3050 homi-

180 3084 311 3130 nem,
351 3071 499 3121 sicut
527 3072 767 3139 teipsum,
798 3071 852 3121 id
889 3080 970 3122 est
1001 3086 1066 3122 eo
1097 3070 1231 3121 affe-

179 3147 256 3190 ctu
294 3157 411 3207 quo
480 3141 741 3208 teipsum3
786 3142 912 3205 vel,
952 3142 1041 3212 'ad
1086 3141 1257 3207 quod‘

179 3210 423 3277 teipsum,
444 3212 646 3264 scilicet
672 3213 737 3263 ad
766 3212 989 3279 gratiam
1019 3211 1078 3262 in
1104 3226 1235 3278 prae-

177 3284 301 3333 senti
355 3294 414 3335 et
466 3284 693 3351 gloriam
747 3284 802 3335 in
871 3282 1072 3335 futuro·
1126 3281 1231 3335 Ubi

177 3350 414 3405 Basilius
441 3372 459 3406 .-
486 3372 516 3401 α
537 3355 638 3406 Est
684 3353 849 3421 igitur
893 3353 1132 3421 primum
1180 3363 1233 3405 et

177 3425 496 3492 praecipuum
542 3427 850 3478 mandatum
889 3425 1089 3477 divinae
1142 3426 1232 3476 di-

177 3493 415 3547 lectionis
427 3512 442 3561 ;
491 3498 785 3549 secundum
831 3507 1012 3548 autem
1069 3496 1231 3563 primi

178 3570 553 3637 completivum
589 3581 642 3622 et
668 3572 734 3622 ab
777 3587 844 3622 eo
882 3571 1230 3637 completum,

178 3654 277 3705 quo
327 3658 741 3695 commonemur
781 3643 1003 3710 diligere
1048 3641 1233 3708 proxi-

178 3725 338 3764 mum.
385 3732 414 3761 n
471 3714 575 3766 Ubi
637 3723 691 3765 et
760 3714 1178 3781 chrysostomus
1215 3727 1232 3764 .·

182 3801 205 3827 ι
229 3784 313 3835 Tu
353 3795 532 3837 autem
566 3786 777 3837 attende
833 3784 1061 3851 qualiter
1125 3781 1235 3834 fere

181 3866 292 3903 cum
309 3856 498 3907 eodem
525 3871 742 3908 excessu
773 3855 1007 3922 postulat
1031 3862 1236 3905 utrum—

181 3938 275 3990 que
301 3937 643 3995 praeceptum.
683 3928 762 3979 De
810 3928 921 3978 Deo
955 3925 1101 3977 enim
1138 3923 1233 3989 ait,

1337 861 1499 926 paleae
1532 861 1676 928 ignis
1713 863 2057 922 sustinerent.
2097 864 2406 915 immissio-

1340 946 1485 992 nem,
1514 947 1679 998 quam
1730 930 1993 984 fervorem
2020 933 2257 985 caritatis
2284 934 2409 986 dia-

1339 1000 1514 1061 boluS,
1569 1002 1701 1052 adeo
1750 1013 1939 1055 cuncta
1990 1013 2204 1070 superat
2269 1004 2408 1056 dile-

1338 1071 1529 1122 ctionis
1580 1074 1896 1126 constantia.
1956 1094 1984 1123 ι)
2038 1075 2192 1126 Unde
2240 1075 2406 1127 etiam

1340 1142 1644 1209 Gregorius
1671 1159 1689 1193 .·
1717 1162 1746 1192 α
1775 1146 1915 1196 Cum
1943 1155 2122 1197 autem
2149 1147 2358 1200 dicatur
2384 1162 2403 1198 z

1337 1216 1559 1283 Diliges
1592 1219 1909 1284 proximum
1959 1227 2103 1271 tuum
2145 1221 2287 1272 sicut
2325 1226 2408 1272 te-

1339 1286 1531 1354 ipsum,
1571 1291 1845 1355 quomodo
1892 1291 2043 1341 alteri
2096 1292 2408 1342 miserendo

1339 1357 1464 1422 pius
1491 1367 1590 1420 est,
1618 1360 1713 1425 qui
1744 1360 1918 1411 adhuc
1945 1359 2147 1426 injuste
2174 1361 2408 1412 vivendo

1338 1426 1401 1479 fit
1430 1428 1632 1495 impius
1673 1429 2029 1496 sibimetipsi?
2089 1451 2116 1478 n
2162 1433 2239 1482 De
2308 1433 2409 1483 hac

1339 1500 1561 1551 materia
1589 1501 1757 1552 habes
1804 1502 1965 1553 latius
2012 1501 2169 1566 infra,
2205 1502 2410 1554 scilicet

1338 1570 1470 1622 feria
1504 1573 1657 1624 tertia
1708 1584 1828 1639 post
1869 1575 2100 1624 Palmas.
2130 1574 2299 1625 Dixit
2324 1574 2410 1625 illi

1338 1644 1606 1695 Dominus
1636 1661 1651 1696 z
1679 1646 1843 1698 Recte
1891 1646 2216 1713 respondisti
2257 1663 2275 1696 ε
2310 1646 2410 1697 hoe

1328 1714 1450 1779 fac,
1489 1714 1689 1765 scilicet
1716 1716 1890 1766 Deum
1917 1726 1969 1767 et
1992 1717 2302 1782 proximum
2331 1715 2411 1766 di-

1339 1786 1582 1853 ligendo;
1637 1797 1690 1839 et
1729 1789 1859 1840 dicit
1900 1806 1913 1839 :
1947 1789 2071 1856 fac,
2119 1788 2248 1855 quia
2296 1804 2407 1839 non

1339 1857 1537 1910 sufficit
1590 1860 1833 1926 diligere,
1879 1860 1985 1912 nisi
2042 1860 2258 1912 dilectio
2307 1860 2410 1912 de-

1339 1941 1667 1982 monstretur
1697 1932 1754 1982 in
1777 1948 1963 1998 opere;
1990 1933 2235 1999 probatio
2260 1932 2409 1984 enim

1338 2001 1643 2052 dilectionis
1693 2002 1957 2053 exhibitio
1980 2014 2061 2055 est
2089 2003 2286 2069 operis.
2329 2002 2411 2053 Et

1340 2071 1504 2135 viveS,
1554 2071 1754 2123 scilicet
1798 2073 1907 2123 vita
1957 2082 2210 2139 perpetua
2227 2089 2243 2136 ;
2291 2073 2410 2123 haec

1339 2151 1421 2192 est
1460 2141 1607 2192 enim
1657 2143 2001 2194 excellentior
2029 2143 2114 2194 via
2142 2142 2306 2193 eundi
2339 2142 2410 2193 ad

1338 2214 1503 2266 vitam
1530 2225 1796 2267 aeternam.
1827 2215 1994 2275 Quasi
2022 2217 2219 2267 diceret
2246 2233 2261 2266 ε
2282 2216 2411 2267 Haec

1337 2284 1496 2348 dicis,
1521 2285 1614 2336 sed
1634 2302 1745 2336 non
1758 2285 1918 2350 facis3
1940 2295 1993 2337 et
2010 2285 2130 2337 ideo
2154 2287 2220 2336 ad
2242 2285 2410 2337 vitam

1338 2369 1452 2405 non
1471 2355 1639 2406 vadis·

1401 2441 1439 2491 4
1476 2426 1762 2476 Pannona
1818 2426 2144 2475 Suum-ram
2178 2440 2192 2473 t
2240 2435 2410 2474 onnus

1339 2511 1599 2549 numum
1642 2512 1741 2547 raa
1771 2511 2039 2547 vuronau
2085 2507 2408 2545 nonnarum.

1337 2597 1399 2608 —
1426 2568 1531 2620 Ille
1556 2573 1733 2619 autem
1774 2567 1957 2619 volens
1982 2566 2291 2634 justificare
2317 2578 2409 2616 se·-

1338 2640 1530 2707 ipsum,
1563 2638 1617 2689 id
1640 2648 1723 2689 est
1761 2639 1965 2704 justum
2007 2636 2284 2687 ostendere
2330 2649 2412 2686 se-

1337 2710 1578 2761 cundum
1642 2710 2004 2776 apparentiam
2027 2747 2042 2772 ,
2107 2718 2301 2774 putans
2352 2721 2412 2758 se

1337 2796 1454 2832 esse
1478 2790 1601 2832 ante
1646 2780 1925 2831 hominem
1963 2780 2057 2847 qui
2085 2788 2294 2829 tantum
2321 2776 2411 2828 vi-

1338 2853 1429 2904 det
1455 2852 1707 2913 exterius,
1728 2861 1782 2903 et
1824 2867 1935 2902 non
1962 2861 2086 2902 ante
2112 2851 2285 2900 Deum
2311 2847 2411 2915 qui

1337 2924 1483 2975 videt
1530 2923 1775 2984 interius,
1807 2923 1944 2974 dixit
1973 2924 2038 2974 ad
2078 2924 2260 2973 Jesum
2282 2937 2300 2971 .·
2331 2919 2413 2971 Et

1339 2992 1459 3059 quis
1493 2999 1576 3043 est
1620 3007 1766 3044 meus
1788 2989 2128 3059 proximus?
2150 2990 2210 3040 In
2239 3003 2349 3055 quo
2374 3001 2409 3039 a

1337 3062 1624 3114 dilectione
1669 3063 1902 3130 proximi
1951 3077 2181 3113 vacuum
2221 3074 2279 3110 se
2316 3072 2411 3109 os·

1339 3136 1528 3198 tendit,
1556 3136 1686 3203 quia
1735 3136 2043 3202 proximum
2091 3149 2199 3184 non
2242 3130 2410 3182 novit.

1338 3207 1581 3259 Forsitan
1608 3207 1827 3273 putabat
1867 3206 2011 3273 quod
2044 3203 2296 3255 Christus
2336 3199 2421 3251 di·

1339 3290 1476 3333 ceret
1500 3296 1516 3330 ι
1540 3280 1755 3331 Judaeus
1802 3290 1883 3331 est
1935 3277 2215 3346 proximus
2261 3284 2411 3336 tuus,

1339 3365 1390 3406 et
1423 3363 1552 3404 tunc
1591 3353 1934 3419 responderet
1968 3368 1983 3402 :
2011 3352 2185 3401 Deum
2231 3356 2283 3398 et
2309 3347 2412 3397 Ju-

1338 3425 1515 3476 daeum
1569 3422 1756 3490 diligo,
1800 3433 1853 3474 et
1891 3422 1968 3473 sic
2014 3425 2291 3485 appareret
2317 3416 2410 3496 ju-

1338 3505 1473 3547 stus.
1526 3495 1840 3560 Suspiciens
1884 3498 2060 3544 autem
2112 3490 2294 3549 Jews,
2354 3484 2410 3535 id

1338 3576 1421 3617 est
1469 3582 1687 3618 sursum
1733 3565 1999 3632 aspiciens
2045 3564 2219 3620 JesuS,
2280 3570 2412 3635 pro-3

1341 3636 1522 3704 posuit
1547 3636 1596 3689 ei
1629 3636 1935 3704 parabolam
1968 3634 2037 3684 de
2064 3629 2291 3709 homine
2313 3639 2412 3691 qui

1337 3711 1667 3761 descendens
1693 3709 1764 3760 ab,
1786 3707 2081 3760 Jerusalem
2109 3704 2163 3753 in
2189 3698 2404 3756 jericho·
2422 3742 2450 3763 f

1338 3780 1529 3832 incidit
1581 3781 1638 3832 in
1715 3781 1964 3832 latrones.
2009 3776 2131 3827 Ideo
2187 3783 2409 3821 sursum

1339 3853 1563 3920 aspexit,
1600 3853 1731 3919 quia
1775 3854 1843 3903 de
1882 3851 2042 3902 rebus
2085 3842 2295 3910 magnis
2340 3842 2414 3896 lo-

1340 3935 1563 3976 cuturus
1601 3931 1712 3974 erat
1733 3960 1749 3986 ‚
1780 3922 1922 3973 unde
1958 3917 2161 3970 scilicet
2209 3913 2413 3965 huma-
