2757 4413
401 317 506 384 584

398 432 623 482 seminis
653 433 848 484 salvata
876 431 1163 483 invenitur.
1195 448 1222 476 n
1254 429 1332 479 Ex
1357 444 1469 494 quo

398 512 543 568 patet
576 505 741 570 quod,
786 504 1029 569 exemplo
1067 501 1290 561 Christi,
1320 514 1465 566 prae-

399 579 605 628 dicator
628 576 775 626 verbi
807 576 977 626 divini
1018 591 1129 625 non
1165 573 1322 623 debet
1351 588 1470 622 ces-

401 665 517 700 sare
559 664 588 699 a
634 647 1049 714 praedicatione,
1110 646 1235 696 licet
1289 645 1470 695 videat

400 719 526 769 inde
553 734 750 784 paucos
787 717 1073 784 proficere3
1113 715 1241 789 quia
1268 714 1469 764 faciens

405 791 547 857 quod
578 790 632 839 in
662 805 719 839 se
742 800 840 853 est,
872 787 1127 838 meritum
1163 803 1325 836 suum
1355 801 1467 834 non

401 861 594 928 perdit.
625 861 780 911 Unde
809 868 952 923 nota,
986 858 1284 908 secundum
1310 871 1469 906 eum-

403 934 526 982 dem
563 930 939 997 Theophilum,
983 929 1128 995 quod
1158 945 1268 978 non
1306 927 1462 987 dixit,

403 1002 549 1068 quod
579 1002 851 1051 seminans
883 999 1030 1050 aliud
1069 998 1287 1065 projecit
1315 1012 1469 1048 secus

402 1073 545 1124 viam
565 1111 578 1133 ,
619 1083 671 1122 et
717 1082 911 1136 cetera3
960 1069 1054 1120 sed
1094 1069 1238 1135 quod
1281 1083 1466 1118 semen

401 1145 608 1195 cecidit.
655 1142 763 1202 Qui
808 1142 956 1192 enim
1005 1140 1266 1200 seminat,
1315 1139 1469 1188 docet

401 1225 606 1266 rectum
652 1229 984 1273 sermonem,
1026 1212 1118 1261 sed
1159 1225 1338 1261 sermo
1377 1209 1467 1258 di-

399 1285 706 1336 versimode
739 1282 881 1333 cadit
915 1283 973 1332 in
1013 1281 1308 1341 audienteS,
1339 1280 1468 1346 quia

400 1372 584 1408 semen
640 1355 922 1421 quodlibet
971 1354 1227 1419 recipitur
1274 1368 1468 1402 secun-

400 1429 531 1478 dum
561 1427 783 1476 modum
805 1430 856 1476 et
876 1425 1290 1491 dispositionem
1315 1433 1468 1472 terrae

403 1499 460 1549 in
506 1513 614 1564 qua
660 1497 876 1547 seritur.
907 1498 1040 1556 Quae
1087 1495 1132 1545 si
1174 1495 1246 1545 sit
1278 1493 1470 1544 fertilis

400 1582 454 1622 et
497 1571 670 1627 culta,
722 1570 922 1634 profert
949 1570 1157 1619 bonum
1192 1567 1468 1630 fructum3

405 1643 450 1694 si
481 1651 663 1693 autem
689 1641 760 1690 sit
789 1641 989 1692 sterilis
1016 1651 1070 1690 et
1099 1640 1323 1699 inculta,
1356 1653 1472 1704 ger-

404 1712 576 1763 minat
603 1711 787 1776 spinas
821 1721 875 1761 et
902 1711 1158 1773 tribuIOS‚
1188 1711 1272 1759 vel
1307 1709 1470 1759 etiam

405 1782 616 1832 nullum
661 1780 915 1831 fructum.
965 1782 1042 1831 Ita
1086 1780 1232 1846 quod
1278 1794 1473 1828 secun·

403 1853 533 1902 dum
574 1851 778 1901 variam
824 1850 1240 1916 dispositionem
1280 1859 1437 1898 terrae
1456 1887 1469 1906 ,

403 1937 587 1973 semen
632 1921 994 1971 diversimode
1033 1919 1243 1986 proficit
1268 1920 1334 1969 ad
1368 1918 1475 1968 fru-

402 2003 549 2044 ctum
565 2010 581 2058 3
603 1993 746 2042 sicin
763 1992 939 2052 nobis,
958 1993 1252 2042 secundum
1271 1991 1473 2042 variam

403 2062 818 2129 dispositionem
859 2063 1037 2113 cordis
1068 2063 1258 2125 nostri,
1291 2063 1472 2112 diver-

402 2136 611 2187 simode
636 2135 892 2200 recipitur
924 2151 1128 2200 semen,
1148 2135 1293 2201 quod
1322 2134 1475 2184 Chri·

403 2220 518 2261 stus
555 2225 715 2260 verus
757 2210 988 2275 agricola
1023 2210 1090 2259 de
1134 2210 1267 2259 coelo
1312 2206 1473 2258 nobis

404 2281 646 2331 adduxit.
708 2281 958 2331 Primum
1028 2296 1154 2347 ergo
1213 2281 1472 2331 debemus

400 2345 627 2403 verbum
662 2352 759 2401 Dei
792 2367 917 2402 cum
945 2352 1228 2401 devotione
1264 2351 1469 2411 audire,

401 2441 462 2475 ac
505 2441 631 2475 cum
669 2425 865 2491 gaudio
898 2434 949 2475 et
987 2424 1253 2475 desiderio
1293 2424 1470 2475 susci-

401 2511 553 2561 pere;
599 2496 797 2545 deinde
845 2495 1175 2560 intelligere,
1222 2510 1281 2545 ac
1332 2495 1474 2545 inter

401 2584 655 2633 prospera
684 2578 737 2618 et
767 2568 988 2618 adversa
1015 2567 1222 2616 utiliter
1248 2582 1471 2617 conser-

398 2653 549 2703 vare3
581 2649 634 2688 et
670 2639 906 2704 denique
935 2637 1141 2687 fructus
1170 2636 1358 2699 facere,
1388 2639 1473 2688 vel

403 2712 765 2774 centesimum,
801 2711 885 2761 vel
912 2708 1350 2775 sexagesimM‚
1390 2712 1473 2759 vel

405 2782 749 2834 tricesimum.

472 2853 499 2902 5
533 2854 815 2903 PARABOLA
858 2869 926 2903 m:
961 2867 1174 2902 ZIzAmA
1210 2867 1473 2902 sumasn-

405 2941 636 2975 mNATA:
662 2942 799 2975 AGER
834 2942 902 2976 ET
937 2940 1104 2975 SEMEN
1136 2925 1387 2975 Cflmsrt.
1414 2955 1475 2964 —

407 2997 464 3045 ln
519 2997 751 3046 secunda
800 2996 1067 3061 parabola,
1113 3011 1236 3061 quae
1287 3007 1368 3047 est
1413 3000 1478 3048 de

403 3066 622 3128 zizania,
671 3066 990 3116 describitur
1028 3075 1198 3117 status
1232 3068 1478 3119 Ecclesiae

405 3152 639 3202 sequens
689 3136 1003 3187 immediate
1064 3148 1188 3203 post
1242 3149 1473 3189 mortem

405 3206 610 3257 Christi
653 3216 704 3256 et
728 3209 1136 3273 Apostolorum,
1175 3208 1306 3274 quia
1355 3209 1476 3260 dia-

406 3280 563 3329 bolus
590 3279 714 3329 fidei
745 3280 802 3329 in
831 3280 1086 3332 cordibus
1112 3280 1356 3332 fidelium
1384 3298 1475 3333 se-

405 3352 623 3403 minatae
648 3352 860 3412 invidit,
891 3363 943 3403 et
970 3353 1092 3403 ideo
1120 3364 1244 3419 post
1267 3355 1473 3406 Christi

406 3432 459 3473 et
507 3424 895 3489 Apostolorum
936 3424 1328 3476 dormitionem
1380 3443 1475 3492 per

407 3504 637 3544 mortem
660 3533 672 3553 ,
727 3494 938 3559 aliquos
980 3494 1125 3545 inter
1165 3494 1351 3547 fideles
1407 3498 1472 3547 ad

404 3566 683 3633 perfidiam
716 3566 934 3617 haeresis
961 3569 1286 3630 commovit,
1318 3570 1473 3636 quasi

406 3640 684 3690 seminans
716 3638 976 3688 zizaniam
1009 3639 1066 3688 in
1098 3640 1276 3690 medio
1309 3641 1473 3691 tritici

406 3710 472 3758 ad
500 3709 674 3775 ipsius
697 3709 1134 3760 destructionem.
1169 3711 1347 3762 Potest
1375 3728 1474 3762 au-

407 3789 517 3829 tem
565 3781 745 3830 omnis
796 3780 1144 3830 immunditia
1190 3781 1249 3831 in
1297 3792 1476 3848 segete

408 3850 627 3916 zizania
665 3852 789 3912 dici,
822 3861 882 3901 ut
917 3850 1128 3913 lolium,
1161 3853 1476 3919 sterilesque

408 3935 619 3985 avenae,
660 3934 714 3974 et
758 3923 860 3974 alia
896 3923 1290 3989 hujuscemodi.
1324 3926 1477 3977 Sicut

999 315 1237 368 PRIMAE
1273 312 1520 363 PARTIS
1550 309 1783 363 CAPUT
1822 312 2007 366 LXIV.

1575 441 1703 492 ergo
1732 427 1936 478 zizania
1965 428 2110 478 bono
2137 428 2354 489 semini,
2382 428 2461 478 sic
2479 429 2630 480 haere·

1574 512 1662 547 ses
1690 497 1850 549 bonis
1876 498 2167 564 Scripturis
2195 499 2625 564 superseminan-

1574 577 1680 628 tur,
1738 577 1791 618 et
1845 568 1927 619 eis
1997 581 2059 620 se
2116 569 2434 620 admiscent.
2490 571 2633 621 Unde

1572 640 1916 704 Augustinus
1949 657 1967 690 .-
2011 658 2040 688 α
2084 641 2271 706 Neque
2314 641 2464 691 enim
2506 651 2631 693 natae

1573 720 1702 760 sunt
1745 711 1975 762 hoereses
2012 721 2066 762 et
2102 713 2348 778 quaedam
2393 713 2632 779 dogmata

1575 782 1936 848 perversitatis
1972 783 2314 849 illaqueantis
2354 783 2561 835 animas
2586 794 2634 834 et

1573 853 1628 902 in
1675 852 2006 919 profundum
2058 855 2446 920 praecipitantis
2474 892 2489 916 ,
2535 853 2630 905 nisi

1569 924 1703 975 dum
1723 924 2007 990 Scripturae
2025 924 2400 991 intelliguntur
2428 940 2535 975 non
2559 925 2636 975 be-

1574 1011 1667 1061 ne;
1698 1007 1751 1047 et
1782 997 1927 1064 quod
1962 997 2019 1047 in
2048 997 2128 1047 eis
2166 1014 2277 1047 non
2315 999 2457 1049 bene
2484 999 2631 1048 intel·-

1571 1067 1775 1133 ligitur‚
1842 1067 2006 1118 etiam
2050 1078 2250 1118 temere
2292 1079 2346 1119 et
2392 1069 2634 1120 audacter

1572 1137 1844 1191 asseritur.
1910 1158 1937 1186 >n
1992 1138 2064 1190 Et
2131 1140 2434 1191 notandum
2503 1140 2637 1206 quod

1573 1209 1821 1260 Christus
1887 1211 2047 1261 habet
2124 1211 2396 1277 triplicem
2458 1227 2634 1278 agrum

1573 1296 1735 1330 suum
1785 1296 2068 1346 proprium
2089 1320 2103 1341 ,
2152 1298 2212 1331 in
2254 1298 2366 1348 quo
2418 1282 2637 1333 seminat

1571 1355 1767 1420 triplex
1794 1370 1979 1405 semen
2013 1357 2219 1406 bonum
2245 1371 2260 1404 z
2283 1356 2499 1421 primus
2524 1371 2637 1422 ager

1573 1437 1655 1478 est
1682 1428 1938 1488 mundus,
1979 1429 2037 1479 in
2066 1445 2179 1495 quo
2209 1429 2467 1481 Christus
2497 1428 2637 1480 semi-

1576 1500 1722 1550 navit
1745 1516 1931 1551 semen
1965 1499 2113 1551 verbi
2148 1501 2265 1561 Dei,
2305 1501 2423 1553 sive
2455 1500 2641 1552 doctri-

1578 1588 1702 1622 nam
1755 1573 2027 1637 veritatis;
2067 1574 2335 1624 secundus
2398 1589 2528 1640 ager
2566 1583 2638 1623 est

1578 1643 1810 1694 Ecclesia
1851 1644 2130 1703 catholica,
2161 1644 2218 1693 in
2258 1660 2366 1710 qua
2397 1645 2641 1696 Christus

1577 1717 1859 1768 seminavit
1885 1717 2070 1768 fideles
2103 1717 2355 1768 homines
2395 1719 2495 1784 qui
2524 1726 2640 1768 sunt

1577 1789 1672 1843 filii
1714 1789 1896 1856 regni,
1942 1789 1997 1838 id
2043 1799 2126 1840 est
2171 1790 2342 1841 sancti
2388 1802 2443 1841 et
2502 1789 2641 1841 electi

1575 1862 1710 1927 viri,
1746 1863 1842 1930 qui
1878 1863 2016 1913 inter
2049 1862 2192 1914 filios
2227 1864 2379 1930 regni
2428 1879 2642 1928 compu-

1576 1942 1787 1999 tantur;
1828 1933 2019 1983 tertius
2062 1948 2186 1999 ager
2235 1944 2316 1984 est
2361 1935 2565 1994 anima,
2591 1933 2641 1983 in

1577 2021 1683 2072 qua
1707 2005 1960 2057 Christus
1984 2006 2214 2056 seminat
2238 2007 2443 2073 duplex
2463 2020 2638 2058 semen

1578 2078 1782 2128 bonum
1815 2093 1830 2126 ε
1862 2076 2099 2142 primum
2146 2093 2334 2128 semen
2382 2088 2468 2129 est
2513 2078 2637 2127 bona

1576 2151 1819 2199 voluntas
1837 2187 1850 2210 ,
1879 2158 1932 2198 et
1968 2148 2070 2198 hoc
2106 2164 2291 2200 semen
2330 2151 2490 2200 debet
2514 2164 2637 2216 pro-

1576 2219 1716 2271 ferre
1777 2220 2012 2271 fructum
2075 2222 2233 2272 bonae
2288 2221 2643 2287 operationis;

1577 2292 1878 2343 secundum
1922 2308 2106 2343 semen
2137 2303 2223 2343 est
2261 2293 2504 2359 cognitio
2532 2290 2640 2347 sui,

1577 2365 1770 2416 mundi
1817 2376 1870 2416 et
1904 2366 2022 2417 Dei.
2072 2366 2159 2417 Ex
2197 2366 2511 2432 cognitione
2547 2364 2647 2422 sui,

1577 2438 1732 2505 quasi
1764 2454 1829 2488 ex
1857 2439 2092 2505 quodam
2123 2438 2331 2489 semine
2364 2438 2542 2488 oritur
2563 2436 2644 2485 do-

1577 2509 1676 2567 lor,
1721 2511 2019 2559 secundum
2069 2509 2205 2560 illud
2254 2509 2641 2559 Ecclesiastes:

1580 2580 1690 2641 Qui
1710 2578 1868 2630 addit
1897 2582 2196 2643 scientiam,
2232 2582 2388 2631 addit
2425 2588 2480 2631 et
2516 2579 2652 2629 labo·

1578 2661 1691 2699 rem
1737 2664 1831 2699 seu
1890 2651 2153 2701 dolorem.
2213 2652 2296 2700 Ex
2345 2649 2647 2717 cognitione

1579 2720 1769 2769 mundi
1802 2721 1976 2772 oritur
2001 2723 2184 2781 timor,
2215 2721 2343 2788 quia
2379 2722 2437 2771 in
2475 2720 2648 2771 medio

1579 2792 1896 2856 laqueorum
1949 2792 2116 2842 homo
2187 2793 2506 2858 ingreditur.
2570 2791 2644 2842 Ex

1580 2862 1889 2927 cognitione
1935 2863 2034 2913 Dei
2084 2863 2258 2913 oritur
2295 2879 2472 2922 amor,
2526 2862 2646 2928 quia

1582 2934 1697 2998 ipse
1726 2942 1808 2982 est
1832 2944 2051 2993 creator,
2084 2935 2412 2999 redemptor,
2454 2945 2506 2983 et
2545 2934 2645 2999 glo·

1581 3002 1832 3053 rificator.
1859 3003 2099 3053 Primum
2128 3019 2255 3069 ergo
2285 3019 2472 3054 semen
2499 3002 2649 3053 semi-

1582 3084 1671 3123 nat
1689 3074 1833 3124 Deus
1853 3074 1909 3124 in
1929 3090 2057 3141 agro
2076 3076 2312 3135 affectus,
2339 3076 2646 3126 secundum.

1581 3144 1638 3195 in
1692 3160 1819 3211 agro
1864 3144 2192 3209 intellectus;
2254 3147 2346 3196 sed
2399 3146 2647 3195 inimicus

1580 3215 1828 3267 diabolus
1901 3218 2294 3282 superseminat
2355 3217 2642 3271 zizaniam,

1580 3287 1781 3337 scilicet
1814 3303 2022 3338 errores
2060 3288 2117 3338 in
2147 3288 2452 3347 intellectu,
2490 3298 2541 3337 et
2568 3302 2647 3335 co·

1579 3360 1860 3425 gitationes
1887 3362 2055 3411 malas
2084 3362 2139 3411 in
2164 3361 2373 3411 affectu.
2402 3361 2519 3410 Hoc
2543 3375 2644 3409 au·
2701 3353 2720 3426 ’Ἴ

1579 3441 1690 3481 tem
1718 3446 1902 3482 semen
1928 3434 2133 3483 malum
2156 3432 2437 3498 tripliciter
2453 3430 2645 3481 exstin-

1579 3501 1761 3567 guitur
1798 3519 1814 3552 ι
1869 3502 2063 3568 primo,
2114 3503 2239 3569 igne
2276 3500 2645 3562 contritionis;

1579 3572 1846 3633 secundo,
1892 3588 1985 3638 per
2021 3573 2392 3639 praecisionem
2432 3572 2654 3622 confes-

1580 3641 1782 3707 sionis3
1851 3644 2030 3707 tertio,
2094 3660 2188 3710 per
2232 3643 2647 3694 eradicationem

1579 3712 1976 3764 satisfactionis.
2026 3716 2245 3765 Studeat
2294 3731 2420 3781 ergo
2465 3713 2652 3763 anima

1579 3784 1784 3846 fidelis,
1815 3796 1875 3835 ut
1910 3802 2096 3836 semen
2133 3786 2229 3837 Dei
2262 3787 2321 3837 in
2351 3802 2412 3837 ea
2439 3784 2646 3851 germi-

1579 3865 1669 3905 net
1715 3856 1912 3906 sanctis
1965 3857 2245 3908 desideriis
2292 3868 2347 3908 et
2393 3857 2645 3924 operibus

1578 3927 1853 3979 virtuosis,
1901 3930 2001 3979 Hic
2038 3939 2220 3981 autem
2257 3946 2408 3996 ager,
2441 3928 2646 3985 scilicet
