2757 4413
1033 341 1126 393 ET
1158 335 1634 391 NUMERORUM.
2053 347 2060 356 ·
2353 336 2465 405 827

683 598 918 650 CAPUT
957 596 1145 649 LXIII.
1190 625 1252 636 —
1294 596 1378 647 De
1400 596 1528 662 filio
1566 594 1772 661 Reguli
1815 600 2024 647 sanate.

267 784 285 818 1
318 769 647 820 Adveniente
685 768 743 820 in
791 769 936 820 Cana
982 769 1132 820 Gali·
1428 768 1457 818 5
1488 766 1762 818 Moraliter
1789 766 2089 835 quemlibet
2111 779 2320 832 pecca-¹

290 840 401 890 laeae
424 840 660 905 Christo,
681 841 904 892 accessit
922 840 987 891 ad
1006 856 1134 891 eum
1459 849 1649 888 torem.
1742 851 1745 855 ·
2354 834 2457 902 576

291 911 544 978 Regulus.
1180 911 1282 980 573
1424 909 1458 961 6
1514 910 1768 961 Febrium
1844 921 1897 962 et
1964 920 2299 978 peccatorum

264 998 291 1032 2
319 984 511 1050 Reguli
541 982 892 1034 diffidentiam
933 983 1128 1050 arguit,
1454 983 1802 1049 comparatio.
2355 981 2457 1049 577

288 1064 436 1103 sanat
462 1063 642 1104 tamen
670 1053 864 1104 filium.
1181 1052 1281 1121 573
1426 1072 1457 1122 7
1488 1055 1633 1116 Quid
1663 1055 1886 1121 mystice
1912 1055 2177 1120 significet
2198 1058 2304 1106 du·-

263 1122 288 1175 3
314 1126 488 1190 Hujus
506 1126 749 1176 miraculi
772 1125 918 1177 finis.
1180 1124 1287 1193 574
1457 1128 1578 1192 plex
1603 1127 1862 1177 adventus
1890 1126 2095 1177 Christi
2128 1127 2186 1177 in
2211 1127 2306 1177 Ca-

259 1212 293 1262 4
317 1198 542 1264 Mystice
567 1198 710 1249 filius
736 1197 927 1265 Reguli
945 1199 1132 1250 huma·
1458 1212 1526 1247 na
1549 1196 1814 1248 Galilaeae?
2353 1194 2456 1262 578

287 1284 419 1319 num
447 1284 618 1335 genus
639 1269 926 1336 significat.
1179 1268 1280 1335 575

430 1467 664 1520 CAPUT
703 1469 888 1521 LXIV.
923 1498 984 1508 -
1015 1470 1098 1521 De
1145 1476 1376 1537 quatuor
1399 1471 1686 1536 parabolis
1713 1471 1931 1522 Domini
1952 1471 2027 1522 ad
2048 1470 2251 1533 turbae,

842 1565 893 1610 et
935 1558 1107 1609 tribus
1150 1559 1226 1609 ad
1267 1560 1563 1626 discipulos
1608 1560 1825 1611 habitis·

261 1718 279 1753 1
315 1704 360 1753 E
390 1704 528 1767 navi,
558 1721 667 1771 qua
695 1706 1132 1773 praefigurabatur
1457 1710 1632 1762 clesiae
1676 1722 1799 1778 post
1844 1709 2125 1761 haereseon
2178 1723 2304 1759 sur-

284 1776 537 1838 Ecclesia,
562 1793 658 1844 per
677 1780 955 1845 parabolas
981 1780 1133 1831 docet
1455 1783 1770 1834 rectionem.
2354 1777 2458 1829 588
2551 1843 2552 1846 Ἴ

285 1846 554 1900 Christus,
1182 1852 1285 1921 579
1402 1869 1458 1905 11
1509 1856 1761 1907 Parabola
1806 1855 1873 1906 de
1916 1854 2199 1914 ferment0,
2243 1853 2301 1902 in

256 1934 284 1969 2
317 1920 570 1971 Parabola
611 1921 677 1971 de
708 1921 1010 1974 seminante
1037 1939 1132 1990 per
1457 1941 1565 1991 qua
1590 1926 1912 1978 describitur
1939 1934 2105 1977 status
2133 1924 2309 1974 Eccle-

283 1988 463 2056 ipsum
495 1990 775 2057 explicata.
1180 1993 1285 2062 579
1458 1998 1550 2048 siae
1613 1997 1845 2064 sequens
1921 1995 2303 2048 exaltationem

255 2059 283 2111 3
326 2061 638 2112 Differentia
675 2062 951 2113 fructuum
993 2079 1134 2129 quos
1457 2070 1802 2120 Sanctorum.
2354 2063 2458 2132 590

279 2131 367 2184 dat
389 2143 529 2182 terra
565 2132 707 2183 bona
752 2132 898 2183 unde
939 2148 1132 2199 prove-
1292 2199 1295 2203 Α
1403 2154 1463 2189 12
1522 2137 1775 2188 Parabola
1826 2135 1959 2202 quid
2004 2135 2075 2186 sit
2131 2145 2184 2185 et
2239 2135 2306 2184 de

282 2206 410 2257 niat-
653 2245 660 2251 -
903 2227 909 2233 ·
1179 2205 1283 2259 582
1457 2209 1620 2258 modo
1647 2205 1898 2258 audiendi
1933 2204 2264 2256 Dominum?
2354 2202 2457 2272 590

252 2291 288 2341 4
325 2278 494 2327 Terra
523 2277 664 2327 mala
702 2276 987 2343 tripliciter
1015 2278 1134 2329 dis-
1248 2306 1259 2323 «η
1404 2279 1462 2330 13
1495 2281 1605 2330 Cur
1646 2278 1897 2329 Christus
1938 2277 1997 2327 in
2036 2274 2305 2342 parabolis

278 2348 564 2415 tinguitur,
610 2365 720 2399 non
767 2359 942 2400 autem
971 2350 1132 2412 bona,
1457 2349 1633 2401 turbis
1662 2347 2001 2416 loqueretur?
2354 2342 2450 2412 591

280 2420 409 2486 quia
433 2435 539 2470 una
566 2429 645 2470 est
672 2420 927 2472 Ecclesia.
1183 2420 1283 2472 583
1405 2435 1468 2485 14
1519 2419 1771 2475 Panabola
1809 2420 1875 2469 de
1899 2417 2148 2468 thesauro
2175 2415 2303 2464 abs-

257 2491 282 2542 5
318 2491 573 2543 Parabola
603 2493 670 2542 de
699 2493 901 2543 zizania
938 2508 1133 2559 super-
1457 2491 1688 2552 condito,
1732 2491 1787 2541 in
1837 2506 1944 2556 qua
1985 2486 2305 2538 describitur

280 2564 542 2615 seminata
598 2581 612 2615 z
666 2580 790 2630 ager
839 2575 891 2615 et
946 2581 1132 2617 semen
1456 2572 1625 2613 status
1674 2560 1928 2612 Ecclesiae
1955 2568 2076 2625 post
2103 2556 2305 2623 praedi-

281 2635 506 2688 Christi.
1182 2636 1288 2703 584
1457 2633 1719 2684 cationem
1746 2630 2115 2697 apostolicam.
2354 2624 2455 2694 592

252 2704 283 2756 6
310 2705 580 2756 Dormitio
605 2707 946 2770 praelatorurn
973 2715 1028 2756 et
1057 2721 1134 2757 se·
1402 2704 1461 2755 15
1501 2703 1759 2753 Parabola
1798 2702 1863 2751 de
1905 2698 2186 2765 margarita
2213 2696 2303 2746 in-

279 2776 430 2826 mina
457 2775 678 2825 diaboli.
760 2779 765 2785 “
1180 2775 1280 2827 585
1456 2776 1626 2826 venta,
1656 2765 1713 2814 in
1738 2779 1846 2830 qua
1867 2762 2109 2828 signatur
2133 2769 2304 2810 status

253 2863 284 2912 7
314 2846 664 2897 Sustinentur
695 2845 822 2895 mali
862 2846 1036 2897 tribus
1066 2848 1133 2899 de
1456 2837 1706 2889 Ecclesiae
1743 2836 1958 2902 quando
1996 2833 2161 2883 ditata
2201 2831 2305 2881 fuit

281 2917 471 2968 causis,
1001 2917 1006 2923 '
1182 2916 1286 2970 586
1457 2911 1760 2964 Ordinibus
1783 2907 2047 2975 religiosis
2071 2905 2307 2956 maxime

255 2987 286 3038 8
315 2988 460 3047 Quid
507 2997 635 3038 sunt
671 2996 886 3053 tempus
915 2987 1128 3048 messiS‚
1455 2979 1899 3048 contemplativi&
2200 3049 2211 3061 ⁸
2356 2974 2455 3042 593

283 3073 570 3118 messoreS,
627 3056 862 3107 fasciculi
927 3055 1130 3122 alligati
1403 3054 1465 3106 16
1499 3054 1749 3106 Parabola
1788 3054 1854 3103 de
1902 3067 2096 3118 sagena
2139 3064 2305 3100 missa

284 3140 335 3181 et
356 3127 697 3194 congregatio
731 3126 931 3177 tritici?
1184 3125 1287 3177 586
1458 3128 1514 3177 in
1543 3141 1707 3186 mare,
1736 3125 1792 3174 in
1821 3140 1929 3190 qua
1949 3138 2182 3190 praesens
2212 3123 2308 3171 Ec·-

255 3215 288 3266 9
335 3200 465 3250 Haec
515 3197 765 3265 parabola
832 3198 1132 3249 secundum
1456 3197 1627 3247 clesiae
1655 3205 1824 3246 status
1853 3194 2193 3244 describitur.
2354 3188 2459 3255 594

284 3270 541 3320 Marcum.
1182 3267 1286 3336 587
1403 3283 1464 3334 ¹7
1495 3269 1747 3317 Doctores
1770 3280 1879 3314 non
1900 3266 2098 3315 debent
2119 3260 2329 3311 audire.

233 3355 292 3390 10
318 3339 577 3390 ‘Parabola
611 3338 677 3388 de
710 3353 877 3404 grano
907 3338 1130 3404 sinapiS,
1309 3400 1314 3406 ,
1457 3346 1681 3397 tantum,
1706 3335 1799 3387 sed
1828 3345 1881 3387 et
1908 3334 2225 3399 intelligere.
2354 3328 2459 3396 594

283 3410 340 3461 in
368 3425 475 3476 qua
501 3407 822 3460 describitur
843 3418 1015 3460 status
1037 3410 1135 3460 Ec-

340 3577 577 3630 CAPUT
618 3549 777 3628 LXV.
816 3605 880 3614 -
920 3577 1005 3628 De
1049 3576 1281 3628 adventu
1309 3575 1531 3627 Domini
1559 3575 1613 3626 in
1643 3573 1931 3643 Nazareth
1959 3570 2169 3637 quando
2199 3569 2335 3635 legit

463 3668 518 3718 in
555 3681 854 3734 synagoga
890 3681 1091 3732 eorum,
1131 3673 1187 3718 et
1241 3667 1350 3734 ipsi
1396 3665 1643 3717 volebant
1676 3664 2034 3731 praecipitare
2068 3675 2204 3711 eum.

264 3854 282 3890 1
322 3839 474 3891 Jesus
497 3840 771 3908 ingressus
799 3857 1127 3910 synagogam
1454 3841 1604 3893 tiam.
2352 3831 2455 3900 596

285 3912 545 3965 Nazareth
565 3915 697 3981 legit
722 3915 870 3967 Isaiae
893 3916 1131 3982 prophe·
1425 3929 1456 3963 2
1484 3911 1783 3980 Applicatio
1811 3910 1974 3976 hujus
2001 3903 2299 3974 prophetiae
