2757 4413
550 356 555 357 ⁷
600 348 696 398 DE
733 347 1117 398 PATIENTIA
1157 346 1227 396 IN
1267 346 1610 396 ADVERSIS
1653 345 2005 395 HABENDA.

186 469 243 508 et
330 461 380 510 in
445 462 801 511 testimonium
881 461 1248 511 damnationis

184 533 553 596 reproborum,
601 533 731 597 quia
777 543 961 582 contra
1026 531 1146 581 illos
1184 542 1245 581 et

184 615 285 665 pro
307 601 422 651 istis
445 602 633 652 feretis
670 602 1062 652 testimonium.
1089 603 1245 652 Unde

180 670 322 720 idem
355 673 780 740 Chryses-tomus
815 693 832 724 .·
857 692 883 720 α
903 676 1042 723 Ante
1072 674 1247 738 Reges

177 751 233 791 et
258 742 513 792 Praesides
545 743 760 793 stabitis
806 745 861 794 in
893 743 1244 793 testimonium

175 811 292 862 illis
338 818 389 862 et
431 813 708 877 Gentibus)
751 823 813 864 ut
839 815 969 864 dum
999 814 1244 879 Apostoli

172 894 509 944 accusantur,
535 886 667 934 dum
688 887 1015 952 respondent
1042 887 1099 935 in
1132 885 1247 951 qui-

174 955 387 1020 busque
439 956 702 1021 praetoriis
721 996 734 1017 ,
787 956 994 1007 Christi
1051 958 1246 1006 veritas

172 1028 511 1093 praedicetur,
549 1030 855 1079 Jud‘aeorum
891 1029 1113 1096 perfidia
1145 1030 1245 1078 de-

171 1109 525 1158 monstretur,
559 1109 611 1149 et
634 1101 902 1150 Gentibus
930 1101 993 1151 ad
1014 1100 1244 1150 salutem

170 1169 520 1219 credentibus
546 1171 864 1235 mysterium
895 1172 1176 1221 reveletur.
1215 1192 1242 1218 n

170 1241 235 1291 Et
286 1241 491 1290 iterum
523 1259 536 1291 ι
569 1261 596 1288 «
626 1244 773 1292 Mors
820 1243 1020 1308 quippe
1069 1244 1244 1308 justo-

166 1326 289 1362 rum
342 1313 501 1362 bonis
530 1312 587 1361 in
617 1314 944 1378 adjutorium
976 1323 1075 1373 est,
1122 1330 1243 1363 ma·-

165 1383 230 1432 lis
257 1383 319 1431 in
349 1383 756 1447 toetimonium3
779 1394 839 1433 ut
851 1384 987 1433 ‘inde
1006 1384 1240 1448 perversi

162 1453 283 1502 sine
318 1453 666 1502 excusatione
692 1452 923 1519 pereant,
953 1454 1101 1503 unde
1126 1455 1245 1504 ele-

165 1525 234 1573 cti
257 1526 579 1590 exemplum
610 1525 832 1590 capiunt
856 1536 922 1576 ut
952 1527 1137 1576 vivant
1161 1543 1177 1576 ε
1212 1546 1240 1574 »

164 1594 279 1644 haec
312 1595 758 1660 Chryses-tomus,

227 1672 258 1721 5
306 1674 417 1722 St-:n
467 1689 564 1722 nos
602 1689 708 1722 uos
759 1690 883 1724 Essa
934 1689 1242 1725 soncior-ros

162 1758 418 1793 monm-
478 1760 544 1792 ns
608 1760 1048 1796 nasronsromsus
1104 1762 1243 1797 ruse

164 1829 461 1864 meret-mm.
487 1842 552 1851 -—-
581 1815 800 1865 Futuris
830 1831 960 1882 ergo
980 1817 1237 1876 adversis,

161 1894 220 1935 ut
254 1885 488 1950 praevisa
514 1886 699 1936 minus
735 1887 936 1937 laedant
966 1889 1043 1938 sic
1067 1904 1096 1938 a
1125 1890 1241 1938 Do·-

159 1956 327 2004 mino
359 1956 641 2020 praedictis,
668 1957 796 2022 quia
831 1968 910 2008 tot
941 1958 1238 2008 termribus

161 2027 372 2077 auditis
431 2027 684 2093 discipuli
723 2030 926 2079 turbari
972 2040 1239 2096 poterant,

162 2097 451 2162 subjungit
469 2109 650 2148 contra
676 2109 901 2149 terrores
918 2101 1241 2150 consolatio-

162 2185 315 2230 nem,
346 2170 528 2220 dicens
557 2187 572 2219 :
612 2172 749 2221 Cum
777 2178 951 2223 autem
985 2172 1241 2223 inducent

162 2251 210 2291 et
241 2241 466 2290 tradent
490 2256 586 2290 vos
614 2243 678 2291 ad
714 2243 932 2307 judices,
981 2244 1242 2293 adducen-

160 2312 231 2361 do
253 2311 630 2375 oppositiones
655 2322 839 2362 contra
868 2330 985 2377 vos,
1021 2315 1238 2364 machi-

162 2383 347 2431 nando
367 2392 427 2431 ut
451 2397 539 2431 me
556 2383 780 2449 negetis,
802 2384 965 2435 nolite
992 2384 1240 2451 cogitare

161 2465 214 2504 et
278 2452 506 2502 solliciti
567 2469 702 2513 esse,
743 2470 840 2505 vos
876 2471 985 2522 prae
1032 2456 1240 2506 sollici-

158 2527 355 2576 tudine
387 2527 677 2589 anxiand0‚
703 2528 936 2593 qualiter
974 2538 1067 2579 aut
1105 2544 1239 2595 quo-

159 2598 340 2658 modu,
398 2596 458 2645 id
496 2607 584 2646 est
622 2598 690 2646 de
729 2599 892 2648 modo
936 2598 1238 2664 proferendi

159 2669 344 2733 quoad
377 2667 628 2726 formam,
659 2670 927 2733 aut-quid,
972 2670 1027 2718 id
1052 2680 1138 2719 est
1166 2670 1238 2720 de

159 2743 327 2791 modo
347 2742 666 2791 ‘inveniendi
720 2744 897 2808 quoad
935 2744 1232 2798 materiam,

155 2815 536 2880 respondeatis
624 2815 1097 2880 interrogantibus,
1147 2819 1236 2866 vel

160 2887 459 2953 loquamini
493 2888 699 2937 discere
749 2889 1092 2952 volentibu53
1131 2890 1235 2939 da-

157 2961 314 3010 bitur
348 2960 488 3009 enim
530 2961 699 3023 vobis,
746 2961 947 3012 scilicet
994 2977 1026 3012 a
1082 2964 1234 3012 Patre

156 3033 455 3097 luminum,
486 3035 540 3084 in
582 3033 681 3083 illa
723 3035 874 3098 hora,
926 3035 1126 3085 scilicet
1166 3035 1231 3085 ad

158 3108 597 3174 respondendum
631 3120 948 3175 opportuna,
979 3110 1109 3175 quid
1146 3110 1231 3160 lo·-

159 3179 414 3244 quamim',
441 3179 495 3227 id
518 3190 598 3228 est
614 3180 933 3245 sapientiam
959 3180 1012 3229 in
1028 3190 1229 3244 mente,

161 3260 210 3299 et
231 3250 597 3316 eloquentiam
629 3251 686 3299 in
719 3267 825 3301 ore.
858 3251 977 3300 Non
1007 3251 1233 3301 confida-

159 3320 226 3371 tis
264 3322 334 3371 de
361 3320 582 3371 scientia
616 3333 789 3372 vestra
817 3333 869 3372 et
906 3323 1228 3389 eloquentia,

158 3393 249 3442 sed
275 3393 345 3441 de
372 3392 558 3442 divina
579 3393 936 3459 providentia,
966 3394 1097 3459 quia
1117 3392 1231 3457 Spi-

158 3463 294 3512 ritus
316 3464 545 3512 Sanctus
585 3462 794 3512 docebit
815 3478 910 3513 vos
936 3473 1084 3526 tunc,
1115 3463 1230 3512 sine

158 3535 627 3600 praemeditatione
671 3548 861 3596 vestra,
901 3536 1033 3603 quid
1080 3535 1228 3601 loqui

158 3617 411 3673 oporteat.
461 3607 590 3656 Non
641 3608 778 3657 enim
829 3622 924 3658 vos
966 3606 1098 3657 estis
1137 3607 1230 3673 qui

157 3677 447 3743 loquimini,
482 3678 536 3727 id
570 3688 654 3727 est
686 3693 799 3727 non
828 3694 893 3728 ex
923 3680 1040 3728 solo
1067 3677 1226 3743 inge-

156 3750 242 3801 nio
267 3760 448 3801 vestro
501 3751 799 3816 procedunt
821 3751 984 3801 verba
1016 3759 1224 3811 vestra,

153 3826 237 3875 aed
286 3842 351 3876 ex
403 3824 641 3890 Spiritus
696 3824 863 3890 gratia
916 3841 930 3874 ε
980 3824 1226 3889 Spiritus

154 3898 282 3947 enim
305 3897 508 3947 Patris
546 3896 715 3945 vestri
750 3902 832 3944 est
864 3895 954 3961 qui
989 3894 1224 3960 loquitur

153 3967 201 4018 in
228 3969 403 4032 vobis,
436 3976 503 4017 ut
535 3965 594 4015 in
624 3964 876 4031 organis3
916 3965 1051 4031 quia
1080 3964 1221 4013 sicut

2323 358 2430 409 477

1357 475 1552 526 organa
1595 460 1850 510 emittunt
1896 458 2321 508 modulationem
2361 457 2430 506 ad

1356 542 1567 580 motum
1633 530 1984 596 temperantis
2015 567 2028 587 ,
2092 528 2168 578 sic
2219 530 2429 577 bonum

1356 605 1504 670 quod
1545 603 1863 669 praedicator
1905 601 2166 667 loquitur,
2193 648 2194 651 ,
2221 600 2287 649 ad
2327 615 2430 649 vo—

1357 675 1619 724 luntatem
1653 672 1820 722 Patris
1844 670 2180 736 inspirantis
2208 670 2308 720 Per
2324 669 2427 719 hoc

1354 755 1554 804 autem,
1605 754 1665 793 ut
1701 743 1832 792 dicit
1871 743 2311 808 chrysostomum,
2361 740 2427 790 ad

1355 815 1744 881 Prophetarum
1771 828 1865 863 eos
1905 812 2221 878 dignitatem
2263 811 2429 860 redu-

1354 887 1448 945 xit,
1483 886 1578 952 qui
1609 885 1809 935 scilicet
1837 885 1943 933 Dei
1968 883 2183 950 Spiritu
2204 889 2331 932 sunt
2355 883 2426 932 lo-

1353 959 1480 1008 cuti.
1539 957 1692 1006 Unde
1744 956 2052 1021 Gregorius
2109 973 2126 1004 .·
2168 972 2195 1000 «
2243 956 2319 1004 Ac
2377 955 2424 1004 si

1354 1029 1611 1080 membris
1651 1028 1765 1078 suis
1799 1026 2206 1077 infirmantibus
2242 1026 2381 1076 dicat
2410 1043 2424 1076 ε

1353 1100 1531 1150 Nolite
1572 1099 1962 1164 pertimescere,
1996 1111 2092 1145 vos
2132 1097 2198 1146 ad
2252 1106 2430 1146 certa-

1352 1187 1475 1221 men
1506 1169 1757 1220 acceditis
1777 1206 1791 1227 ,
1839 1168 1931 1216 sed
1965 1182 2067 1232 ego
2107 1166 2420 1232 praeliabor3

1350 1259 1449 1294 vos
1488 1243 1650 1293 verba
1696 1236 1873 1301 editiS,
1903 1239 1996 1288 sed
2039 1253 2138 1303 ego
2166 1231 2288 1288 sum
2328 1238 2424 1299 qui

1351 1319 1607 1384 loquor.»
1639 1314 1778 1364 Hinc
1811 1312 2008 1361 Paulus
2039 1313 2115 1361 ait
2154 1327 2167 1360 z
2208 1312 2295 1361 An
2322 1324 2418 1360 ex-

1344 1391 1696 1458 perimentum
1724 1385 1969 1451 quseritis
2011 1384 2127 1450 ejus
2149 1383 2241 1449 qui
2260 1383 2312 1432 in
2340 1396 2421 1432 me

1351 1463 1587 1529 loquitur
1608 1456 1903 1510 Christus?
1926 1457 2112 1506 Securi
2128 1471 2253 1522 ergo
2274 1455 2424 1505 ibant

1350 1544 1677 1599 quocunque
1749 1527 2100 1577 ducebantur.

1350 1604 1499 1654 enim
1532 1604 1598 1652 ad
1637 1599 1882 1666 proelium
1910 1597 2072 1656 vadit,
2102 1597 2197 1663 qui
2223 1595 2429 1646 talibus

1349 1674 1516 1725 armis
1563 1683 1613 1724 et
1639 1673 1743 1722 sub
1772 1669 1865 1720 tali
1908 1667 2149 1734 principe
2180 1677 2419 1733 pugnat3

1349 1762 1569 1798 securus
1616 1745 1679 1794 ad
1731 1741 2023 1793 concilium
2076 1739 2267 1805 pergit,
2325 1740 2420 1804 qui

1350 1819 1440 1868 tali
1469 1817 1808 1882 prolocutore
1850 1826 2066 1862 causam
2120 1825 2273 1860 suam
2323 1810 2421 1859 de-

1348 1888 1537 1938 fendit.
1604 1885 1758 1936 Unde
1828 1882 1900 1931 ait
1953 1882 2378 1949 chrysostomus
2405 1896 2420 1928 τ

1353 1960 1526 2009 «Cum
1555 1953 1978 2017 autem-tradent
2001 1966 2112 2014 νος,
2143 1951 2306 2001 nolite
2321 1949 2425 2001 sol-

1349 2030 1487 2080 liciti
1513 2042 1633 2078 esse
1660 2026 1921 2093 quomodo
1945 2029 2041 2075 aut
2068 2021 2197 2087 quid
2232 2021 2425 2086 loqua-

1348 2102 1480 2152 mini
1493 2119 1514 2164 ,·
1548 2114 1669 2150 mea
1693 2108 1777 2148 est
1802 2098 1951 2147 enim
1977 2109 2148 2146 causa.
2172 2093 2298 2143 Ideo
2316 2107 2416 2141 vos

1347 2175 1486 2228 mihi
1515 2172 1892 2225 tantummodo
1920 2182 2178 2237 personas
2207 2174 2426 2232 praesta-

1346 2259 1417 2308 te,
1453 2258 1504 2299 et
1533 2263 1631 2313 ego
1662 2245 1818 2296 vobis
1857 2256 2110 2304 sensum;
2157 2254 2283 2288 nam
2310 2239 2449 2298 sol-‚

1346 2319 1556 2369 licitum
1584 2332 1699 2367 esse
1736 2324 1858 2365 ante
1888 2312 2149 2379 judicium
2179 2326 2290 2358 non
2337 2319 2417 2358 est

1347 2389 1661 2457 praeparatio
1716 2388 1811 2444 rei,
1866 2386 1959 2435 sed
2006 2381 2306 2446 desperatio
2352 2380 2424 2429 de

1346 2463 1476 2511 Dec.
1519 2459 1685 2509 Sinite
1726 2472 1854 2522 ergo
1909 2464 1968 2505 ut
2024 2454 2080 2502 in
2124 2465 2281 2501 causa
2319 2466 2420 2500 sua

1345 2536 1490 2584 Deus
1527 2535 1776 2598 loquatur
1810 2545 1907 2594 pro
1935 2526 2111 2585 vobis,
2146 2525 2241 2591 qui
2281 2540 2420 2573 con—

1346 2604 1627 2655 scientiam
1701 2598 2081 2665 interrogantis
2143 2595 2407 2661 agnoscit.

1346 2678 1467 2727 Non
1505 2676 1660 2725 enim
1690 2684 1772 2722 est
1808 2669 2065 2737 possibile
2103 2678 2165 2718 ut
2198 2682 2290 2716 rex
2319 2666 2416 2732 qui

1346 2749 1548 2798 milites
1583 2761 1711 2796 suos
1751 2742 1921 2793 mittit
1950 2742 2015 2790 ad
2051 2741 2272 2800 bellum,
2304 2753 2414 2786 non

1346 2830 1563 2886 praestet
1594 2818 1703 2867 illis
1732 2830 1879 2865 arma
1899 2814 2157 2863 adversus
2179 2810 2410 2858 hostem.

1345 2891 1453 2951 Qui
1477 2905 1608 2956 ergo
1641 2886 1903 2938 sollicitus
1936 2895 2018 2934 est
2064 2882 2195 2948 quid
2226 2881 2418 2944 loqua-

1343 2974 1449 3023 tur,
1483 2962 1539 3011 in
1569 2976 1664 3010 sua
1689 2957 1949 3023 sapientia
1971 2963 2165 3021 sperat,
2199 2966 2319 3018 quae
2338 2959 2418 3000 est

1343 3033 1518 3099 prima
1545 3045 1700 3081 causa
1730 3028 1916 3078 ruinae.
1968 3028 2104 3074 Nam
2139 3022 2197 3071 in
2229 3034 2412 3098 perse-

1340 3102 1653 3153 cutionibus
1680 3099 1852 3149 virtus
1894 3095 1991 3146 Dei
2037 3109 2146 3143 non
2179 3090 2424 3155 requiri-

1340 3186 1447 3235 tur,
1471 3173 1578 3223 ¹nisi
1621 3168 1949 3237 praecesserit
1977 3165 2129 3216 fides.
2169 3181 2204 3209 ·»
2261 3161 2416 3211 Unde

1339 3256 1392 3297 et
1426 3245 1801 3308 Hieronymus
1844 3256 1861 3289 .·
1902 3258 1924 3282 α
1955 3237 2096 3287 Cum
2126 3247 2254 3299 ergo
2286 3247 2418 3297 pro-

1340 3327 1458 3384 pter
1484 3314 1765 3366 Christum
1811 3308 2064 3359 ducimur
2089 3304 2153 3353 ad
2187 3303 2408 3368 judices,

1336 3391 1669 3441 voluntatem
1748 3393 1960 3434 tantum
2026 3386 2264 3427 nostram
2316 3388 2417 3439 pro

1339 3460 1561 3512 Christo
1602 3457 1861 3507 debemus
1916 3450 2126 3501 offerre.
2162 3446 2413 3495 Ceterum

1339 3532 1454 3597 ipse
1482 3528 1752 3585 Clu-istm,
1775 3524 1871 3591 qui
1904 3523 1960 3572 in
1991 3517 2150 3569 nobis
2184 3513 2409 3591 habitat,

1336 3604 1589 3667 loquetur
1625 3614 1721 3663 pro
1757 3611 1831 3654 se,
1879 3603 1932 3643 et
1958 3588 2195 3655 Spiritus
2227 3586 2406 3660 Sancti

1337 3672 1393 3722 in
1437 3668 1812 3737 respondendo
1865 3662 2034 3730 gratia
2068 3652 2418 3708 ministrabi-

1336 3755 1515 3795 turm
1548 3743 1663 3791 haec
1709 3738 2103 3799 Hieronymus.
2155 3726 2253 3775 Per
2307 3720 2410 3771 hoc

1334 3826 1514 3867 tamen
1545 3829 1653 3863 non
1699 3806 1930 3861 intendit
1962 3797 2243 3852 excludere
2290 3806 2420 3873 me-

1333 3886 1649 3938 ditationem
1703 3871 2101 3946 respondendi,
2158 3877 2211 3917 et
2265 3878 2412 3915 mam

1331 3959 1648 4028 providendi
1677 3958 1744 4007 de
1770 3944 2139 4017 responsione,
2177 3938 2225 3990 si
2256 3948 2408 3988 tem-

2187 1528 2419 1575 Securus
2501 1530 2506 1537 ’
