2757 4413
385 293 488 348 526

982 285 1219 336 PRIMAE
1261 283 1511 335 PARTIS
1536 281 1773 334 CAPUT
1814 283 1992 336 LVIII.

1156 642 1496 715 ‚CAPUT
1554 588 1821 712 Lvm.

372 897 476 966 De
541 893 928 966 reversione
969 890 1477 984 Apostolorum
1514 915 1545 973 ;
1594 911 1677 960 ac
1716 887 2047 959 missione
2093 898 2162 957 et
2219 887 2626 960 reversione

803 1007 1249 1102 septuaginta
1289 1008 1593 1078 duorum
1646 1001 2178 1097 discipulorum.

699 1258 900 1321 Math.
932 1276 1068 1340 cap.
1125 1277 1148 1320 1
1170 1276 1225 1335 1,
1257 1255 1457 1319 Marc.
1489 1274 1622 1337 cap.
1660 1255 1698 1317 6
1728 1265 1788 1316 et
1814 1252 1972 1316 Luc.
2001 1272 2135 1335 cap.
2179 1271 2277 1315 10.

445 1538 464 1574 1
503 1523 772 1575 Aposrom
797 1536 1166 1574 neven-mures
1183 1535 1252 1570 An
1278 1533 1438 1570 mstm

373 1608 474 1644 uos
503 1609 709 1644 nocem
735 1610 874 1652 Quor>
905 1609 1033 1644 Posr
1073 1605 1435 1643 mammen-10-

372 1679 482 1714 mm
547 1679 998 1714 commem-riom
1057 1675 1437 1714 innuncssnnux

374 1750 478 1786 sir.
524 1762 585 1772 —
627 1736 707 1786 Et
735 1735 1096 1786 convenientes
1141 1733 1195 1784 id
1227 1741 1307 1783 est
1344 1747 1434 1782 re-

373 1814 636 1856 vertentes
673 1805 922 1872 Apostoli
959 1805 1025 1855 de
1062 1803 1436 1871 praedicatione

373 1876 450 1927 ad
474 1877 676 1939 Jesum,
708 1875 1082 1925 nuntiaverunt
1110 1874 1160 1924 ei
1188 1886 1306 1939 quae
1333 1872 1435 1924 do-

375 1953 598 2001 cuerant
647 1946 983 2013 praedicando
1004 1984 1020 2010 ,
1088 1955 1141 1996 et
1203 1943 1437 1995 fecerant

375 2018 631 2068 miracula
708 2016 975 2082 operando
1019 2054 1035 2077 ,
1093 2016 1435 2066 ostendentes

374 2088 522 2154 quod
549 2089 862 2138 mandatum
890 2087 1003 2152 ejus
1030 2086 1256 2137 fideliter
1293 2100 1437 2136 exse-

374 2159 484 2211 cuti
527 2159 762 2220 fuerunt,
807 2167 858 2209 et
903 2157 1099 2225 gratias
1145 2154 1434 2206 referentes

373 2247 537 2299 super
557 2232 647 2283 his
681 2246 803 2298 quae
831 2239 1163 2296 acceperunt.
1194 2229 1435 2280 Veniunt

374 2318 502 2371 ergo
529 2304 772 2370 Apostoli
791 2303 858 2353 ad
879 2303 1081 2363 Jesum,
1106 2301 1206 2353 rivi
1233 2304 1298 2352 ad
1321 2302 1438 2351 fon-

372 2384 504 2438 tem,
537 2376 612 2426 ad
640 2376 809 2426 locum
841 2374 976 2425 unde
997 2372 1435 2439 exeuntflumina

375 2452 745 2511 revertuntur,
795 2452 852 2496 ut
901 2446 1089 2496 iterum
1129 2445 1329 2511 fluant.
1371 2472 1437 2486 -—

375 2519 538 2572 Ibant
577 2519 835 2571 animalia
877 2519 944 2570 de
984 2519 1160 2586 quiete
1189 2527 1437 2569 contem-

374 2590 631 2656 plationis
679 2592 745 2640 ad
789 2590 1026 2640 laborem
1080 2588 1329 2653 actionis,
1388 2593 1439 2639 et

376 2663 776 2713 revertebantur
828 2660 1022 2711 iterum
1077 2659 1142 2709 ad
1201 2659 1437 2725 quietem

377 2731 867 2798 contemplationis,
933 2731 999 2781 Et
1063 2729 1437 2795 compatiendo

377 2800 458 2851 eis
501 2801 566 2852 de
613 2801 886 2852 laboribus
920 2799 1064 2859 suis,
1114 2798 1268 2849 duxit
1324 2814 1436 2859 εοε,

379 2883 617 2921 seorsum
647 2871 699 2921 in
723 2872 991 2922 desertum
1021 2869 1208 2931 locum,
1229 2878 1291 2919 ut
1316 2880 1438 2930 post

375 2940 618 2991 laborem
663 2939 995 3006 quiescerent
1028 2938 1301 3003 pusillum,
1347 2955 1439 2990 se·-

377 3012 579 3077 gregati
605 3028 637 3062 a
665 3011 902 3061 tumultu
931 3009 1270 3077 populorum,
1299 3019 1353 3061 et
1377 3020 1440 3061 ut

377 3097 437 3134 se
494 3082 804 3149 colligerent
850 3083 909 3134 in
966 3080 1240 3143 oratione,
1299 3081 1440 3133 sicut

377 3152 609 3220 dispersi
659 3152 870 3203 fuerant
925 3152 983 3203 in
1029 3151 1433 3218 praedicatione3

377 3239 476 3277 nec
516 3225 653 3277 enim
699 3225 929 3291 spatium
966 3223 1154 3275 edendi
1179 3223 1441 3273 habebant

378 3310 491 3363 prae
524 3295 697 3346 turbis
728 3311 847 3362 quae
883 3294 1167 3346 veniebant
1205 3302 1257 3343 et
1292 3293 1439 3343 redi-

378 3366 529 3417 bant.
575 3366 723 3417 Unde
764 3366 916 3416 Beda
953 3383 971 3417 .·
1021 3385 1045 3412 ι
1094 3364 1202 3416 Ubi
1245 3379 1441 3430 magna

377 3440 637 3507 temporis
679 3439 828 3489 illius
870 3438 1110 3498 felicitas,
1152 3440 1218 3488 de
1259 3438 1440 3489 labore

377 3510 684 3563 docentium
712 3510 877 3560 simul
900 3520 952 3560 et
974 3507 1313 3570 discentium,
1333 3517 1441 3558 stu-

378 3582 472 3633 dio
521 3582 943 3640 demonstratur,
980 3594 1101 3645 quae
1136 3577 1345 3629 utinam
1382 3578 1438 3628 in

380 3663 569 3705 nostro
595 3668 708 3704 aevo
742 3650 956 3711 rediret,
985 3659 1046 3700 ut
1089 3658 1233 3701 tanta
1263 3648 1437 3700 mini-

378 3726 505 3778 stris
525 3726 674 3777 verbi
705 3723 1019 3791 frequentia,
1042 3721 1286 3773 fidelium
1311 3721 1439 3773 insi-

375 3807 483 3849 stat
526 3798 852 3858 auditorum,
895 3811 1018 3862 quae
1068 3809 1168 3846 nec
1203 3794 1436 3845 liberum

375 3870 456 3921 eis
492 3872 713 3923 curandi
757 3870 995 3936 corporis
1033 3867 1265 3936 spatium
1298 3883 1437 3918 con-

379 3943 567 3994 cedat!
596 3945 733 3995 Nam
768 3942 971 4009 quibus
1007 3939 1305 3993 necessaria
1334 3954 1437 3991 cu-

1546 1515 1700 1567 randi
1720 1514 1959 1582 corporis
1991 1515 2124 1566 hora
2152 1524 2394 1582 negatur,
2433 1530 2624 1582 quan-

1547 1589 1789 1640 tominus
1872 1588 2137 1640 illecebris
2225 1589 2424 1640 animae
2500 1605 2622 1641 suae

1546 1663 1827 1730 carnisque
1880 1662 2117 1719 studenti
2164 1661 2386 1712 facultas
2425 1662 2620 1728 adest;

1546 1731 1681 1798 quin
1710 1732 1892 1797 potius
1926 1747 1957 1782 a
1979 1732 2180 1799 quibus
2203 1732 2428 1783 verbum
2467 1731 2625 1793 fidei,

1546 1811 1599 1853 et
1645 1803 1875 1852 salutare
1920 1802 2240 1868 mysterium
2294 1811 2623 1868 opportune,

1546 1874 1852 1939 importune
1878 1873 2124 1940 exigitur,
2164 1876 2360 1925 horum
2395 1873 2626 1926 animus

1545 1954 1934 2011 consequenter
1975 1945 2040 1994 ad
2073 1945 2275 2010 agenda
2311 1958 2533 2010 semper
2566 1954 2624 1995 et

1545 2013 1822 2080 cogitanda
1861 2013 2096 2066 coelestia
2136 2014 2501 2077 succenditur,
2551 2030 2625 2066 ne

1544 2100 1605 2136 ea
1631 2086 1751 2152 quae
1780 2085 1956 2136 verbis
1993 2086 2201 2149 docent,
2231 2085 2387 2136 factis
2424 2084 2623 2151 impu-

1544 2167 1740 2225 gnent:
1769 2177 1798 2208 ν»
1829 2159 1941 2211 haec
1970 2159 2141 2210 Beda.
2172 2159 2394 2226 Mystice
2408 2167 2622 2222 autem,

1543 2233 1842 2284 secundum
1892 2234 2319 2303 Hieronymum,
2363 2248 2621 2285 seorsum

1545 2304 1693 2355 ducit
1717 2304 1987 2355 Dominus
2009 2320 2149 2370 quos
2175 2304 2353 2370 elegit,
2381 2313 2445 2353 ut
2471 2303 2624 2355 inter

1546 2377 1718 2427 malos
1746 2376 1984 2427 viventes
2015 2376 2155 2425 mala
2178 2390 2286 2425 non
2310 2374 2624 2426 intendant.

1549 2451 1615 2501 Et
1657 2450 1791 2500 bene
1821 2448 2034 2509 dicitur,
2058 2458 2120 2498 ut
2149 2447 2480 2515 quiescerent
2500 2462 2625 2514 pu-

1549 2520 1745 2582 sillum,
1777 2519 1906 2585 quia
1935 2518 2129 2584 pusilla
2161 2516 2377 2583 requies
2407 2526 2491 2567 est
2523 2517 2627 2567 hic

1548 2589 1772 2650 Sanctis,
1815 2589 1964 2641 labor
2008 2597 2187 2639 autem
2219 2602 2484 2653 magnus3
2518 2588 2623 2637 sed

1549 2670 1731 2728 postea
1771 2659 1975 2709 dicetur
2011 2659 2126 2710 eis:
2166 2659 2238 2709 Ut
2276 2658 2624 2723 requiescant

1547 2745 1584 2782 a
1612 2731 1882 2781 laboribus
1926 2729 2042 2780 suis
2058 2746 2079 2792 ;
2123 2742 2289 2794 opera
2317 2728 2456 2779 enim
2483 2728 2624 2779 illo-

1549 2817 1667 2852 rum
1691 2847 1694 2848 γ
1718 2806 2007 2867 sequuntur
2060 2800 2203 2851 illos.
2269 2798 2426 2851 Unde
2482 2798 2626 2849 dicit

1551 2874 1871 2940 GregoriuS,
1908 2873 2055 2940 quod
2087 2881 2236 2923 tanto
2277 2881 2404 2931 tunc
2441 2870 2628 2936 major

1549 2943 1761 3009 requies
1783 2942 1902 3003 erit,
1930 2951 2136 3008 quanto
2165 2941 2328 2992 modo
2355 2940 2425 2991 ob
2456 2955 2629 2991 amo-

1548 3029 1663 3063 rem
1712 3012 2006 3064 conditoris
2042 3011 2147 3076 sui,
2195 3010 2411 3078 requies
2465 3010 2628 3061 nulla

1549 3083 1727 3135 fuerit.
1749 3084 1815 3134 Et
1842 3098 1872 3134 e
1894 3092 2080 3134 contra
2103 3082 2362 3147 intellige,
2384 3096 2418 3131 o
2439 3080 2625 3147 piger,

1549 3153 1693 3221 quod
1722 3162 1868 3204 tanto
1897 3152 2233 3204 tuncminor
2251 3150 2464 3218 requies
2491 3150 2625 3214 erit,

1549 3237 1753 3293 quanto
1808 3241 1956 3277 nunc
2022 3226 2093 3276 ob
2146 3239 2384 3275 amorem
2438 3222 2627 3274 carnis

1550 3299 1762 3365 requies
1816 3299 1987 3365 major
2031 3296 2211 3348 fuerit.
2265 3297 2331 3347 Et
2383 3294 2505 3346 ideo
2554 3303 2626 3345 ut

1549 3378 1678 3419 tunc
1706 3366 2133 3434 gaudere'possis
2159 3364 2441 3416 dulcedine
2466 3363 2626 3430 quie·

1550 3439 1637 3502 tis,
1692 3456 1801 3491 non
1853 3441 2142 3491 abhorreas
2196 3452 2342 3489 nunc
2399 3445 2625 3502 gustare

1546 3513 1961 3564 amaritudinem
2034 3511 2233 3563 laboris
2253 3550 2268 3574 ,
2325 3508 2622 3561 attendens

1546 3585 1707 3635 verba
1746 3583 1925 3636 Boetii
1951 3583 2179 3635 dicentis
2204 3599 2221 3633 ε

1609 3726 1841 3779 Dulcior
1869 3731 1951 3777 est
1976 3725 2158 3793 apium
2197 3736 2357 3789 mage
2384 3721 2562 3786 labor,

1607 3800 1676 3851 Si
1701 3799 1877 3850 malus
1901 3813 2002 3849 ora
2028 3797 2190 3864 prius
2217 3809 2383 3861 sapor
2410 3794 2558 3845 edat.

1547 3941 1833 4003 Quiescere
1863 3955 1990 4008 ergo
2012 3938 2137 3991 facit
2165 3936 2417 3990 Christus
2438 3934 2616 3988 disci-
