2757 4413
338 301 445 354 668

341 425 499 475 ma10.
522 425 662 475 Cum
694 424 840 475 enim
866 425 976 474 sint
1007 423 1207 474 infiniti
1238 434 1290 474 et
1314 424 1408 474 in-

335 498 713 561 numerabileS‚
732 514 922 549 omnes
936 509 1113 549 tamen
1132 498 1188 548 in
1209 513 1273 548 eo
1287 515 1410 548 con-

331 571 576 629 cordant,
620 570 764 635 quod
797 569 935 618 nihil
967 568 1072 618 nisi
1101 568 1409 620 malefacere

335 638 659 689 desiderant.
693 641 758 689 Et
783 639 995 690 utinam
1036 638 1115 689 sic
1154 640 1408 690 homines

337 709 395 759 in
428 711 571 760 bono
600 713 1001 771 concordarent,
1029 722 1081 762 et
1108 712 1171 761 ad
1188 711 1407 762 facien-

335 781 471 830 dum
515 782 717 832 bonum
763 798 822 832 se
859 792 1052 832 mutuo
1075 782 1404 832 animarent!

340 851 547 902 Deinde
590 854 776 918 probat
826 853 969 904 idem
1025 855 1127 903 hoc
1178 854 1411 904 secunda

333 924 562 984 ratione,
598 941 719 990 quae
742 926 863 975 talis
888 937 983 976 est.
1013 926 1272 991 Ejusdem
1303 942 1409 991 po-

335 995 546 1045 testatis
594 1007 674 1046 est
719 997 907 1062 ejectio
954 998 1268 1048 daemonum
1313 1013 1410 1063 per

338 1082 429 1116 me
464 1077 517 1117 et
564 1084 659 1133 per
697 1069 841 1119 filios
891 1081 1114 1129 vestroS,
1164 1071 1256 1119 sed
1306 1069 1406 1132 illi,

335 1139 635 1188 secundum
654 1155 769 1199 vos,
802 1157 912 1190 non
941 1141 1159 1205 ejiciunt
1198 1141 1408 1190 daemo-

331 1207 429 1258 nia
464 1208 520 1257 in
547 1209 790 1275 principe
834 1212 1248 1271 daemoniorum,
1277 1226 1406 1276 ergo

335 1294 436 1328 nec
477 1295 593 1345 eg0.
643 1281 795 1331 Unde
842 1283 1009 1332 dicit.
1041 1285 1194 1334 Etsi
1221 1297 1324 1349 ego
1353 1285 1407 1334 in

338 1350 651 1418 Beelzebub,
687 1352 739 1401 id
779 1363 863 1402 est
906 1354 1215 1404 auctoritate
1253 1355 1411 1421 prin-

331 1423 469 1489 cipis
496 1425 906 1487 daemoniorum,
948 1427 1103 1488 ejicio
1145 1428 1413 1479 daemonia

333 1509 369 1544 a
418 1496 733 1561 corporibus
773 1498 1029 1559 obsessiS,
1075 1499 1179 1559 filii
1223 1499 1410 1562 vestri,

336 1565 396 1614 id
437 1577 518 1616 est
549 1568 845 1631 exorcistae,
879 1571 1181 1620 Secundum
1209 1571 1414 1621 Bedam

341 1646 396 1687 et
442 1639 745 1703 Rabanum,
799 1641 885 1691 vel
934 1642 1181 1707 Apostoli
1224 1642 1290 1692 de
1332 1642 1415 1692 eis

334 1710 478 1770 nati,
566 1713 863 1763 secundum
925 1715 1288 1780 Augustinum
1365 1724 1418 1764 et

340 1781 754 1847 Hieronymum,
785 1782 839 1833 in
871 1800 989 1849 quo,
1025 1785 1079 1834 id
1105 1785 1263 1835 estin
1309 1800 1416 1851 qua

335 1863 617 1917 potestate,
670 1854 889 1921 ejiciunt
920 1855 953 1905 P
1003 1857 1170 1915 Quasi
1215 1856 1355 1907 dicat
1399 1874 1412 1906 ε

334 1925 480 1974 Cum
507 1941 616 1974 non
648 1926 865 1990 possitis
891 1929 1182 1979 attribuere
1208 1929 1417 1993 ejectio-

335 2010 471 2044 nem
513 2012 611 2062 per
644 1997 785 2047 filios
828 2010 1035 2049 vestros
1065 1999 1276 2059 factam,
1308 2000 1414 2050 nisi

332 2066 524 2118 virtuti
566 2069 782 2130 divinat,
813 2087 907 2137 per
943 2087 1279 2138 consequens
1320 2088 1415 2122 nec

332 2137 646 2202 ejectionem
670 2140 862 2192 factam
890 2159 982 2209 per
1007 2159 1111 2193 me.
1142 2143 1272 2193 Ideo
1305 2143 1414 2209 ipsi

325 2209 542 2276 judices
565 2214 733 2263 vestri
757 2222 930 2278 erunt,
965 2215 1169 2265 scilicet
1199 2215 1413 2265 exorci-

333 2291 452 2342 Stae‚
490 2298 586 2332 vos
632 2285 1053 2336 condemnantes
1090 2289 1158 2336 de
1185 2287 1413 2336 menda-

334 2353 421 2404 cio
449 2355 594 2420 quod
636 2355 814 2407 dicitis
841 2368 1026 2408 contra
1068 2374 1175 2418 me,
1202 2357 1332 2423 quia
1362 2355 1411 2405 si

333 2427 397 2477 in
418 2427 616 2478 virtute
638 2430 735 2479 Dei
756 2430 997 2495 ejiciunt,
1017 2431 1189 2480 multo
1214 2432 1335 2495 plus
1358 2440 1413 2480 et

340 2514 455 2565 egO,
509 2500 663 2565 cujus
710 2502 1020 2566 oppositum
1085 2501 1413 2551 mendaciter

331 2568 631 2630 affirmatiS,
658 2571 761 2621 hoc
787 2572 1023 2621 daernoni
1045 2572 1409 2622 attribuendo,

339 2641 456 2700 Vel,
488 2642 734 2706 Apostoli
777 2642 844 2691 de
889 2658 1079 2693 eorum
1117 2643 1289 2708 stirpe
1318 2659 1413 2708 ge-

333 2709 457 2770 niti,
488 2711 584 2777 qui
633 2711 738 2761 sibi
783 2712 920 2761 bene
946 2712 1145 2762 conscii
1176 2723 1305 2762 sunt
1331 2714 1412 2762 nil

336 2781 491 2830 malae
565 2783 694 2834 artis
751 2799 782 2833 a
848 2784 1068 2835 Christo
1127 2784 1408 2846 didicisse,

332 2862 495 2901 crunt
524 2852 729 2917 judices
757 2871 950 2905 eorum
981 2855 1038 2904 in
1061 2855 1261 2916 futurO,
1289 2857 1407 2906 Sci-

336 2923 458 2972 licet
484 2927 784 2977 assessione
815 2938 868 2978 et
901 2928 1292 2998 approbatione
1321 2930 1409 2994 ju-

334 2992 497 3055 dicii3
544 2995 673 3059 quia
729 2999 979 3048 sedebunt
1041 3014 1200 3066 super
1254 3001 1409 3051 sedes

335 3062 616 3114 duodecim
649 3066 962 3132 judicantes
988 3069 1267 3120 duodecim
1305 3071 1409 3120 tri-

335 3133 438 3183 bus
482 3135 677 3186 Israel.
733 3138 939 3189 Deinde
991 3139 1123 3189 elisa
1179 3140 1408 3191 falsitate

336 3205 728 3258 Pharisaeorum
746 3247 759 3272 ,
828 3210 1022 3261 astruit
1084 3212 1405 3263 veritatem'
1392 3250 1407 3276 ‚

331 3274 461 3341 quia
488 3292 551 3327 ex
575 3293 685 3357 quo
718 3296 830 3329 non
865 3281 1010 3346 ejicit
1043 3282 1241 3334 virtute
1284 3283 1408 3334 dia-

333 3345 464 3406 boli,
519 3349 766 3413 sequitur
811 3351 960 3416 quod
1011 3352 1155 3418 ejicit
1204 3354 1404 3405 virtute

331 3416 454 3477 -Dei,
484 3434 607 3468 curn
648 3420 793 3469 ahiud
823 3422 1063 3472 medium
1092 3440 1200 3474 non
1235 3426 1407 3492 possit

333 3491 469 3541 dari.
503 3492 645 3541 Dicit
663 3508 834 3559 ergo:
863 3495 943 3557 Si,
978 3495 1031 3545 id
1066 3507 1149 3547 est
1169 3499 1316 3564 quia,
1345 3500 1404 3549 in

333 3562 554 3626 Spiritu
595 3564 701 3620 vel,
732 3574 793 3613 ut
818 3564 895 3614 ait
925 3565 1111 3626 LucaS,
1142 3568 1195 3618 in
1226 3570 1404 3635 digito

337 3634 442 3683 Dei
470 3635 624 3701 ejicio
651 3636 933 3700 daemonia,
977 3649 1030 3689 et
1073 3639 1151 3689 sic
1189 3644 1403 3708 expello

331 3721 560 3772 regnum
602 3709 824 3773 diaboli,
873 3721 933 3761 ut
974 3715 1288 3764 conclusum
1322 3727 1405 3766 est

331 3791 398 3826 ex
449 3781 730 3843 praedictiS‚
782 3798 910 3832 cum
959 3783 1205 3848 expulsio
1238 3786 1402 3837 unius

259 3857 263 3861 ·
331 3849 585 3899 contrarii
632 3851 714 3901 sit
767 3852 1094 3904 introductio
1158 3856 1398 3919 alterius,
1442 3893 1445 3914 2

329 3922 578 3985 profecto
622 3928 870 3990 pervenit
913 3928 973 3978 in
1027 3943 1123 3980 vos
1171 3945 1401 3996 regnum
1440 3935 1446 3950 ’

915 303 1158 355 PRIMAE
1185 304 1436 355 PARTIS
1469 304 1703 357 CAPUT
1732 305 1961 356 LXXIII.

1516 424 1636 487 Dei,
1683 423 1737 473 id
1767 434 1848 474 est
1884 440 1984 490 ego
2012 424 2261 475 Christus
2297 425 2391 490 qui
2442 424 2596 476 Deus

1515 497 1686 546 debeo
1708 512 1934 562 regnare
1967 496 2024 546 in
2055 497 2230 557 vobiS‚
2261 512 2429 563 quare
2457 512 2595 563 ergo

1514 585 1605 618 me
1630 568 2047 634 blasphematis?
2074 570 2191 630 Vel,
2213 585 2443 635 regnum
2464 569 2596 631 Dei,

1514 641 1570 690 id
1595 652 1677 691 est
1701 652 1914 707 tempus
1938 642 2139 708 gratiae‚
2174 643 2239 692 ad
2265 643 2599 693 merendum

1513 728 1743 779 regnum
1774 714 1976 779 gloriae,
1996 714 2143 779 quod
2163 713 2319 763 vobis
2346 712 2599 773 offertur,

1515 784 1646 833 dum
1677 799 1770 849 per
1804 785 1962 834 verba
1992 784 2231 833 veritatis
2253 793 2305 833 et
2331 783 2605 834 miracula

1518 853 1795 919 potestatis
1823 854 2156 918 praedicatur.
2199 855 2314 914 Vel,
2339 854 2605 919 pervenit

1517 925 1569 974 in
1622 939 1718 975 vos
1756 939 1984 989 regnum
2012 925 2135 987 Dei,
2186 924 2243 973 id
2278 934 2363 973 est
2413 923 2605 974 aditus

1517 996 1668 1062 regni
1713 999 1970 1047 coelorum
1998 997 2289 1062 patefactus
2326 1006 2409 1047 est
2436 996 2606 1047 vobis

1517 1077 1571 1116 et
1601 1067 1960 1117 credent-ibuS.

1577 1154 1611 1205 9
1636 1139 1778 1198 lrnu,
1794 1153 2021 1188 niemez
2036 1153 2282 1197 antone,
2302 1152 2521 1186 nonu·
2540 1151 2604 1186 aa:

1515 1225 1619 1258 nou
1649 1225 1769 1259 ussa
1798 1225 2007 1259 outoni
2047 1223 2356 1258 umis-raim.
2382 1236 2446 1246 —-
2474 1208 2608 1257 Pro-

1516 1281 1639 1330 bato
1661 1295 1788 1345 ergo
1811 1281 1955 1345 quod
1975 1280 2187 1329 daemon
2207 1294 2316 1327 non
2344 1287 2432 1327 est
2450 1287 2608 1328 actor

1517 1351 1782 1410 miraculi,
1813 1351 2006 1402 deinde
2044 1352 2437 1416 'consequenter
2467 1366 2608 1416 pro-

1518 1424 1608 1473 bat
1628 1423 1879 1474 Christus
1896 1423 2283 1488 multipliciter,
2309 1423 2458 1488 quod
2485 1422 2610 1487 ipse

1519 1513 1629 1546 non
1663 1506 1744 1546 est
1779 1496 2027 1546 minister
2057 1495 2278 1554 diaboli,
2323 1505 2377 1544 et
2420 1495 2608 1560 prima

1520 1568 1656 1618 ratio
1683 1567 1806 1618 talis
1829 1576 1944 1617 est:
1975 1566 2224 1616 Minister
2256 1581 2366 1614 non
2397 1576 2484 1614 est
2510 1580 2606 1631 po-

1520 1639 1721 1689 tentior
1744 1648 1939 1699 actore,
1977 1638 2071 1688 sed
2114 1636 2367 1687 Christus
2396 1646 2605 1701 poten-

1524 1710 1628 1761 tior
1671 1720 1751 1761 est
1790 1709 2027 1769 diabole,
2055 1724 2180 1774 ergo
2210 1706 2465 1758 Christus
2491 1723 2607 1756 non

1522 1794 1604 1835 est
1648 1783 1901 1832 minister
1948 1780 2172 1831 diaboli.
2235 1780 2350 1829 Hoc
2412 1789 2605 1829 autem

1521 1856 1756 1907 ostendit
1807 1856 1885 1905 sic
1928 1872 1944 1905 z
2013 1855 2137 1904 Non
2198 1853 2347 1903 enim
2417 1858 2606 1916 potest

1521 1930 1802 1997 quisquam
1855 1930 2066 1979 intrare
2110 1927 2164 1976 in
2216 1926 2429 1976 domum
2460 1925 2608 1989 sor-

1521 2004 1609 2066 tis,
1643 2004 1882 2052 domum
1913 2014 2064 2050 suam
2114 1995 2497 2056 custodientis,
2552 2003 2611 2047 et

1522 2077 1658 2127 bona
1682 2077 1797 2140 ejus
1837 2073 2091 2140 diripere,
2122 2070 2232 2121 nisi
2259 2069 2438 2136 prim,
2471 2079 2609 2118 tan-

1520 2162 1682 2213 quam
1716 2145 1925 2205 fortior,
1961 2140 2280 2210 alligaverit
2305 2140 2521 2204 sortem
2551 2147 2607 2191 et

1522 2228 1644 2271 tunc
1667 2237 1731 2271 eo
1760 2219 1903 2269 victo
1942 2218 2152 2268 domum
2181 2227 2235 2266 et
2256 2230 2402 2272 vasa,
2448 2230 2608 2266 arma

1519 2302 1570 2342 et
1614 2291 1787 2357 spolia
1829 2290 1975 2340 illius
2006 2288 2245 2354 diripiet,
2291 2285 2520 2346 auferet,
2553 2297 2608 2338 et

1517 2364 1821 2414 distribuet.
1851 2361 2110 2412 Diabolus
2139 2358 2295 2409 fortis
2322 2369 2405 2408 est
2438 2358 2608 2409 forti-

1519 2437 1711 2488 tudine
1765 2434 2093 2485 naturalium
2159 2433 2471 2489 bonorum,
2535 2432 2608 2482 de

1518 2525 1628 2575 quo
1675 2505 1966 2557 scribitur
1954 2521 2011 2554 in
2039 2505 2158 2563 Job,
2189 2502 2335 2569 quod
2365 2517 2471 2551 non
2518 2509 2608 2553 est

1509 2585 1758 2644 potestas
1780 2591 1940 2643 super
1966 2581 2076 2626 terr
2078 2589 2184 2635 am,
2215 2587 2334 2639 quae
2360 2571 2416 2621 ei
2444 2586 2607 2622 com-

1516 2656 1759 2714 paretur.
1789 2676 1848 2685 —
1868 2649 2041 2697 Arma
2086 2645 2204 2710 ejus
2229 2652 2353 2692 sunt
2381 2643 2607 2695 astutiae

1516 2730 1568 2770 et
1600 2719 1713 2769 doli
1734 2717 2103 2783 nequitiarum
2128 2713 2521 2782 spiritualium,
2549 2726 2607 2766 et

1514 2805 1704 2840 omnes
1741 2788 1948 2855 species
1988 2795 2356 2853 peccatorum;
2403 2784 2609 2836 domus

1515 2871 1568 2910 et
1600 2861 1798 2910 atrium
1835 2859 1955 2923 ejus
1994 2868 2077 2908 est
2119 2855 2354 2906 mundus
2397 2854 2451 2903 in
2483 2871 2605 2921 quo

1518 2931 1920 2997 principabatur
1962 2943 2136 2995 usque
2189 2926 2255 2975 ad
2300 2925 2606 2976 Salvatoris

1516 3004 1838 3066 adventum3
1869 3014 2003 3051 vasa
2027 3009 2081 3050 et
2106 2997 2279 3064 spolia
2314 2996 2430 3059 ejus
2465 3006 2606 3047 sunt

1515 3074 1768 3124 homines
1813 3070 2020 3122 obsessi
2063 3071 2148 3119 vel
2177 3065 2379 3149 decepti
2411 3081 2441 3115 a
2470 3065 2604 3117 dia-

1515 3146 1658 3196 bolo.
1681 3146 1801 3204 Quo
1826 3142 2159 3195 custodiente
2175 3139 2371 3190 atrium
2402 3153 2600 3199 Suum,

1511 3218 1571 3268 in
1597 3234 1706 3286 quo
1739 3218 1878 3267 Sicut
1917 3217 1976 3267 in
2007 3217 2170 3265 domo
2198 3211 2496 3274 habitabat,
2536 3211 2601 3261 in

1508 3306 1636 3357 pace
1655 3291 1876 3341 fuerunt
1903 3288 2087 3339 omnia
2118 3302 2231 3346 sua,
2267 3282 2397 3350 quia
2426 3298 2600 3334 nemo

1510 3362 1614 3412 sibi
1662 3361 1959 3420 resistebat,
2002 3368 2055 3409 et
2099 3358 2290 3415 adhuc,
2340 3353 2395 3403 in
2448 3369 2601 3419 pace

1513 3438 1652 3494 sunt,
1698 3433 1762 3481 ad
1789 3447 1932 3491 eum,
1954 3429 2135 3480 omnia
2169 3440 2288 3493 quae
2320 3425 2596 3510 possidet,

1508 3506 1564 3555 id
1595 3515 1674 3556 est
1702 3520 1892 3555 omnes
1930 3512 2226 3570 peccatores
2256 3499 2349 3565 qui
2384 3497 2434 3547 ei
2466 3499 2601 3550 obe·

1509 3577 1668 3627 diunt
1723 3586 1775 3626 et
1830 3574 2042 3637 favent,
2094 3572 2240 3638 quia,
2280 3569 2600 3619 secundum

1502 3647 1857 3711 *Gr-egerium,
1901 3646 2024 3695 illos
2074 3644 2282 3709 pulsare
2334 3640 2594 3706 negligit,

1509 3735 1647 3785 quos
1676 3717 1994 3785 quietojure
2014 3714 2284 3782 possidere
2312 3728 2369 3762 se
2399 3713 2596 3764 sentit.

1509 3789 1615 3839 Sed
1632 3789 1845 3871 sortior
1867 3804 1945 3852 e0,
1979 3787 2176 3838 Scilicet
2200 3784 2478 3842 ChristuS,
2506 3799 2595 3835 su-

1497 3860 1832 3925 perveniens,
1878 3860 1933 3909 id
1970 3869 2052 3910 est
2081 3860 2310 3921 desuper
2352 3855 2420 3904 de
2450 3856 2597 3905 coelo

1506 3930 1755 3994 venienS,
1798 3931 1931 3984 vicit
1979 3945 2095 3982 eum
2110 3968 2128 3994 ,
2190 3926 2601 3979 tentationibus
