2757 4413
952 312 1048 363 DE
1080 312 1405 364 PASTORE
1434 314 1683 368 OVIL'M.

196 429 437 480 ctionem
486 436 736 494 operante
759 466 772 486 ,
824 437 877 478 et
924 427 1044 477 ideo
1099 426 1269 494 decipi

198 519 310 554 non
374 513 647 569 possunt;
721 501 980 554 beneficia
1052 518 1270 569 quoque

195 575 315 641 ejus
364 573 651 624 manifeste
711 583 1056 641 cognoscunt.
1128 572 1267 623 Boni

198 663 328 715 ergo
371 647 605 714 pastoris
657 646 876 713 signum
915 646 1153 712 primum
1192 656 1272 697 est

197 729 392 769 mutua
448 717 687 784 cognitio
755 717 925 784 ipsius
979 727 1030 767 et
1088 716 1271 769 ovium

198 806 425 843 suarum
445 805 460 853 3
520 791 666 856 quod
713 788 958 855 provenit
1013 805 1078 840 ex
1134 790 1269 853 hoc,

198 863 330 930 quia
365 871 550 928 pastor
596 860 905 927 frequenter
944 871 996 912 et
1040 860 1272 911 sollicite

199 954 328 989 oves
357 952 485 988 suas
512 936 710 1001 visitat,
740 946 791 987 et
828 936 903 987 sic
932 936 1271 1002 particulari-

197 1019 282 1061 ter
318 1008 603 1075 cognoscit
643 1023 750 1069 eas‚
780 1017 834 1058 et
869 1007 1273 1059 individualiter

199 1090 254 1131 et
311 1080 658 1131 conditiones
702 1095 906 1142 earum,
956 1096 1015 1131 ac
1060 1080 1237 1147 diligit
1249 1095 1269 1143 3

199 1160 253 1202 et
303 1166 433 1201 oves
475 1166 540 1201 ex
576 1150 839 1217 frequenti
885 1151 1270 1218 imaginatione

201 1223 477 1275 beneficiis
511 1224 738 1290 pastoris
763 1225 943 1291 ipsum
970 1225 1273 1284 attendunt,

201 1304 254 1345 et
286 1293 594 1359 specialiter
629 1304 1044 1361 recognoscunt,
1091 1310 1151 1345 ac
1186 1293 1275 1343 di-

201 1366 397 1433 ligunt.
441 1366 529 1417 Sic
576 1377 753 1418 autem
809 1378 890 1418 est
943 1369 1008 1418 de
1054 1367 1275 1418 Christo

202 1446 255 1488 et
281 1452 411 1487 vere
443 1436 708 1498 fidelibus,
729 1447 780 1488 et
814 1453 940 1505 ergo
978 1448 1060 1489 est
1098 1448 1277 1504 pastor

204 1509 389 1558 bonus
430 1517 483 1558 et
531 1523 708 1560 verus,
753 1537 814 1547 —
858 1510 1163 1560 Secundum
1209 1509 1277 1559 si·

201 1594 379 1645 gnum
433 1579 563 1628 boni
629 1589 681 1630 et
747 1580 857 1630 veri
909 1579 1140 1646 pastoris
1198 1589 1277 1630 est

201 1651 418 1702 affectio
469 1666 634 1717 quam
698 1652 934 1703 ostendit
990 1652 1055 1702 ad
1115 1667 1276 1711 oves,

202 1736 330 1789 quae
371 1732 480 1771 non
526 1731 699 1788 potest
740 1737 857 1773 esse
898 1722 1068 1789 major
1111 1738 1277 1789 quam

204 1808 264 1843 se
323 1807 591 1858 exponere
634 1809 730 1859 pro
780 1793 1007 1857 ovibus3
1047 1793 1131 1844 sic
1176 1810 1279 1844 au-

204 1874 319 1917 tem
348 1874 432 1916 est
471 1866 537 1915 de
578 1865 795 1916 Christo
832 1875 885 1916 et
922 1865 1193 1926 fidelibus,
1225 1876 1280 1916 et

205 1938 330 1989 ideo
377 1937 566 1988 subdit
621 1954 635 1988 ε
680 1938 758 1988 Et
808 1939 1046 1990 animam
1107 1953 1278 1990 meam

198 2023 346 2075 pono
378 2023 490 2074 pro
531 2008 718 2058 ovibus
761 2008 891 2058 meis
903 2026 923 2073 ‚·
958 2009 1089 2059 solis
1130 2010 1278 2060 enim

209 2078 409 2129 ovibus
441 2078 649 2129 Christi
679 2078 890 2145 proficit
931 2078 1112 2129 Passio
1148 2080 1281 2145 ejus.

213 2149 371 2201 Unde
422 2150 624 2199 Petrus
668 2150 957 2200 Ravenna-r
997 2167 1016 2202 .·
1066 2167 1095 2196 «
1151 2151 1285 2201 Ecce

212 2233 401 2289 pastor
457 2224 634 2274 bonus
682 2223 922 2274 animam
984 2238 1138 2274 suam
1188 2240 1285 2290 pro

212 2294 409 2345 ovibus
446 2295 564 2345 suis
607 2295 713 2354 dat,
748 2294 892 2361 quod
930 2294 1121 2361 utique
1159 2294 1286 2344 facit

211 2365 292 2416 vis
335 2365 575 2426 amoris,
620 2366 748 2432 quia
799 2365 878 2415 nil
923 2365 1156 2425 durum,
1209 2365 1284 2414 nil

210 2452 457 2489 amarum
481 2475 496 2501 ‚
556 2437 633 2487 nil
710 2452 869 2504 grave
896 2475 911 2499 ,
985 2437 1062 2487 nil
1131 2437 1288 2487 letale

210 2517 492 2575 computat
531 2523 681 2559 amor
719 2525 895 2560 verus.
933 2509 1093 2570 Quod
1135 2507 1285 2559 enim

213 2579 450 2640 ferrum,
508 2595 630 2646 quae
679 2580 927 2644 vulnera,
984 2594 1106 2647 quae
1171 2596 1288 2645 poe·

215 2667 281 2702 na
306 2689 326 2716 ,
381 2665 503 2717 quae
560 2661 759 2701 mortes
804 2667 1045 2703 amorem
1088 2665 1289 2717 praeva-

217 2726 328 2776 lent
396 2739 646 2790 superare
707 2724 1053 2791 perfectum?
1122 2725 1291 2775 Amor

218 2805 299 2847 est
353 2795 784 2861 impenetrabilis
842 2795 1035 2855 lorica,
1089 2793 1293 2860 respuit

221 2866 417 2932 jacula,
461 2865 685 2916 insultat
735 2864 1008 2931 periculis,
1063 2876 1292 2915 mortem

225 2938 368 2988 ridet
428 2953 441 2987 z
512 2957 535 2983 ι
588 2937 702 2988 haec
749 2937 966 2987 Petrus,
1011 2935 1115 2985 Sed
1170 2951 1293 2985 cum

227 3009 399 3061 homo
453 3009 646 3060 habeat
696 3010 828 3070 tria,
889 3007 1143 3058 scilicet:
1190 3022 1294 3067 res,

228 3080 570 3147 propinquos
597 3118 612 3143 ,
684 3090 737 3131 et
805 3093 1085 3146 personam
1165 3093 1297 3145 pro-

230 3156 424 3222 priam,
473 3153 574 3204 ista
627 3153 728 3204 tria
786 3169 883 3220 pro
933 3151 1127 3204 ovibus
1173 3161 1299 3202 sunt

229 3228 501 3295 ponenda.
550 3228 659 3277 Sua
714 3236 892 3276 autem
949 3241 1046 3292 pro
1104 3224 1299 3276 ovibus

231 3318 345 3352 non
402 3310 646 3366 ponunt,
701 3299 796 3365 qui
849 3298 1164 3365 temporalia
1220 3297 1299 3348 eis

232 3388 346 3422 non
392 3370 665 3432 tribuunt;
722 3384 851 3419 suos
902 3384 1012 3418 non
1070 3377 1299 3434 ponunt,

232 3442 328 3509 qui
404 3440 836 3505 consanguineos
914 3437 1299 3489 insufficientes

234 3509 544 3578 promoveri
594 3510 820 3573 faciunt;
866 3524 1150 3575 personam
1188 3524 1299 3558 non

234 3592 463 3649 ponunt,
508 3582 602 3648 qui
660 3582 816 3632 malis
862 3597 973 3632 non
1023 3580 1299 3631 resistunt.

233 3654 487 3709 Christus
526 3663 706 3703 autem
746 3653 845 3703 ista
882 3652 983 3703 tria
1038 3667 1135 3718 pro
1177 3651 1301 3702 ovi-

235 3728 337 3779 bus
372 3726 570 3793 posuit,
608 3728 749 3778 unde
786 3727 839 3777 in
877 3726 1108 3778 Jeremia
1141 3741 1156 3776 ε
1186 3725 1302 3776 Re-

236 3801 372 3867 liqui
418 3800 626 3850 domum
676 3806 727 3851 et
758 3798 1038 3864 familiam
1093 3813 1301 3860 meam,

236 3872 441 3924 scilicet
487 3871 751 3937 Angelos3
809 3871 990 3922 dimisi
1028 3868 1302 3920 heredita-

242 3949 344 3995 tem
391 3956 577 4006 meam,
618 3942 819 3994 scilicet
863 3944 1132 3994 coelestem
1178 3938 1307 3990 sub-

2324 321 2434 388 '775

1378 432 1670 514 stantiam3
1731 436 1856 486 dedi
1909 437 2159 489 dilectam
2204 440 2439 491 animam

1378 515 1547 552 meam
1593 519 1647 554 m
1696 520 1886 556 manus
1921 507 2253 560 inimicorum
2294 524 2438 561 meo-

1377 574 1526 654 runi!
1561 603 1622 613 —
1650 576 1895 628 Tertium
1934 579 2153 645 signum
2213 582 2344 631 boni
2384 592 2438 632 et

1376 658 1486 693 veri
1518 646 1749 710 pastoris
1793 658 1873 699 est
1907 649 2034 715 quia
2074 666 2202 702 oves
2243 660 2434 704 omnes

1376 713 1442 763 ad
1461 715 1604 765 ovile
1632 717 1867 771 deducit.
1892 721 2043 771 Unde
2073 721 2346 784 Christus,
2370 739 2437 774 ne

1375 786 1677 839 crederetur
1721 791 1868 856 quod
1922 807 2019 857 pro
2073 793 2202 843 solis
2238 794 2438 845 Judaeis

1378 858 1516 908 mori
1551 858 1784 920 deberet,
1823 862 2100 929 subjungit
2143 880 2157 913 ε
2187 864 2266 914 Et
2292 865 2438 916 alias

1376 943 1500 980 oves
1526 929 1708 994 habeo,
1748 933 1853 997 jam
1882 933 1939 983 in
1978 936 2438 1000 praedestinatione

1377 1015 1441 1050 ex
1479 1000 1746 1052 Gentibus
1786 1003 1922 1054 mihi
1963 1006 2271 1068 credituras,
2320 1020 2439 1074 quae

1378 1089 1480 1124 non
1528 1081 1651 1126 sunt
1687 1091 1763 1127 ex
1797 1077 1897 1128 hoc
1936 1080 2084 1144 ovili,
2131 1081 2336 1132 scilicet
2373 1082 2441 1132 de

1377 1160 1648 1211 synagoga
1671 1146 2003 1209 Judaeorum,
2039 1152 2131 1201 sed
2172 1152 2238 1202 de
2266 1168 2443 1218 popu-

1378 1216 1433 1265 lo
1494 1216 1785 1281 Gentium;
1831 1225 1883 1269 et
1934 1221 2064 1271 illas
2119 1229 2344 1288 oportet,
2388 1223 2445 1273 id

1382 1295 1462 1337 est
1502 1298 1867 1354 opportunum
1916 1299 1996 1341 est
2045 1307 2127 1342 me
2176 1294 2447 1346 adducere

1382 1357 1440 1407 in
1469 1356 1629 1408 fidem
1671 1368 1724 1409 et
1752 1358 2045 1411 Ecclesiam
2081 1378 2204 1413 cum
2243 1366 2447 1430 populo

1380 1431 1694 1481 Judaeorum
1743 1447 1757 1481 ε
1794 1433 1943 1497 quod
1981 1433 2183 1485 factum
2228 1445 2308 1486 est
2354 1453 2449 1503 per

1382 1502 1816 1568 praedicationem
1847 1507 2253 1571 Apostolorum,
2281 1507 2450 1558 Chri-

1381 1585 1465 1625 sto
1506 1575 1870 1642 principaliter
1905 1587 2157 1644 operante
2201 1579 2259 1630 in
2306 1595 2445 1646 prae-

1383 1647 1650 1697 dicatione
1677 1663 1884 1698 eorum.
1924 1651 2233 1701 Secundum
2277 1652 2452 1718 Chry-

1384 1723 1690 1781 sostomum,
1728 1720 1831 1771 hoc
1867 1721 2013 1786 quod
2045 1722 2193 1782 dicit,
2223 1729 2450 1789 oportet,

1386 1805 1496 1840 non
1547 1799 1626 1840 est
1675 1791 2007 1843 necessitatis
2069 1793 2455 1845 demonstrati-

1383 1877 1533 1922 vum,
1568 1863 1661 1912 sed
1696 1862 2127 1917 confirmativum
2163 1867 2276 1932 ejus
2308 1867 2455 1934 quod

1386 1948 1577 1984 omnes
1643 1948 1769 1984 oves
1828 1950 1952 1986 suas
2005 1937 2176 1988 salvas
2242 1936 2453 1989 faceret.

1387 2005 1582 2056 Subdit
1639 2015 1817 2056 autem
1867 2025 1881 2059 :
1932 2008 2011 2059 Et
2059 2024 2237 2061 vocem
2282 2024 2455 2060 meam

1389 2076 1623 2138 audient,
1656 2086 1709 2126 et
1748 2076 1813 2126 ad
1853 2077 2017 2128 fidem
2058 2080 2298 2140 venient,
2327 2081 2457 2148 quia

1390 2146 1631 2198 Gentiles
1662 2147 1727 2197 ad
1757 2148 2185 2214 praedicationem
2225 2153 2460 2218 Aposto-

1390 2221 1568 2270 lorum
1605 2221 1794 2270 devote
1828 2219 1988 2271 fidem
2025 2234 2365 2289 receperunt3
2408 2230 2460 2274 et

1376 2291 1483 2356 fiet
1511 2306 1666 2341 unum
1688 2291 1844 2355 ovile,
1871 2302 1922 2342 et
1946 2291 2187 2343 fidelium
2218 2304 2461 2360 recepta·

1391 2362 1594 2422 culum,
1633 2362 1687 2412 id
1726 2372 1808 2412 est
1851 2378 1957 2413 una
1996 2364 2228 2415 Ecclesia
2260 2380 2326 2416 ex
2360 2366 2460 2415 Ju-

1393 2436 1524 2487 daeis
1557 2446 1611 2487 et
1650 2436 1918 2488 Gentibus
1959 2439 2195 2500 collecta,
2231 2445 2283 2490 et
2327 2453 2463 2490 unus

1385 2513 1609 2573 pastor,
1651 2507 1746 2573 qui
1795 2507 1850 2558 in
1888 2510 2020 2559 coelo
2066 2520 2146 2559 est
2182 2509 2456 2573 Christus,

1394 2579 1522 2645 quia
1559 2579 1674 2644 ipse
1700 2585 1780 2629 est
1810 2595 1936 2647 pax
1972 2587 2160 2631 nostra
2201 2581 2293 2646 qui
2320 2580 2464 2646 fecit

1399 2656 1622 2716 utraque
1669 2666 1856 2715 unum,
1901 2651 1955 2701 in
1991 2662 2131 2704 terra
2161 2661 2342 2702 autem
2382 2660 2465 2703 est

1398 2723 1538 2788 Papa
1571 2721 1775 2774 Christi
1811 2722 2058 2774 vicarius.
2378 2761 2379 2766 ,

1464 2810 1494 2860 7
1529 2794 1750 2844 Omnem
1790 2809 1912 2844 nom
1946 2810 2217 2857 msrorus,
2245 2812 2337 2856 Qur
2364 2811 2467 2847 mz-

1401 2879 1502 2914 Be‘r
1546 2879 1674 2914 oves
1725 2878 1969 2924 pascens,
2018 2881 2215 2927 Anarta,
2266 2882 2467 2917 neren-

1402 2951 1556 2987 οειιε.
1581 2964 1640 2972 -
1660 2935 1845 2985 Bonus
1868 2934 2029 2987 etiam
2049 2946 2229 3001 pastor
2252 2952 2468 3004 gregem

1403 3023 1564 3059 suum
1595 3021 1809 3072 pascere
1834 3007 2009 3067 debet,
2037 3007 2183 3058 unde
2217 3017 2271 3057 et
2304 3023 2335 3058 a
2373 3023 2470 3073 pa-

1403 3079 1599 3129 scendo
1641 3093 1840 3128 nomen
1876 3076 2106 3143 accepit;
2138 3078 2269 3128 hinc
2308 3088 2360 3129 et
2394 3077 2470 3128 ait

1409 3150 1672 3203 Dominus
1714 3150 1898 3212 Petr0,
1944 3150 2162 3215 quando
2202 3159 2470 3216 pastorem

1407 3221 1654 3273 Ecclesiae
1705 3220 1905 3287 ipsum,
1948 3230 2068 3287 post
2128 3221 2470 3278 Passionem,

1407 3293 1641 3344 instituit
1671 3310 1684 3343 ε
1711 3294 1888 3343 Pasce
1923 3308 2049 3345 oves
2081 3307 2244 3343 meas,
2278 3293 2476 3341 Secun-

1407 3369 1495 3428 do,
1519 3367 1676 3417 debet
1710 3366 1887 3432 ipsum
1922 3367 2172 3432 diligere3
2212 3364 2334 3414 ideo
2372 3364 2474 3414 Pe·

1407 3449 1541 3499 trus,
1570 3439 1786 3504 quando
1821 3438 2011 3489 debuit
2049 3434 2243 3504 praefici
2288 3435 2474 3485 Eccle-

1408 3510 1521 3573 siae,
1573 3507 1689 3559 fuit'
1713 3510 2052 3560 examinatus
2085 3508 2151 3557 de
2198 3504 2414 3556 caritate
2454 3519 2470 3552 t

1407 3583 1601 3643 Petre,
1657 3594 1814 3631 amas
1850 3578 2005 3630 me?
2052 3576 2253 3635 Tertio,
2316 3574 2474 3625 debet

1409 3666 1624 3718 gregem
1665 3666 1692 3700 a
1731 3651 1859 3717 lupo
1901 3647 2168 3700 custodire
2209 3655 2262 3695 et
2298 3644 2478 3695 defen·

1409 3723 1559 3785 dere;
1614 3722 1756 3773 unde
1811 3719 2075 3770 Dominus
2122 3716 2197 3766 ait
2251 3715 2410 3764 Petro
2455 3728 2474 3763 τ

1410 3793 1489 3844 Et
1522 3800 1581 3845 tu
1616 3792 1907 3859 aliquando
1935 3802 2239 3850 conversuS,
2269 3785 2476 3853 confir-

1411 3879 1500 3915 ma
1543 3864 1762 3930 fratres
1821 3867 1974 3924 tuos,
2031 3859 2234 3910 scilicet
2290 3866 2477 3908 contra

1406 3919 1754 4003 lquorumque
1806 3932 2063 3997 luporum
2120 3928 2475 3981 turbationes-
