2757 4413
385 396 599 446 INDEX
637 393 891 446 EVANG.
937 341 1110 443 bOM.
1145 393 1238 444 ET
1267 393 1648 445 FESTORUM
1683 397 1947 468 TOTIUS
1980 397 2168 448 ANNI.

300 515 680 582 Dominica·3II
699 521 824 580 post
853 515 1087 566 Pascha.

171 615 285 680 Ego
325 630 446 664 sum
483 624 662 679 pastor
702 615 892 678 bonuS,
936 624 1037 665 etc.
1065 616 1226 666 Joan.

238 702 320 745 ιο,
351 702 403 749 p.
441 702 486 744 1,
517 701 563 735 e.
593 684 680 735 86.
932 686 939 694 '

736 735 749 761 h

483 802 767 853 Dominica
800 799 907 851 III.

168 900 443 951 Modicum
480 908 531 950 et
557 900 662 964 jam
696 915 806 949 non
849 897 1098 949 videbitis
1125 913 1230 963 me,

229 982 326 1023 etc.
352 973 512 1023 Joan.
551 969 631 1030 16,
668 986 720 1036 p.
752 987 803 1031 2,
831 988 878 1022 c.
911 970 996 1037 57.

494 1087 778 1139 Dominica
808 1083 911 1138 IV.

164 1181 315 1231 Vado
362 1179 426 1230 ad
481 1194 605 1228 eum
651 1176 746 1243 qui
802 1190 890 1224 me
934 1172 1098 1233 misit,
1130 1182 1230 1224 etc.

228 1254 390 1305 Joan.
429 1250 510 1311 16,
540 1267 593 1316 p.
631 1266 676 1318 1,
709 1265 754 1299 c.
789 1248 875 1314 57.

506 1366 790 1417 Dominica
832 1366 892 1416 V.
971 1388 974 1393 ·

172 1469 365 1527 Amen,
408 1481 582 1525 amen,
613 1465 731 1515 dico
773 1461 968 1526 vobis:
995 1460 1052 1510 Si
1084 1458 1234 1525 quid,

232 1540 333 1581 etc.
365 1529 527 1579 Joan.
568 1527 650 1587 16,
681 1544 733 1593 p.
765 1542 815 1585 2,
846 1540 890 1576 c.
924 1523 1009 1588 57.

386 1642 448 1693 In
482 1641 689 1692 litaniis
716 1637 1028 1706 maj0ribus.

173 1740 308 1800 Quis
335 1750 573 1791 vestrum
605 1736 824 1788 habebit
850 1735 1104 1793 amicum,
1137 1743 1235 1784 etc.

234 1812 367 1861 Luc.
400 1809 450 1871 6,
478 1827 532 1876 p.
572 1826 616 1869 1,
651 1825 696 1859 c.
729 1806 814 1874 39.

356 1923 420 1974 In
466 1923 671 1989 Vigilia
698 1922 924 1974 Ascensi
929 1922 1069 1973 onis.

179 2010 479 2062 Sublevatis
523 2012 677 2061 Jesus
724 2012 896 2062 oculis
925 2011 983 2061 in
1024 2009 1238 2068 coelum,

235 2082 394 2142 dixit,
438 2091 534 2131 etc.
570 2083 730 2135 Joan.
771 2099 852 2149 17,
883 2098 935 2148 p.
980 2097 1030 2140 2,
1063 2095 1108 2130 c.
1152 2079 1237 2144 57.

423 2201 486 2253 In
519 2200 604 2251 die
629 2196 990 2250 Ascensionis.

186 2291 644 2342 Recumbentibus
671 2287 917 2339 undecim
947 2284 1242 2351 discipulis,

220 2361 504 2483 ‘gppamitae
545 2371 646 2410 etc.
680 2359 861 2409 Marc.
914 2355 995 2419 16,
1026 2372 1078 2422 p.
1109 2371 1161 2416 2,
1195 2371 1241 2404 c.

280 2449 329 2484 2.

341 2522 625 2572 Dominica
654 2521 805 2589 infra
835 2523 1090 2573 Octavam

527 2596 891 2647 Ascensionis.

179 2688 320 2740 Cum
346 2687 553 2738 venerit
587 2685 907 2742 Paracletus,
937 2697 1097 2750 quem
1126 2696 1245 2747 eg0,

237 2769 336 2810 etc.
362 2758 522 2807 Joan.
560 2754 641 2814 15,
674 2770 726 2819 p.
756 2770 806 2810 2.
837 2770 881 2804 c.
911 2754 996 2819 57.

370 2874 433 2925 In
471 2873 537 2923 V1
538 2870 678 2936 gzlza
702 2871 1061 2920 Pentecostes.

184 2967 238 3020 Si
271 2964 500 3031 diligitis
539 2977 642 3020 me,
689 2958 943 3008 mandata
984 2971 1120 3016 mea,
1149 2965 1246 3005 etc.

235 3040 398 3091 Joan.
432 3052 511 3101 14,
543 3052 596 3101 p.
627 3049 676 3093 2,
716 3047 760 3081 c.
790 3029 876 3096 57.

433 3158 497 3208 In
534 3156 620 3207 die
657 3156 1024 3208 Pentecostes.

183 3248 238 3299 Si
265 3246 390 3311 quis
420 3247 597 3313 diligit
615 3263 719 3307 me,
742 3264 1046 3298 sermonem
1069 3264 1250 3299 meum

244 3318 496 3379 servabit,
538 3329 638 3369 etc.
684 3320 845 3370 Joan.
902 3334 982 3383 14,
1029 3336 1082 3385 p.
1123 3335 1174 3384 2,
1205 3334 1249 3368 c.

245 3389 330 3454 57·
487 3454 654 3503 Fet-ia
686 3453 940 3504 secunda.

191 3550 340 3600 Dixit
389 3551 542 3601 Jesus
583 3551 877 3602 Nicodemo
918 3567 932 3601 z
976 3550 1064 3601 Sic
1108 3550 1253 3600 Deus

250 3620 438 3672 dilexit
468 3622 754 3684 mundum,
785 3632 883 3672 etc.
915 3623 1078 3673 Joan.
1120 3619 1169 3681 3,
1197 3637 1249 3686 p.

260 3710 304 3753 1,
329 3708 374 3744 c.
406 3710 492 3761 27.

520 3758 687 3808 Fet-ia
722 3759 901 3809 tertia.

187 3857 384 3916 Amen,
414 3869 590 3914 amen,
635 3856 755 3906 dico
780 3843 971 3915 vobis,
1019 3853 1111 3919 qui
1143 3871 1250 3904 non

251 3924 415 3976 intrat
441 3941 551 4048 pe}
563 3926 784 3986 ostium,
813 3934 911 3976 etc.
952 3924 1115 3975 Joan.
1166 3940 1247 3984 10,

249 4013 301 4064 p.
333 4015 378 4060 1,
407 4014 452 4049 c.
481 3998 513 4049 8
561 4036 573 4049 .

2300 395 2405 462 845

1344 516 1510 567 Fer-ia
1540 524 1754 583 quarta,
1794 519 2045 580 Quatuor
2084 520 2405 584 Temporum

1691 592 2059 642 Pentecostes.

1338 679 1508 728 Nemo
1539 689 1713 744 potest
1740 681 1921 731 venire
1949 681 2014 731 ad
2045 697 2148 741 me,
2180 681 2285 731 nisi
2317 682 2407 732 Pa-

1401 760 1499 809 ter,
1526 760 1624 800 etc.
1650 751 1813 801 Joan.
1845 750 1896 811 6,
1924 768 1976 819 p.
2009 769 2053 812 1,
2085 768 2133 802 c.
2162 767 2248 818 70.

1677 865 1844 917 Fer-ia
1873 871 2073 934 quinta.

1338 953 1657 1005 Convocatis
1681 956 1834 1006 Jesus
1857 958 2142 1010 duodecim
2170 959 2409 1024 Aposto-

1402 1025 1489 1089 lis,
1521 1035 1622 1076 etc.
1654 1027 1789 1077 Luc.
1822 1043 1875 1094 9,
1901 1045 1953 1095 p.
1993 1046 2039 1090 1,
2069 1045 2115 1079 c.
2150 1027 2234 1079 51.

1681 1146 1850 1196 Feria
1882 1153 2065 1198 sexta.

1345 1236 1565 1285 Factum
1594 1245 1673 1286 est
1701 1235 1758 1285 in
1787 1247 1897 1285 una
1922 1234 2153 1294 dierum,
2179 1241 2233 1282 et
2254 1232 2411 1282 Jesus

1405 1306 1621 1356 sedebat
1648 1306 1861 1369 docenS,
1892 1315 1991 1355 etc.
2027 1305 2159 1355 Luc.
2198 1302 2245 1363 5,
2271 1318 2324 1368 p.
2361 1318 2408 1361 1,

1406 1394 1449 1427 ε’
1477 1392 1566 1440 ‘²²'
1746 1438 2005 1489 sabbato.

1341 1530 1579 1594 Surgens
1605 1529 1758 1579 Jesus
1781 1527 1847 1577 de
1876 1537 2148 1591 synagoga
2171 1511 2424 1571 introivit*

1405 1599 1460 1650 in
1498 1598 1724 1649 domum
1751 1596 2011 1656 Simonis,
2055 1604 2155 1644 etc.
2192 1592 2323 1642 Luc.
2352 1606 2405 1655 4,

1406 1686 1459 1736 p.
1493 1686 1537 1730 1,
1564 1685 1609 1721 c.
1634 1669 1723 1734 43.

1343 1786 1628 1837 Dominica
1676 1753 2019 1906 Trirgtatis':
2049 1781 2411 1848 Evangelium

1507 1883 1511 1886 ἡ
1842 1856 1961 1907 esti.

1344 1949 1477 1999 Data
1506 1959 1585 1999 est
1619 1947 1757 1997 mihi
1788 1946 1971 1996 omnis
2016 1952 2269 2010 potestas,
2311 1950 2409 1993 etc.

1409 2018 1608 2070 Matth.
1642 2018 1730 2077 28,
1756 2033 1809 2082 p.
1842 2032 1892 2075 2,
1915 2032 1960 2066 c.
1982 2015 2072 2066 80.

1394 2133 1758 2199 Evangelium
1786 2126 2103 2194 Dominfcae,
2133 2144 2254 2197 quae
2277 2137 2361 2182 est

1575 2206 1629 2256 ἸΙ
1649 2211 1777 2270 post
1800 2204 2163 2254 Pentecosten.

1349 2293 1531 2343 Estote
1570 2292 1944 2344 misericordes
1987 2291 2125 2342 sicut
2162 2299 2215 2341 et
2262 2290 2415 2340 Pater

1411 2372 1599 2424 vester,
1625 2375 1722 2413 etc.
1753 2366 1880 2414 Luc.
1908 2362 1960 2426 6,
1992 2378 2045 2427 p.
2079 2376 2124 2422 1,
2155 2375 2200 2411 c.
2232 2358 2318 2427 39.

1470 2483 1553 2532 De
1581 2482 1746 2532 Festo
1772 2479 2033 2546 Corporis
2057 2477 2283 2529 Christi.

1349 2573 1488 2704 Cago
1520 2587 1637 2622 mea
1663 2587 1788 2621 vere
1816 2582 1897 2622 est
1926 2571 2100 2634 cibus,
2127 2577 2227 2620 etc.
2253 2568 2412 2619 Joan.

1489 2660 1543 2710 p.
1586 2660 1630 2703 1,
1661 2660 1707 2694 c.
1736 2659 1824 2710 70.

1688 2759 1973 2811 Dominica
2003 2759 2081 2811 II.

1336 2850 1530 2900 'Homo
1588 2848 1811 2914 quidam
1865 2849 1988 2899 fecit
2042 2864 2250 2900 coenam
2297 2863 2418 2898 ma-

1415 2935 1592 2985 gnam,
1619 2929 1717 2969 etc.
1743 2920 1871 2970 Luc.
1906 2935 1988 2984 14,
2022 2936 2074 2985 p.
2112 2935 2157 2980 1,
2189 2935 2235 2970 c.
2266 2918 2353 2970 81.

1685 3009 1968 3061 Dominica
1992 3009 2101 3061 III.

1356 3101 1523 3150 Erant
1571 3098 2065 3165 appropinquantes
2101 3098 2167 3150 ad
2212 3100 2417 3157 Jesum‚

1417 3179 1516 3220 etc.
1543 3170 1673 3219 Luc.
1709 3167 1792 3229 15,
1819 3184 1871 3234 p.
1897 3185 1949 3229 2,
1978 3185 2023 3221 c.
2055 3187 2106 3235 7.

1684 3283 1965 3337 Dominica
1994 3286 2029 3337 Ι
2036 3287 2096 3336 V.

1357 3374 1496 3424 Cum
1533 3373 1707 3424 turbae
1734 3373 1999 3424 irruerent
2026 3373 2083 3422 in
2108 3373 2312 3432 Jesum,
2341 3381 2417 3432 ut,

1419 3455 1517 3496 etc.
1549 3445 1678 3494 Luc.
1714 3443 1762 3505 3,
1793 3461 1845 3510 p.
1877 3461 1922 3504 1,
1948 3460 1994 3494 c.
2025 3459 2113 3511 29.

1696 3561 1982 3613 Dominica
2016 3561 2077 3611 V.

1358 3650 1475 3700 Nisi
1504 3650 1856 3701 abundaverit
1878 3647 2082 3713 justitia
2108 3657 2282 3699 vestra
2301 3649 2423 3715 plus

1418 3736 1581 3787 quam
1622 3721 1948 3779 Scribarum,
1993 3729 2089 3769 etc.
2136 3718 2336 3770 Matth.
2369 3719 2421 3780 5,

1419 3809 1471 3858 p.
1506 3809 1552 3853 1,
1578 3809 1623 3845 c.
1650 3793 1734 3859 34.

1676 3909 1956 3960 Dominica
1993 3905 2086 3957 VI.

1357 3999 1498 4050 Cum
1539 3998 1696 4048 turba
1735 3997 1905 4048 multa
1944 4007 2082 4049 esset
2122 4014 2244 4049 cum
2282 3999 2425 4057 Jesu,
