2757 4413
512 292 605 341 DE
639 290 1190 343 HAEMORRHOICA
1224 290 1316 341 ET
1347 290 1927 343 ARCHISYNAGOGI
1961 293 2163 344 F1L1A.

219 406 485 458 stimenta
507 416 650 458 sunt.
686 408 934 473 Tangens
956 417 1156 466 autem,
1181 421 1299 458 con-

203 477 411 542 festim
441 485 522 528 est
556 484 748 528 sanata
791 492 825 527 α
866 478 1046 544 plaga
1087 491 1185 529 sua
1198 496 1220 541 ,·
1249 487 1300 527 et

220 558 310 598 est
358 547 594 598 notabile
649 548 794 613 quod
840 547 1064 598 accessit
1087 587 1102 608 ,
1147 563 1298 599 acce-

219 617 368 668 dens
403 617 555 683 dixit,
605 618 787 669 dicens
829 619 1022 687 tetigit,
1076 629 1297 684 tangens

216 689 555 743 curationem
580 693 806 758 accepit;
833 692 963 758 quia
985 692 1074 745 his
1102 692 1296 753 tribuS,

215 762 428 813 scilicet
456 779 469 812 ε
495 764 677 826 verbo,
723 762 846 825 fide,
884 772 935 814 et
966 777 1143 830 opere,
1174 779 1297 814 om-

212 833 309 885 nis
339 836 482 886 salus
511 835 823 903 acquiritur.

286 900 316 954 3
358 905 558 955 Sensus
589 921 912 964 Qufflsrtoms
940 907 1164 960 Cmusrx
1201 922 1296 959 scr-

212 990 291 1026 RE
324 988 579 1026 von-suns
614 993 736 1034 Qms
768 994 878 1029 Eun
902 993 1202 1028 rarionntr.
1232 1007 1294 1016 —

212 1046 290 1096 Et
350 1061 671 1112 cognoscens
724 1049 882 1098 Jesus
917 1064 982 1099 ex
1017 1065 1074 1102 se
1102 1049 1295 1100 exiisse

208 1115 510 1180 virtutem,
560 1118 732 1168 dixit:
778 1119 914 1180 Quis
953 1135 1035 1171 me
1072 1120 1295 1187 tetigit?

212 1184 350 1237 Non
405 1189 595 1255 quaerit
636 1205 699 1240 ex
741 1190 1043 1256 ignorantia
1091 1201 1152 1242 ut
1188 1192 1292 1241 do-

208 1267 429 1322 ceatur3
473 1260 565 1310 sed
621 1270 683 1310 ut
725 1261 921 1311 mulier
962 1271 1144 1313 sanata
1173 1278 1293 1314 con-

205 1329 468 1395 fiteatur,
520 1344 572 1382 et
612 1350 704 1400 per
761 1334 1155 1386 confessionem
1191 1352 1291 1403 ap-

206 1412 403 1468 pareat
465 1402 594 1453 fides
649 1405 763 1470 ejus
788 1444 802 1465 ,
863 1415 917 1455 et
970 1421 1001 1456 a
1069 1407 1290 1459 Christo

207 1477 644 1538 commendetur,
676 1490 792 1529 tum
831 1489 1047 1545 propter
1087 1481 1288 1532 mulie-

210 1547 292 1596 ris
328 1548 602 1608 meritum,
637 1565 732 1615 per
775 1549 1041 1601 humilem
1070 1551 1287 1603 confes-

212 1619 432 1669 sionem
456 1660 470 1680 ,
533 1632 649 1671 tum
696 1632 910 1687 propter
960 1624 1287 1675 adstantium

209 1691 630 1744 aedificationem
654 1733 667 1755 ,
731 1706 849 1743 tum
909 1706 1128 1761 propter
1184 1697 1284 1750 Dei

208 1764 436 1814 laudem
454 1775 511 1814 et
531 1763 990 1831 glorificationem,
1022 1776 1139 1817 tum
1170 1785 1288 1834 pro-

210 1846 339 1903 pter
399 1850 547 1902 spem
601 1837 1026 1904 Archisynagogi
1077 1855 1287 1906 augen—

208 1908 366 1966 dam,
399 1918 449 1957 et
476 1908 588 1972 ejus
611 1907 677 1958 de
704 1907 981 1959 sanatione
1012 1906 1139 1962 filiae
1170 1926 1285 1963 suae

204 1977 687 2029 assecurationem.
745 1978 816 2028 Et
844 1978 1149 2030 dicentibus
1195 1981 1284 2030 di-

202 2048 438 2114 scipulis
474 2050 618 2116 quod
660 2050 834 2100 turbae
873 2066 995 2100 eum
1055 2052 1287 2118 compri-

202 2129 456 2181 merent,
481 2120 617 2171 dixit
646 2138 659 2172 :
690 2122 897 2188 Tetigit
937 2137 1019 2173 me
1063 2123 1280 2190 aliquis,

200 2206 340 2243 nam
383 2197 433 2241 et
467 2205 568 2260 ego
618 2193 744 2244 novi
787 2194 1034 2244 virtutem
1074 2194 1139 2246 de
1201 2211 1284 2264 me

200 2263 442 2325 exiisse,
475 2263 527 2314 id
573 2275 653 2315 est
694 2264 940 2315 effectum
976 2265 1190 2318 virtutis
1222 2267 1281 2319 in

200 2333 492 2384 curatione
544 2335 887 2386 infirmitatis
959 2338 1096 2387 Nam
1159 2338 1282 2389 licet

199 2407 407 2466 turbae,
437 2422 556 2473 quae
584 2407 642 2457 in
676 2407 856 2473 ipsum
888 2424 997 2475 prae
1035 2409 1281 2460 devotio-

203 2494 278 2528 ne
312 2476 565 2527 audiendi
610 2478 919 2543 irruebant,
957 2495 1081 2529 eum
1126 2496 1280 2529 com-

202 2547 523 2614 primerent,
553 2558 605 2599 et
649 2549 706 2597 in
751 2550 841 2599 tali
871 2565 1118 2616 pressura
1159 2565 1280 2600 cor-

198 2618 465 2683 poraliter
537 2629 854 2685 tangerent3
930 2636 1038 2671 non
1097 2629 1279 2672 tamen

200 2689 500 2753 tangebant
528 2703 655 2738 eum
696 2705 819 2738 cum
864 2689 956 2740 tali
997 2691 1281 2742 devotione

200 2769 261 2810 et
294 2758 421 2818 fide,
464 2759 600 2809 sicut
629 2760 731 2810 ista
772 2762 968 2811 mulier
1017 2762 1277 2829 tetigerat3

200 2840 259 2880 et
292 2829 365 2879 de
402 2829 494 2880 tali
529 2838 671 2880 tactu
711 2831 1056 2899 singulariter
1084 2833 1280 2883 Domi-

200 2916 315 2953 nus
349 2902 635 2967 quaerebat.
674 2902 869 2953 Videas
886 2909 1060 2953 autem
1089 2904 1282 2955 mulier

197 2972 338 3038 quia
387 2988 488 3022 non
528 2973 703 3035 latuit,
752 2973 952 3025 timens
994 2975 1171 3036 corde,
1228 2986 1281 3026 et

202 3051 439 3095 tremens
472 3061 696 3111 corpore
734 3048 799 3097 ad
847 3049 1176 3113 majestatem
1205 3050 1282 3099 di-

199 3116 467 3177 vinitatiS,
509 3119 662 3183 cujus
713 3118 966 3169 virtutem
1000 3120 1057 3169 in
1087 3136 1143 3171 se
1181 3136 1278 3171 ex—

200 3199 357 3255 perta
400 3190 522 3251 fuit,
576 3192 717 3241 venit
773 3199 824 3241 et
863 3193 1104 3259 procidit
1156 3201 1282 3245 ante

194 3262 370 3330 pedes
399 3253 566 3327 illius,
594 3278 654 3313 ac
679 3279 892 3313 causam
923 3274 1094 3316 tactus
1125 3275 1178 3317 et
1204 3282 1280 3317 sa-

198 3333 504 3394 nationem,
557 3347 738 3384 coram
780 3335 925 3385 omni
962 3336 1165 3403 populo
1206 3337 1279 3387 in-

197 3403 450 3467 dicavit,
510 3404 814 3456 confitendo
875 3407 1154 3459 veritatem
1212 3408 1278 3459 de

195 3476 507 3544 quantitate
567 3486 618 3527 et
685 3477 990 3544 prolixitate
1039 3478 1278 3529 infirmi-

193 3547 329 3597 tatis
397 3555 453 3597 et
506 3547 572 3598 de
641 3550 983 3615 perceptione
1054 3549 1278 3616 integrae

194 3618 492 3682 sanitatis;
583 3620 685 3670 hoc
782 3622 927 3672 enim
1008 3621 1277 3674 Dominus

194 3689 329 3740 sciri
369 3690 583 3751 voluit,
649 3691 714 3741 ad
761 3692 973 3743 laudem
1022 3692 1160 3757 Dei,
1225 3702 1278 3744 et

195 3759 435 3811 aliorum
530 3759 835 3813 utilitatem.
911 3763 1013 3813 Sed
1082 3763 1277 3829 quaerit

197 3832 650 3902 chrysostomuS,
698 3849 861 3899 quare
897 3835 1070 3900 ipsam
1107 3835 1277 3887 mani-

194 3902 359 3957 festat
386 3905 535 3957 Deus
564 3921 688 3957 cum
713 3907 826 3973 ipsa
850 3907 1073 3959 latenter
1101 3922 1274 3960 acces·-

2368 295 2472 362 453

1408 405 1576 457 serit?
1606 406 1671 458 Et
1702 408 2050 473 respondens,
2079 409 2238 475 ³ponit
2269 412 2333 460 ad
2372 412 2476 465 hoc

1407 492 1500 527 sex
1541 478 1775 528 rationes
1809 497 1822 528 ε
1866 479 2041 544 prima
2070 492 2150 531 est
2188 492 2248 532 ut
2277 484 2476 537 mulier

1408 549 1751 615 sanguinaria
1783 549 2062 601 Christum
2094 562 2333 619 tangens,
2366 573 2473 607 non

1406 620 1625 671 haberet
1691 620 1816 670 inde
1878 623 2219 674 conscientiae
2277 641 2476 678 remor-

1405 706 1562 754 sum;
1600 691 1851 751 secunda,
1893 701 1952 741 ut
1980 692 2265 744 mulierem
2302 711 2475 749 emen-

1404 761 1509 820 det,
1537 759 1796 828 quoniam
1838 761 2138 813 aestimabat
2170 765 2272 815 hoc
2312 768 2476 820 latere

1404 831 1723 894 Christum;
1767 832 1953 896 tertia,
2021 843 2081 883 ut
2136 834 2298 886 fidem
2357 839 2473 905 ejus

1402 903 1650 954 ostendat
1690 904 1965 968 omnibuS‚
1998 907 2063 955 ad
2089 908 2359 973 exemplar
2381 926 2474 962 ce-

1402 974 1583 1024 leriter
1630 974 1911 1038 credendi3
1959 988 2165 1042 quarta,
2208 989 2270 1028 ut
2310 995 2471 1030 mon-

1401 1057 1591 1097 straret
1671 1063 1727 1098 se
1778 1048 2110 1115 cognitorem
2176 1051 2469 1118 omnium;

1400 1117 1610 1183 quinta,
1657 1128 1717 1168 ut
1757 1121 1999 1169 ostendat
2038 1122 2185 1186 quod
2226 1132 2286 1172 ut
2325 1123 2471 1177 Deus

1401 1190 1544 1240 sistit
1568 1191 1846 1257 sanguinis
1870 1191 2076 1242 fluxum
2097 1209 2111 1257 3
2140 1203 2305 1257 sexta,
2329 1206 2392 1246 ut
2412 1197 2469 1248 in

1398 1258 1560 1310 fidem
1604 1261 1799 1326 dirigat
1836 1262 2359 1330 Archisynagogum.

1460 1348 1497 1397 4
1519 1332 1922 1383 HAEuonkuoch
1968 1349 2197 1384 mennas
2230 1352 2469 1389 PROPTER

1397 1419 1558 1453 Fun-:n
1597 1420 1899 1454 muna-run.
1941 1433 2002 1442 —
2030 1408 2106 1456 At
2145 1407 2308 1457 Jesus
2335 1423 2469 1460 con-

1398 1490 1587 1527 versus
1622 1482 1673 1526 et
1709 1477 1895 1526 videns
1922 1492 2056 1540 eam,
2088 1477 2142 1526 id
2173 1489 2253 1528 est
2281 1494 2469 1546 appro-

1399 1549 1533 1598 bans
1563 1548 1735 1614 ipsius
1772 1547 1954 1612 fidem,
1992 1548 2129 1599 dixit
2159 1550 2236 1599 illi
2263 1567 2277 1600 ε
2319 1552 2466 1603 Con-

1382 1618 1518 1684 fide,
1541 1619 1689 1685 filia,
1720 1619 1857 1678 fides
1879 1626 1974 1669 tua
2006 1626 2055 1668 te
2081 1619 2286 1670 salvam
2304 1622 2463 1688 fecit,

1398 1689 1453 1738 id
1502 1699 1583 1741 est
1640 1691 1775 1740 hanc
1826 1690 1923 1740 tibi
1970 1690 2196 1741 salutern
2248 1694 2465 1744 meruit.

1397 1760 1537 1811 Cum
1584 1761 1731 1811 enim
1774 1761 2010 1827 operatio
2045 1761 2364 1814 miraculosa
2396 1765 2471 1816 sit·

1394 1846 1554 1897 supra
1584 1841 1848 1890 naturam,
1883 1830 2006 1882 fidei
2042 1832 2285 1883 attribuit
2326 1849 2464 1899 eam„

1395 1917 1458 1952 eo
1496 1903 1642 1968 quod
1673 1901 1806 1953 fides
1842 1912 1923 1952 est
1959 1903 2024 1952 de
2067 1903 2155 1952 his
2186 1919 2305 1970 quae
2337 1915 2466 1957 sunt

1393 1988 1553 2040 supra
1587 1984 1854 2025 naturam.
1892 1973 2000 2025 Ubi
2043 1975 2420 2042 Hieronymus
2443 1995 2462 2029 .·

1394 2063 1421 2092 α
1453 2046 1574 2094 Non
1604 2055 1779 2096 autem
1800 2044 1953 2105 dixit,
1975 2044 2101 2111 quia
2116 2045 2267 2111 fides
2293 2054 2386 2097 tua
2410 2055 2465 2100 te

1392 2116 1592 2167 salvam
1622 2116 1820 2165 factura
1843 2125 1941 2175 est,
1964 2116 2055 2165 sed
2079 2115 2285 2181 salvam
2298 2119 2461 2185 fecit.

1393 2186 1558 2248 Quasi
1603 2187 1802 2238 diceret
1837 2202 1851 2236 z
1893 2186 1950 2236 In
1996 2201 2059 2237 eo
2107 2187 2254 2253 quod
2301 2190 2464 2241 credi-

1390 2261 1539 2323 disti,
1583 2262 1688 2325 jam
1727 2262 1870 2311 salva
1919 2260 2052 2310 facta
2082 2276 2156 2311 εδ.
2191 2281 2218 2308 n
2263 2262 2369 2313 Ubi
2409 2273 2461 2315 et

1392 2332 1815 2401 Chtysostomus
1833 2349 1851 2381 .-
1885 2331 2081 2391 «Quia
2110 2332 2460 2386 formidolosa

1387 2414 1497 2454 erat
1541 2404 1657 2453 haec
1692 2403 1904 2465 mulier,
1944 2413 2160 2468 propter
2193 2403 2295 2453 hoc
2345 2405 2458 2457 ait:

1391 2474 1634 2541 Confide,
1663 2483 1715 2523 et
1742 2473 1906 2523 filiam
1938 2488 2053 2523 eam
2084 2473 2231 2523 dicit.
2261 2473 2458 2528 Filiam

1386 2562 1511 2596 vero
1554 2554 1708 2596 vocat
1745 2555 2003 2608 sanatam,
2048 2542 2170 2594 fidei
2215 2545 2456 2598 ratione:

1387 2618 1519 2670 fides
1560 2618 1704 2669 enim
1761 2617 1964 2668 Christi
1999 2617 2095 2668 Dei
2137 2616 2456 2669 filiationem

1389 2701 1623 2759 praestat.
1664 2712 1692 2740 »
1736 2692 2047 2742 Notandum
2099 2691 2261 2741 etiam
2310 2694 2458 2759 quod

1388 2764 1655 2813 Dominus
1695 2779 1801 2812 non
1847 2761 2001 2822 dixit,
2033 2777 2131 2828 ego
2171 2764 2352 2813 sanavi
2385 2774 2456 2824 te,

1387 2835 1482 2886 sed
1491 2835 1640 2901 fides
1669 2840 1781 2898 tua,
1823 2841 1883 2883 ut
1911 2832 2182 2883 vitandam
2214 2843 2457 2886 ostenta-

1387 2907 1589 2957 tionem
1649 2907 1862 2967 doceat,
1922 2916 1973 2956 et
2024 2904 2280 2956 meritum
2330 2905 2456 2958 fidei

1387 2981 1621 3031 extollat.
1663 2980 1835 3040 Unde,
1866 2980 2162 3029 secundum
2206 2984 2457 3033 eumdem

1389 3052 1850 3118 Chrysostomum,
1883 3050 2148 3101 Dominus
2185 3051 2277 3111 ait,
2308 3052 2456 3118 quod

1386 3122 1516 3173 fides
1566 3138 1664 3172 sua
1705 3122 1878 3187 ipsam
1930 3131 2225 3181 sanaverat,
2270 3123 2456 3172 nolens

1388 3208 1499 3245 suae
1539 3192 1723 3244 virtuti
1763 3194 1856 3242 sed
1896 3191 2022 3242 fidei
2062 3193 2175 3257 ejus
2210 3192 2455 3242 sanitatis

1387 3265 1702 3317 beneficium
1724 3280 1985 3330 arrogare,
2009 3266 2207 3315 docens
2231 3281 2325 3330 per
2345 3265 2452 3315 hoc

1385 3337 1443 3388 in
1489 3335 1745 3386 virtuosis
1800 3335 2009 3385 actibus
2071 3336 2285 3394 nostriS,
2342 3351 2452 3384 non

1380 3416 1643 3468 nostram,
1677 3409 1768 3456 sed
1820 3405 1916 3455 Dei
1947 3406 2177 3465 laudern,
2214 3420 2454 3471 quaerere

1386 3478 1578 3529 debere
1639 3487 1692 3527 et
1750 3476 2054 3542 praedicare.
2121 3477 2187 3526 Et
2248 3475 2454 3525 addidit

1384 3547 1652 3599 Dominus
1691 3564 1705 3598 :
1756 3547 1903 3597 Vade
1935 3548 1987 3597 in
2029 3562 2179 3613 pace,
2206 3561 2327 3611 quae
2356 3545 2452 3595 sci-

1384 3619 1506 3669 licet
1548 3618 1698 3684 prius
1743 3633 1857 3668 eras
1913 3617 1970 3667 in
2030 3616 2450 3683 perturbatione,

1384 3701 1599 3758 propter
1639 3691 1857 3756 longam
1898 3688 2267 3738 infirmitatem
2304 3697 2451 3736 tuam

1383 3764 1747 3830 corporalem,
1804 3763 1908 3814 Ubi
1978 3762 2403 3828 Chryses-tomus
2432 3776 2448 3809 .·

1384 3854 1412 3883 α
1454 3834 1594 3885 Dicit
1628 3845 1804 3885 autem
1854 3833 1902 3883 ei
1944 3851 1957 3883 :
2021 3832 2167 3882 Vade
2215 3831 2269 3881 in
2291 3844 2446 3896 pace,

1381 3906 1599 3959 mittens
1633 3906 1689 3957 in
1719 3907 1882 3957 ssnem
1916 3906 2203 3965 bonorum,
2238 3903 2292 3952 in
2324 3916 2449 3967 pace
