2757 4413
373 326 480 378 608

371 457 460 498 tus
509 438 779 494 occubuit.
836 436 944 488 sed
994 436 1129 503 quia
1183 436 1433 488 Christus

371 528 454 570 est
492 515 704 572 veritas,
742 509 944 560 idcirco
982 520 1153 572 usque
1186 509 1251 556 ad
1283 520 1433 557 mor-

369 600 482 642 tem
523 600 619 652 pro
651 582 891 639 Christ0‚
923 578 1058 644 «quia
1088 577 1293 629 scilicet
1335 593 1432 643 pro

370 660 590 713 veritate
608 692 625 716 ,
664 651 926 720 pervenit.
974 646 1062 698 Ex
1114 662 1228 715 quo
1291 661 1435 715 patet

366 730 516 802 quod
542 746 653 781 non
678 727 860 778 solum
884 736 981 789 pro
1006 719 1130 782 fide,
1152 723 1248 772 sed
1271 723 1433 773 etism

369 820 468 876 pro
515 803 736 854 veritate
785 795 1008 864 justitia
1053 806 1258 862 martyr
1308 796 1435 862 quis

368 877 620 931 efficitur.
669 890 698 920 n
761 872 913 924 Unde
971 870 1102 924 dicit
1156 869 1433 934 Aug-usti-

370 962 470 1001 nus
508 965 524 997 .·
564 964 591 992 α
624 943 780 1003 Quod
814 959 941 994 cum
977 957 1125 994 mors
1155 956 1254 1007 pro
1285 938 1433 990 veri·-

367 1031 474 1074 tate
526 1018 743 1086 justitiae
791 1017 1110 1084 suscipitur,
1172 1024 1434 1080 martyres

367 1094 507 1146 facit.
535 1110 563 1140 >³
602 1090 757 1142 Unde
784 1097 836 1139 et
863 1088 922 1140 in
952 1087 1316 1140 Ecclesiastico
1343 1086 1432 1136 di—

365 1166 504 1217 citur
542 1181 555 1212 ε
590 1163 752 1213 Certa
776 1173 941 1228 usque
966 1162 1041 1212 ad
1076 1167 1295 1212 mortem
1323 1174 1429 1225 <pro

353 1238 594 1308 justitia.
638 1237 925 1302 Martyrem
964 1232 1114 1286 enim
1160 1247 1270 1285 non
1306 1235 1431 1285 facit

366 1324 540 1378 poena,
577 1307 669 1358 sed
702 1320 876 1367 causa,
909 1306 968 1357 id
996 1316 1079 1357 est
1112 1320 1262 1357 mors
1299 1318 1429 1371 pro-

364 1390 479 1447 pter
524 1373 804 1430 Christum
842 1386 1105 1442 suscepta.
1149 1376 1254 1426 Ubi
1298 1385 1428 1426 nota

362 1453 507 1519 quod
545 1448 734 1500 munis
769 1448 839 1497 de
872 1448 1050 1499 causis
1090 1457 1266 1512 potest
1299 1447 1428 1513 quis

362 1532 565 1587 martyr
599 1517 736 1578 fieri,
772 1517 978 1568 scilicet
1011 1530 1027 1568 ε
1066 1529 1165 1584 pro
1201 1517 1423 1582 iustitia,

360 1602 422 1643 ut
457 1591 616 1653 Abe13
655 1600 753 1654 pro
791 1588 949 1654 Lege,
990 1597 1052 1638 ut
1092 1587 1420 1650 Machabaci3

360 1678 458 1730 pro
481 1661 779 1712 assertione
808 1660 1064 1723 veritatis,
1088 1670 1150 1710 ut
1180 1659 1338 1710 isaias
1371 1670 1425 1710 et

356 1731 640 1793 Jeremias3
694 1744 791 1795 pro
839 1729 1143 1794 arguitione
1185 1729 1382 1794 peccati
1405 1765 1419 1789 ,

358 1807 440 1857 vel
491 1804 652 1854 etiam
707 1801 999 1852 assertione
1042 1801 1306 1865 veritatiS,
1360 1813 1422 1852 ut

355 1877 585 1927 Joannes
621 1872 882 1938 Baptista3
915 1887 1014 1937 pro
1049 1873 1220 1922 salu-te
1245 1888 1420 1938 popu-

356 1948 416 2008 li,
453 1956 514 1996 ut
539 1944 818 2007 Christus3
853 1958 951 2009 pro
978 1941 1083 1994 fide
1111 1944 1333 2005 Christi,
1357 1956 1420 1996 ut

354 2017 686 2084 Stephanus3
722 2030 820 2082 pro
859 2015 1104 2076 Christo,
1145 2025 1207 2066 ut
1247 2018 1417 2067 Inno-

356 2099 567 2151 centes;
614 2102 713 2153 pro
752 2086 995 2137 libertate
1041 2087 1308 2150 Ecclesiae,
1354 2100 1419 2140 ut

353 2159 597 2211 Thomas
629 2156 1043 2209 cantuariensis-

414 2229 450 2281 6
488 2232 776 2280 ermnrn
825 2242 878 2277 m
915 2243 1164 2280 anvsnsts
1206 2245 1414 2281 marr-

350 2309 460 2344 asu
496 2307 667 2342 metr.
700 2315 762 2328 —-
787 2289 860 2341 Et
894 2305 1007 2340 non
1042 2292 1220 2342 solum
1265 2309 1415 2345 mors

351 2382 449 2432 pro
484 2364 702 2416 veritate
730 2372 784 2414 et
809 2359 929 2414 aliis
953 2364 1216 2430 praedictis
1237 2367 1414 2418 causis

349 2447 611 2503 suscepta,
635 2437 729 2488 sed
759 2436 919 2487 etiam
942 2450 1065 2488 vera
1091 2437 1151 2488 in
1174 2441 1413 2491 adversis

349 2510 634 2575 patientia,
694 2517 986 2574 martyrem
1049 2505 1190 2559 facit.
1257 2510 1413 2561 Unde

328 2573 656 2645 'Gregorius
706 2593 725 2627 .-
777 2596 805 2624 «
848 2577 972 2627 Duo
1037 2578 1240 2644 quippe
1288 2590 1413 2630 sunt

348 2650 589 2717 martyrii
631 2664 823 2716 genera
853 2665 867 2700 t
896 2662 1071 2700 unum
1111 2651 1170 2700 in
1211 2663 1407 2715 mente,

345 2723 490 2773 aliud
544 2722 601 2770 in
651 2731 832 2771 mente
872 2720 1038 2772 simul
1083 2730 1136 2772 et
1179 2723 1406 2776 actione.

347 2796 531 2860 Itaque
599 2793 718 2843 sine
778 2793 922 2844 ferro
978 2804 1240 2860 martyres
1291 2812 1408 2848 esse

348 2879 656 2932 possumus,
699 2865 746 2915 si
786 2863 1100 2931 patientiam
1150 2868 1408 2921 veraciter

345 2940 405 2990 in
445 2938 630 2988 animo
668 2938 1022 2989 custodimus.
1068 2958 1097 2987 ι»
1142 2939 1405 2994 Patientia

330 3005 525 3060 'autem
576 3022 720 3072 vera,
786 3011 1082 3060 secundum
1152 3013 1403 3064 eumdem

346 3080 672 3145 Gregorium
693 3114 712 3141 ‚
774 3088 857 3130 est
913 3080 1138 3145 injurias
1197 3081 1406 3136 fortiter

340 3150 622 3209 sustinere,
657 3158 712 3199 et
752 3158 932 3215 postea
961 3150 1252 3201 vindictam
1290 3169 1403 3205 non

341 3236 605 3287 quaerere3
642 3221 735 3271 sed
762 3236 828 3271 ex
851 3222 1011 3273 corde
1042 3222 1092 3273 ei
1130 3224 1222 3290 qui
1262 3227 1403 3277 mala

341 3289 540 3356 irrogat
591 3290 896 3355 ignoscere,
947 3300 1000 3341 et
1045 3302 1230 3343 contra
1274 3309 1400 3344 eum

340 3360 491 3410 nullo
518 3360 703 3409 dolore
730 3359 983 3410 morderi.
1016 3361 1109 3412 Ille
1131 3364 1280 3413 enim
1302 3378 1400 3415 ve-

337 3430 528 3480 raciter
568 3428 776 3495 patiens
822 3438 933 3490 est,
979 3429 1073 3497 qui
1126 3442 1178 3483 et
1219 3433 1398 3499 ipsum

337 3510 479 3550 amat
515 3514 677 3565 quem
710 3509 910 3565 portat3
936 3514 1062 3550 nam
1095 3502 1318 3553 tolerare
1346 3514 1400 3554 et

336 3572 515 3622 odisse
550 3587 661 3621 non
698 3581 780 3622 est
816 3570 987 3622 virtus
1022 3575 1399 3625 mansuetudi-

337 3642 441 3703 niS‚
496 3643 587 3693 sed
634 3641 994 3693 velamentum
1048 3642 1270 3695 furoriS.
1326 3647 1398 3698 Ut

335 3712 497 3763 etiarn
525 3713 655 3763 dicit
680 3711 997 3765 Bernardus
1027 3731 1044 3765 .·
1077 3732 1106 3760 α
1129 3714 1268 3765 Vera
1292 3732 1395 3781 pa-

332 3782 520 3833 tientia
580 3793 661 3834 est
716 3784 823 3850 pati
878 3784 962 3835 vel
1008 3798 1165 3850 agere
1207 3796 1396 3835 contra

333 3854 479 3917 quod
522 3853 701 3915 libeat,
732 3854 825 3905 sed
868 3869 975 3905 non
1019 3864 1208 3921 praeter
1246 3857 1395 3920 quod

330 3923 499 3990 liceat.
529 3944 557 3974 n
586 3925 829 3992 Insuper,
870 3927 1167 3979 secundum
1204 3923 1395 3995 Chry-

975 320 1214 371 PRIMAE
1249 320 1331 369 ΡΑ
1339 319 1497 370 RTIS
1525 318 1762 370 CAPUT
1791 316 1977 372 vax.

1538 443 1827 488 sestomwn
1842 472 1861 502 ‚
1926 437 2243 504 martyrium
2313 452 2423 490 nen
2487 441 2600 493 sols

1537 508 1821 575 sanguinis
1853 506 2150 569 effusione,
2199 510 2295 560 sed
2332 516 2390 561 et
2423 512 2598 564 absti-

1541 578 1725 628 nentia
1784 588 2121 645 peccatorum
2144 589 2223 629 ct
2274 581 2600 633 exmtitatio-

1540 665 1609 700 ne
1681 661 2071 716 praeceptorum
2136 651 2234 701 Dei
2299 653 2589 718 perficitur.

1542 719 1698 771 Unde
1752 729 1810 771 et
1852 721 2177 771 Ber-otardus
2230 739 2248 772 t
2297 741 2329 770 α
2381 724 2600 790 Semper

1537 791 1832 842 Christiani
1892 792 2315 858 persecutionem
2381 797 2604 861 patiun-

1538 873 1627 914 tur
1645 879 1671 927 3·
1713 865 1903 916 omniu
1945 865 2093 915 enim
2150 881 2271 931 quae
2320 867 2379 916 in
2435 882 2601 919 mun·

1537 935 1609 984 do
1665 945 1800 986 sunt
1873 945 2270 1001 persequuntur
2336 938 2608 990 Christis·

1539 1021 1700 1056 num.
1768 1003 1827 1056 si
1898 1006 2185 1056 comedero
2269 1009 2552 1072 pauiuium
2578 1044 2598 1069 ,

1536 1089 1590 1129 et
1636 1080 2011 1145 corpusculum
2060 1095 2242 1130 meum
2288 1079 2454 1132 fuerit
2507 1099 2597 1133 ro—

1536 1151 1785 1214 bustum3
1823 1149 2025 1201 sanitas
2051 1152 2304 1216 'corporis
2338 1154 2449 1204 mei
2488 1167 2604 1220 per-

1536 1223 1781 1288 sequitur
1825 1221 2063 1272 animam
2106 1238 2300 1274 meam.
2328 1224 2599 1284 Quocun-

1531 1309 1639 1359 que
1666 1304 1754 1343 me
1769 1303 1995 1357 vertero,
2016 1294 2313 1360 persecutio
2331 1297 2476 1347 mihi
2500 1310 2597 1351 est.

1531 1365 1589 1414 Si
1617 1363 1800 1414 videro
1835 1364 2151 1426 mulierem,
2204 1367 2394 1418 oculus
2442 1382 2600 1421 meus

1533 1435 1873 1502 persequitur
1894 1447 2004 1495 me,
2031 1437 2181 1502 cupit
2205 1438 2353 1487 enim
2382 1438 2604 1492 interfi-

1531 1522 1649 1556 oere
1668 1506 1905 1556 animam
1937 1522 2134 1557 meam„
2159 1508 2220 1558 Si
2242 1508 2427 1560 videro
2443 1512 2600 1562 divi·

1530 1578 1651 1638 tias,
1680 1578 1728 1628 si
1768 1593 1982 1641 aurum,
2030 1578 2080 1628 si
2111 1578 2504 1644 possessiones,
2551 1584 2597 1634 si

1528 1649 1745 1699 delicias
1762 1646 2087 1714 corporales,
2107 1650 2155 1699 si
2181 1651 2405 1715 pulchra
2431 1655 2595 1706 vesti·

1525 1720 1709 1771 menta
1719 1759 1737 1785 ,‚
1781 1722 2148 1788 quodcunque
2176 1723 2359 1774 videro
2401 1742 2596 1791 perse-

1526 1793 1714 1859 quitur
1736 1794 1979 1844 animam
2025 1809 2219 1846 meam.
2261 1797 2607 1850 Adolescen-

1526 1865 1700 1916 tulum
1781 1865 1953 1916 libido
2030 1868 2385 1934 persequitur.
2472 1872 2597 1923 Non

1525 1948 1780 2002 putemus
1819 1948 2030 1989 tentum
2073 1940 2130 1989 in
2171 1940 2436 1992 effusione
2466 1960 2597 1995 san-

1523 2010 1709 2076 guinis
1746 2025 1865 2061 esse
1902 2011 2222 2077 martyrium
2261 2013 2598 2068 Christianis

1523 2092 1585 2130 ac
1611 2081 1900 2148 religiosis.
1924 2082 1985 2132 Si
2013 2098 2141 2148 ergo
2175 2093 2306 2134 sunt
2329 2088 2595 2152 martyria

1523 2153 1579 2203 in
1611 2152 1755 2219 pacis
1794 2161 2055 2219 tempore,
2106 2164 2233 2205 sunt
2258 2165 2312 2205 et
2339 2158 2594 2223 negatio·-

1520 2238 1636 2275 nes.
1681 2223 1793 2291 Ego
1828 2225 1993 2277 hodie
2031 2228 2130 2293 qui
2177 2227 2363 2278 videor
2391 2245 2598 2283 mona·

1520 2296 1673 2356 chus,
1709 2296 1757 2346 si
1784 2310 1977 2362 rupero
2007 2297 2344 2363 propositum
2380 2313 2600 2361 meum..

1520 2366 1798 2416 Christum
1863 2367 2070 2432 negavi.
2137 2368 2205 2418 Et
2252 2368 2298 2418 si
2344 2370 2403 2419 in
2458 2388 2591 2437 pace

1520 2436 1800 2487 Christum
1862 2452 2031 2503 nego,
2089 2438 2149 2487 in
2211 2442 2598 2505 persecutione

1518 2506 1649 2571 quid
1674 2505 1933 2556 facerem?
1962 2508 2077 2557 Hoc
2094 2523 2256 2574 ergo:
2284 2510 2411 2575 quia
2426 2514 2588 2563 omni

1517 2587 1762 2644 tempore.
1805 2588 1936 2629 sunt
1995 2580 2251 2646 martyria
2276 2614 2291 2641 ,
2352 2592 2487 2633 sunt
2533 2594 2590 2636 et

1516 2647 1907 2713 persecutiones
1931 2665 1949 2698 t
1978 2666 2006 2696 x·
2036 2649 2153 2699 haec
2180 2651 2522 2703 Ber-nardus.

1578 2738 1611 2788 7
1638 2722 2044 2773 Arruns-tonuit
2080 2737 2149 2773 ετ
2197 2737 2592 2778 murmanis

1514 2804 1780 2842 tri-mus.
1839 2817 1900 2830 -
1947 2792 2100 2844 Sicut
2140 2808 2269 2861 ergo
2316 2795 2603 2861 patienter·

1514 2860 1735 2912 sufferre
1788 2861 2049 2914 debemus
2088 2865 2315 2929 injurias
2351 2865 2420 2916 ab
2453 2867 2588 2919 aliis

1513 2934 1568 2984 in
1596 2948 1697 2984 nos
1722 2934 1952 2999 delatas,
2004 2936 2079 2987 ita
2121 2947 2174 2987 et
2201 2936 2585 2991 tribulationes

1511 3004 1906 3065 infirmitatum,
1940 3016 1996 3055 et
2045 3022 2231 3072 poenss
2269 3024 2389 3074 quae
2417 3010 2600 3062 nobis-

1510 3075 1762 3124 eveniunt
1801 3075 2063 3141 patienter
2107 3077 2328 3128 sufferre
2358 3094 2584 3132 necesse

1510 3156 1609 3196 est.
1641 3146 1827 3197 Multis
1869 3147 2017 3197 enim
2053 3146 2415 3200 calamitatum
2451 3161 2582 3202 ten-

1511 3218 1809 3269 tationibus
1828 3230 2035 3271 mentes
2065 3221 2329 3272 bonorum
2360 3221 2583 3288 pulsan·

1507 3299 1598 3340 tur
1619 3301 1673 3341 et
1712 3291 1900 3342 multis
1926 3292 2104 3343 modis
2126 3308 2159 3343 a
2184 3293 2400 3344 diabolo
2445 3305 2594 3347 ten--

1507 3370 1706 3413 tantur.
1724 3362 1834 3412 Sed
1857 3378 1966 3413 non
1998 3363 2233 3429 amplius
2282 3374 2449 3415 tentat
2478 3380 2580 3418 eos

1505 3446 1671 3498 quam
1707 3431 1807 3483 Dei
1839 3434 2087 3484 voluntas
2115 3434 2413 3499 permittit;
2467 3436 2575 3487 etsi

1507 3504 1716 3563 nolens,
1741 3513 1922 3554 tamen
1938 3503 2160 3555 utilitati
2177 3520 2365 3555 eorum
2383 3505 2591 3567 servit..

1505 3573 1722 3638 quando
1765 3587 1858 3624 eos
1892 3574 2279 3625 tentationibus
2305 3576 2418 3626 suis
2451 3591 2572 3627 non

1504 3643 1719 3710 decipit,
1760 3643 1855 3694 sed
1898 3641 2080 3709 potius
2122 3644 2315 3696 erudit.
2369 3642 2576 3697 Tentat

1502 3725 1683 3764 autem
1725 3728 1818 3764 eos
1861 3712 2151 3779 aliquando
2195 3730 2290 3780 per
2310 3716 2572 3767 stimulos

1502 3783 1856 3849 paupertatis3
1895 3794 1948 3833 et
1988 3800 2111 3835 cum
2161 3801 2259 3851 per
2312 3785 2588 3837 stimulos,

1502 3856 1830 3921 paupertatis
1867 3872 1976 3906 non
2006 3865 2177 3921 potest
2203 3872 2296 3907 eos
2325 3871 2566 3918 movere.

1498 3926 1717 3978 divitias
1736 3926 1958 3978 adhibet
1985 3927 2049 3978 ad
2078 3928 2465 3993 seducendum3
2507 3940 2583 3992 ec
