2757 4413
638 303 732 356 DE
764 300 1207 356 DAEMONIACO
1240 301 1452 354 CAEco
1486 301 1580 354 ET
1612 301 1839 355 MUTO.

2261 299 2364 353 663

1116 523 1388 575 ORATIO

221 720 429 770 Domine
458 720 583 770 Jesu
628 719 872 781 Christe,
920 735 1052 785 rogo
1095 728 1146 769 te
1196 733 1294 785 per
1335 718 1537 769 viscera
1569 717 1950 768 misericordiae
1994 727 2125 778 tuae,
2166 728 2227 769 ut
2274 734 2361 770 me

176 805 406 851 mancum,
434 792 498 840 ad
529 789 832 840 faciendum
860 805 1021 856 opera
1054 790 1193 840 bona
1225 787 1540 848 invalidum,
1576 788 1814 855 digneris
1844 788 2259 840 misericorditer
2288 805 2366 841 sa·

176 876 290 919 nare,
317 871 365 911 et
394 862 458 910 ad
495 877 659 911 omne
686 876 823 926 opus
853 861 1079 920 bonum,
1107 859 1301 910 fortem
1330 869 1382 910 et
1418 869 1604 924 aptum
1644 859 1833 910 facere.
1878 860 1980 911 Fac
2016 874 2101 909 me
2133 870 2270 910 stare
2306 860 2364 911 in

176 931 320 982 medio
345 931 624 991 virtutum,
654 942 732 992 ut,
773 941 825 982 te
860 931 1077 996 jubente
1106 940 1157 981 et
1184 930 1423 990 faciente,
1445 930 1727 980 extendam
1757 931 1822 981 ad
1851 931 2129 996 justitiam,
2161 947 2267 980 non
2295 931 2363 981 ad

173 1001 488 1069 iniquitatem,
522 1017 717 1052 manus
745 1018 910 1064 meas,
939 1017 1135 1068 meque
1168 1002 1225 1052 in
1252 1001 1414 1052 bonis
1441 1001 1750 1061 exercende,
1779 1011 1932 1052 tuum
1969 1001 2362 1068 beneplacitum

174 1072 217 1123 in
239 1074 478 1124 omnibus
504 1073 723 1137 faciam3
766 1083 819 1124 et
861 1074 918 1124 in
966 1074 1109 1125 malo
1137 1073 1444 1133 arescendo,
1476 1075 1543 1122 ab
1585 1073 1786 1124 offensa
1813 1084 1905 1125 tua
1932 1074 2159 1124 omnino
2191 1073 2364 1125 absti-

173 1159 314 1195 neam.
342 1145 418 1195 Da
439 1144 601 1205 mihi,
632 1146 771 1196 bone
793 1145 939 1206 Jesu,
968 1155 1030 1195 ut
1059 1160 1168 1211 prae
1193 1144 1451 1195 omnibus
1490 1143 1697 1195 divitiis
1733 1155 1787 1196 et
1822 1145 2029 1196 deliciis
2057 1145 2243 1206 seculi,
2274 1145 2364 1197 in·-

173 1217 355 1267 tendam
374 1216 541 1267 verbo
564 1215 684 1277 Dei,
713 1230 773 1266 ac
796 1231 929 1268 meae
957 1225 1010 1267 et
1036 1217 1269 1267 aliorum
1296 1215 1477 1266 saluti.
1508 1216 1699 1267 Amen.

908 1596 1242 1668 CAPUT
1297 1597 1611 1668 LXXIII

634 1848 737 1917 De
786 1848 1211 1919 daemoniaco
1266 1870 1443 1920 caeco
1493 1859 1563 1918 et
1619 1857 1835 1918 mut0.

947 2100 1231 2165 Matthaei
1280 2119 1417 2182 cap.
1462 2121 1560 2162 12.

210 2355 228 2389 1
252 2340 486 2393 Cum-rto
510 2356 810 2393 nmsomacr
834 2355 963 2391 emer
990 2356 1057 2391 ετ
1079 2356 1189 2391 κυ-

161 2424 214 2460 rx.
236 2439 287 2449 —
314 2414 437 2464 Post
467 2412 741 2479 praedicta,
769 2413 982 2464 oblatus
1017 2419 1100 2463 est
1138 2411 1190 2461 ei

160 2479 291 2533 homo
324 2484 645 2535 daemonium
680 2485 878 2535 habens
920 2498 1096 2535 caecus
1138 2490 1189 2535 et

159 2558 323 2616 mutus;
351 2555 442 2605 sed
482 2554 657 2604 Lucas
696 2564 913 2605 mutum
955 2564 1184 2614 tantum,

160 2637 242 2673 non
264 2641 450 2677 caecum
484 2626 634 2686 dicit,
665 2636 842 2678 tacens
884 2626 1028 2693 quod
1060 2627 1188 2677 Mat·

157 2694 294 2747 thaeus
337 2698 617 2765 expressit.
659 2699 765 2749 Nec
801 2698 925 2749 talia
969 2707 1098 2749 sunt
1125 2698 1182 2748 in

157 2767 361 2822 daemone
403 2770 726 2831 formaliter,
756 2773 848 2823 sed
886 2772 1064 2822 solum
1100 2771 1183 2822 af-

157 2836 323 2903 fective,
353 2843 488 2910 quia
516 2841 757 2893 effecerat
784 2842 1062 2892 hominem
1093 2858 1184 2892 cae·

157 2922 249 2962 cum
272 2925 319 2964 et
347 2925 598 2977 mutum3
628 2924 681 2964 et
708 2913 827 2963 ideo
853 2913 971 2979 ipso
997 2913 1182 2977 eject0,

155 2981 281 3046 vidit,
324 2998 375 3038 et
420 2986 747 3053 loquebatur
791 2986 974 3038 h0m0.
1026 2986 1183 3037 Unde

155 3056 361 3120 sequitur
388 3075 403 3108 z
437 3058 519 3108 Et
553 3058 763 3108 curavit
796 3072 929 3121 eum,
975 3057 1033 3108 in
1071 3073 1181 3123 quo

153 3135 327 3178 notatur
353 3144 383 3179 a
410 3127 689 3178 daemonio
713 3127 976 3189 liberatio,
1010 3129 1088 3179 ita
1125 3135 1181 3179 ut

152 3195 333 3260 videret,
357 3200 417 3248 in
436 3214 550 3264 quo
565 3198 815 3249 coecitatis
831 3198 1176 3261 illuminatio,

150 3270 188 3313 et
206 3266 512 3333 loqueretur,
547 3269 602 3319 in
627 3284 735 3335 quo
763 3269 990 3335 loquelae
1019 3270 1178 3320 resti-

149 3334 272 3388 tutio.
298 3339 398 3389 Ubi
436 3339 812 3407 Hieronymus
840 3356 858 3389 .-
891 3357 918 3386 «
945 3339 1076 3389 Tria
1101 3339 1178 3390 si-

148 3417 229 3468 gna
272 3409 433 3460 simul
490 3409 548 3460 in
604 3409 825 3460 homine
882 3421 1179 3477 perpetrata

149 3487 289 3528 sunt:
329 3495 502 3530 caecus
551 3480 712 3544 videt,
762 3477 947 3532 mutus
992 3482 1176 3548 loqui-

146 3552 226 3607 tur,
253 3565 531 3614 possessus
562 3567 592 3602 a
619 3552 864 3603 daemone
897 3552 1172 3604 liberatur.

149 3614 275 3674 Quod
312 3630 444 3672 tunc
491 3622 711 3688 quidem
759 3623 1038 3674 carnaliter
1088 3623 1172 3675 fa-
1237 3671 1241 3678 .

146 3693 262 3763 §tum
301 3701 402 3754 est3
451 3692 543 3742 sed
580 3691 823 3757 quotidie
872 3694 1173 3759 completur

145 3769 189 3805 ln
209 3762 544 3813 conversione
566 3762 828 3824 fidelium,
862 3774 921 3815 ut
947 3765 1172 3830 expulso

146 3823 359 3907 dffemone
381 3832 619 3897 primum
658 3834 839 3883 lumen
868 3834 991 3885 fidei
1028 3834 1170 3885 acci-

146 3910 280 3963 piant,
303 3904 498 3957 deinde
524 3905 583 3955 in
610 3906 792 3957 laudes
816 3906 914 3957 Dei
943 3908 1170 3960 tacentia

146 3969 268 4031 prius
292 3988 386 4025 ora
408 3977 725 4028 relaxentur.
748 3995 776 4026 n
801 3977 958 4030 Unde
984 3987 1037 4030 et
1062 3981 1170 4031 Au·

1292 2338 1550 2406 gastina-s·
1581 2356 1599 2388 .-
1639 2356 1666 2385 «
1704 2337 2046 2389 Daemonium
2075 2337 2221 2389 enim
2255 2337 2358 2390 ha-

1294 2411 1444 2467 benS,
1474 2424 1648 2460 caecus
1694 2420 1748 2461 et
1787 2420 1972 2461 mutus
1997 2421 2094 2470 est,
2124 2410 2217 2477 qui
2246 2426 2358 2461 non

1292 2479 1461 2529 credit
1481 2480 1618 2541 De0;
1644 2489 1697 2529 et
1725 2479 1973 2530 subditus
2011 2490 2092 2530 est
2118 2480 2354 2541 diabole,

1291 2551 1387 2617 qui
1415 2566 1525 2600 non
1552 2550 1825 2617 intelligit,
1856 2562 1907 2603 et
1937 2568 2046 2602 non
2075 2551 2359 2602 confitetur

1292 2622 1465 2688 ipsam
1500 2620 1680 2684 fidem,
1721 2624 1803 2673 vel
1830 2623 1923 2689 qui
1953 2639 2061 2674 non
2102 2623 2191 2673 dat
2233 2624 2355 2673 lau-

1290 2693 1412 2741 dem
1438 2693 1567 2744 De0.
1591 2713 1619 2740 n
1646 2693 1801 2744 Unde
1826 2694 1986 2744 etiam
2017 2694 2354 2762 chrysosto-

1291 2779 1408 2815 mus
1433 2782 1449 2815 :
1479 2783 1506 2811 α
1532 2766 1611 2816 Ne
1638 2766 1835 2832 aliquis
1864 2776 2011 2832 putet
2038 2766 2168 2832 quia
2198 2764 2354 2817 suffi-

1291 2837 1363 2888 cit
1399 2837 1611 2888 homini
1640 2838 1781 2888 fideli
1812 2855 2130 2905 cognoscere
2159 2840 2353 2906 Deum,

1290 2919 1368 2960 est
1408 2921 1460 2962 et
1490 2914 1848 2962 necessarium
1881 2912 2122 2964 confiteri
2152 2914 2351 2979 Deum;

1290 2991 1341 3031 et
1389 2980 1508 3031 ideo
1552 2997 1747 3032 caecum
1789 2993 1842 3033 et
1881 2993 2093 3033 mutum
2132 2983 2353 3045 curavit,

1288 3056 1475 3105 oculos
1504 3055 1568 3104 ad
1591 3057 2041 3121 cognoscendum,
2061 3072 2122 3108 os
2141 3058 2206 3107 ad
2234 3073 2357 3108 con·

1288 3122 1548 3174 fitendum
1589 3125 1780 3177 Deum.
1814 3126 1918 3185 Qui
1966 3127 2257 3193 cognoscit,
2301 3136 2354 3178 et

1287 3210 1396 3244 non
1422 3194 1724 3258 confitetur,
1747 3197 1836 3247 ille
1859 3198 1958 3249 etsi
1981 3199 2170 3248 oculos
2190 3213 2349 3248 men-

1285 3265 1354 3317 tis
1406 3266 1595 3317 habeat
1657 3278 1889 3330 curatOS,
1937 3279 2116 3320 tamen
2175 3269 2352 3320 adhuc

1286 3347 1470 3387 mutus
1498 3347 1592 3388 est.
1625 3337 1731 3398 Qui
1762 3354 1887 3406 ergo
1918 3340 2107 3391 videns
2139 3356 2249 3389 non
2277 3339 2354 3390 fa-

1283 3406 1355 3458 cit
1402 3419 1658 3474 praecepta
1699 3408 1825 3475 Dei,
1872 3421 1923 3462 et
1969 3410 2063 3476 qui
2121 3410 2350 3477 loquens

1281 3498 1393 3532 non
1430 3482 1670 3549 loquitur
1719 3484 1932 3535 laudem
1977 3484 2075 3536 Dei
2122 3495 2174 3536 et
2223 3497 2350 3548 gra-

1281 3552 1446 3617 tiam3
1508 3554 1598 3605 ille
1647 3555 1744 3606 etsi
1794 3555 2051 3622 loquitur,
2099 3565 2151 3607 et
2200 3553 2346 3604 videt

1280 3634 1546 3690 quantum
1583 3625 1650 3675 ad
1679 3626 1872 3687 Deum,
1902 3636 2078 3677 tamen
2124 3635 2176 3675 et
2214 3639 2343 3674 mu-

1279 3706 1367 3747 tus
1401 3707 1454 3748 et
1485 3714 1652 3749 caecus
1675 3710 1773 3750 est.
1806 3700 1928 3749 Non
1958 3699 2104 3749 enim
2132 3698 2223 3748 ille
2252 3697 2345 3749 vi-
2403 3750 2406 3753 ,

1277 3769 1366 3820 det
1396 3770 1586 3830 Deum,
1621 3770 1715 3837 qui
1757 3770 1856 3821 scit
1884 3771 2082 3833 Deum;
2117 3769 2210 3820 sed
2242 3768 2340 3836 qui

1276 3841 1430 3893 timet
1459 3853 1512 3893 et
1551 3843 1730 3909 diligit
1756 3844 1947 3893 Deum.
1981 3843 2047 3893 Et
2081 3842 2175 3908 qui
2223 3853 2340 3894 orat

1274 3922 1327 3962 et
1358 3912 1554 3978 psallit,
1584 3923 1635 3964 et
1672 3928 1779 3963 non
1818 3912 1947 3963 facit
1985 3927 2108 3979 quae
2136 3912 2340 3977 laudat,

1274 3981 1363 4034 ille
1403 3997 1625 4049 corpore
1677 3982 1937 4049 loquitur,
1994 3982 2177 4035 animo
2235 3997 2337 4035 au·-
