2757 4413
340 270 442 323 550

335 399 502 439 strare
554 386 700 453 quod
761 385 947 436 omnia
1001 385 1060 435 in
1111 383 1402 435 dilectione

334 469 798 518 consummantur,
827 458 966 509 dixit
983 456 1239 508 Simoni:
1266 457 1407 507 Pro-

326 540 451 600 pter
476 530 619 597 quod
637 531 756 582 dico
790 530 929 581 tibi.-
962 529 1323 581 Remittuntur
1352 528 1405 578 ei

328 611 555 671 peccata
576 605 759 666 multa,
784 604 1033 670 quoniam
1054 601 1252 653 dilexit
1277 602 1406 651 mul·

337 681 482 739 tum,·
525 689 652 724 nam
682 675 887 725 caritas
913 673 1088 740 operit
1117 671 1407 724 multitudi-

335 760 449 797 nem
484 752 847 811 peccatorum.
891 746 956 796 Et
1000 755 1059 795 tu
1107 745 1404 810 plurimum

335 817 517 883 dilige,
542 826 604 866 ut
631 816 730 866 tibi
762 816 1057 882 plurimum
1079 815 1399 867 remittatur.

339 888 497 939 Unde
550 886 974 952 Chrysostomus
1008 905 1026 938 .-
1057 907 1084 934 ιι
1116 888 1250 938 Nam
1307 886 1403 952 qui

334 958 681 1008 vehementer
732 972 789 1006 se
846 957 1181 1023 ingesserunt
1229 957 1403 1017 maliS,

336 1043 523 1079 rursus
571 1036 623 1077 et
671 1027 826 1077 bonis
861 1028 1205 1078 vehementer
1265 1027 1407 1077 insi-

334 1111 493 1165 stent,
515 1099 717 1150 conscii
749 1101 814 1150 ad
839 1111 971 1167 quot
992 1102 1169 1152 debita
1191 1117 1249 1151 se
1276 1100 1409 1150 obli·

335 1184 612 1241 gaverunt.
642 1193 670 1221 n
698 1174 802 1224 Cui
819 1181 991 1225 autem
1020 1175 1195 1225 minus
1222 1174 1407 1224 dimit-

337 1247 485 1306 titur,
519 1245 693 1295 minus
733 1245 931 1311 diligit,
972 1255 1033 1297 ut
1069 1244 1287 1304 scilicet,
1325 1254 1403 1302 tu,

334 1316 617 1366 Pharisaee.
664 1317 767 1366 Sed
816 1334 924 1367 non
964 1317 1241 1383 superbias
1268 1315 1314 1366 si
1345 1315 1403 1365 in

333 1385 678 1451 paucioribus
705 1387 921 1450 teneris,
950 1388 1077 1452 quia
1100 1396 1160 1436 tu
1188 1401 1406 1452 quoque

331 1456 489 1507 venia
522 1471 667 1522 eges3
710 1458 892 1508 nullus
922 1458 1068 1508 enim
1098 1466 1270 1524 potest
1310 1472 1405 1522 per

331 1528 680 1594 semetipsum
702 1544 733 1579 a
752 1530 934 1580 debito
949 1530 1144 1596 peccati
1166 1529 1401 1591 liberari,

332 1600 438 1650 nisi
470 1600 653 1651 divina
678 1601 845 1666 gratia
863 1601 1074 1652 veniam
1100 1616 1403 1668 consequa-

331 1683 439 1723 tur.
469 1671 665 1737 Igitur,
700 1683 761 1722 ut
795 1673 871 1722 ait
898 1673 1041 1733 idem
1069 1675 1402 1742 Chrysosto-

334 1756 452 1793 mus
480 1757 497 1792 .·
529 1760 555 1786 α
585 1742 740 1807 Opus
765 1752 844 1792 est
867 1742 1026 1793 nobis
1046 1743 1267 1794 ferventi
1292 1743 1404 1794 ani·

336 1826 456 1870 ma,
505 1809 633 1875 quia
683 1810 822 1861 nihil
864 1811 1090 1878 impedit
1121 1811 1402 1862 hominem

333 1881 446 1932 fieri
488 1894 765 1945 magnum.
797 1881 990 1933 Nullus
1033 1897 1158 1947 ergo
1199 1882 1403 1933 consti·

328 1961 576 2002 tutorum
602 1950 660 1999 in
691 1952 915 2016 peccatis
943 1953 1204 2018 desperet,
1227 1969 1402 2019 neque

335 2015 609 2074 viituosus
648 2022 917 2074 dormitet.
960 2024 1068 2074 Nec
1103 2024 1196 2074 hic
1226 2023 1403 2074 confi-

332 2097 441 2156 dat,
479 2110 622 2162 saepe
662 2095 808 2145 enim
855 2098 1106 2148 meretrix
1142 2099 1403 2164 praecedet

333 2184 488 2233 eum;
548 2184 645 2220 nec
702 2167 791 2220 ille
846 2169 1052 2222 diffidat
1073 2211 1087 2233 ,
1145 2170 1403 2237 possibile

332 2256 566 2307 namque
597 2250 679 2291 est
704 2255 825 2291 eum
856 2242 1013 2293 etiam
1058 2244 1263 2310 primos
1302 2260 1402 2294 su-

331 2326 513 2378 perare
542 2328 556 2361 2
584 2330 613 2359 n
642 2312 759 2362 haec
788 2311 1224 2382 Chrysostomus.
1248 2314 1402 2366 Unde

335 2392 387 2434 et
417 2383 722 2450 Gregorius
749 2400 767 2434 .·
793 2402 820 2429 α
842 2384 984 2444 Quid
1001 2424 1015 2446 ‚
1058 2386 1243 2437 fratres
1273 2387 1400 2448 mei,

338 2469 457 2504 esse
520 2453 861 2504 dilectionem
920 2456 1188 2507 credimus
1208 2494 1222 2520 ‚
1295 2456 1401 2507 nisi

338 2523 556 2589 ignem?
586 2524 653 2574 Et
682 2524 814 2590 quid
847 2526 1077 2592 culpam,
1108 2527 1214 2577 nisi
1245 2527 1402 2577 rubi-

333 2594 545 2659 ginem?
588 2614 616 2642 τι
647 2596 800 2646 Unde
845 2612 990 2646 nunc
1029 2597 1261 2648 dicitur.
1285 2599 1403 2650 Re-

334 2665 615 2715 mittuntur
668 2666 719 2716 ei
757 2674 982 2731 peccata
1035 2668 1232 2730 multa,
1276 2670 1401 2735 quia

334 2733 533 2785 dilexit
558 2735 794 2786 multum.
826 2737 1065 2788 Incendit
1092 2738 1248 2803 plane
1273 2755 1403 2806 pec-

339 2805 439 2856 cati
466 2806 793 2871 rubiginem,
819 2808 948 2874 quia
973 2810 1120 2860 ardet
1136 2811 1288 2861 valde
1310 2827 1404 2876 per

335 2878 539 2927 amoris
558 2877 757 2942 ignem.
781 2879 847 2929 Et
872 2880 917 2929 si
942 2881 1138 2931 durum
1157 2892 1235 2933 est
1253 2883 1405 2934 valde

337 2947 480 3013 quod
509 2947 773 3013 coquitur,
803 2950 1040 3001 abundat
1063 2961 1241 3003 tamen
1262 2968 1407 3004 amo-

334 3016 412 3068 ris
462 3016 586 3082 igne
629 3033 738 3082 quo
772 3018 933 3069 etiam
974 3021 1106 3072 dura
1146 3038 1406 3074 consum-

337 3096 568 3136 mantur.
635 3087 812 3138 Tanto
888 3106 1121 3172 namque
1172 3094 1406 3159 amplius

252 3175 261 3184 ⁶
336 3156 532 3222 peccati
578 3157 771 3223 rubigo
807 3162 1403 3229 consumitur,quan10

337 3228 623 3294 peccatoris
665 3245 757 3280 cor
783 3247 977 3297 magno
1015 3234 1246 3285 caritatis
1278 3235 1404 3301 igne

334 3310 715 3353 concrematur.
732 3302 836 3352 Ubi
856 3305 1234 3370 Augustinus.-
1255 3325 1282 3353 «
1303 3308 1404 3358 Hic

337 3371 508 3422 multa
540 3374 812 3424 commisit
839 3386 892 3425 et
920 3378 1213 3428 multorum
1245 3379 1403 3430 debi-

338 3450 425 3492 tor
447 3440 615 3491 factus
633 3453 748 3507 est;
780 3444 887 3505 ille,
916 3447 1247 3512 gubernante
1268 3450 1400 3511 Deo,

337 3530 501 3582 pauca
552 3518 840 3569 commisit.
899 3520 1001 3570 Cui
1055 3521 1273 3587 deputat
1312 3523 1403 3574 ille

338 3588 483 3653 quod
513 3587 722 3640 dimisit
762 3590 922 3651 huic,
969 3602 1022 3643 et
1055 3592 1157 3643 iste
1186 3594 1402 3660 deputet

337 3657 484 3736 quod
541 3673 650 3707 non
700 3661 991 3712 commisit.
1047 3662 1269 3714 Nullum
1322 3675 1404 3716 est

338 3725 484 3776 enim
534 3738 808 3793 peccatum
858 3732 1003 3797 quod
1046 3731 1174 3782 facit
1215 3733 1400 3796 homo,

339 3798 485 3862 quod
514 3815 621 3849 non
643 3811 823 3866 posset
849 3802 1016 3855 facere
1043 3813 1094 3854 et
1126 3805 1258 3868 alter
1294 3806 1403 3857 ho·-

343 3881 454 3933 mo,
484 3867 530 3919 si
555 3869 696 3923 desit
727 3882 901 3925 rector
932 3889 964 3927 a
990 3890 1099 3943 quo
1126 3874 1296 3929 factus
1322 3887 1403 3929 est

998 269 1236 320 PRIMAE
1268 267 1516 318 PARTIS
1548 267 1783 320 CAPUT
1813 268 1924 321 Lx.

1510 382 1694 434 homo.
1715 401 1743 430 n
1769 383 1924 435 Unde
1942 394 1994 436 et
2009 385 2324 436 Bernartius
2342 403 2362 437 .-
2384 403 2412 432 α
2432 387 2574 447 Quis

1510 470 1620 505 non
1649 455 1823 506 videat
1840 458 1985 524 quod
2004 457 2144 508 sicut
2173 458 2230 508 in
2260 459 2431 510 multa
2452 474 2575 525 pec·

1509 535 1621 575 cata
1650 526 1842 588 cecidi,
1882 528 1959 578 sic
1986 538 2038 579 et
2066 528 2122 578 in
2152 529 2322 579 multa
2346 528 2450 579 alia
2478 543 2575 579 ce-

1508 595 1757 646 cidissem
1776 635 1791 658 ‚
1823 598 1928 648 nisi
1963 598 2367 664 Omnipotentis
2402 599 2577 664 pietas

1509 669 1804 718 servasset?
1841 669 2029 720 Fateor
2069 680 2121 719 et
2156 670 2359 720 fatebor
2389 687 2403 720 :
2439 671 2577 722 Nisi

1509 741 1635 805 quia
1687 741 1950 793 Dominus
1995 743 2204 811 adjuvit
2256 758 2361 806 me,
2400 744 2575 808 paulo

1511 811 1684 861 minus
1719 811 2011 864 habitasset
2056 814 2109 863 in
2147 813 2356 878 inferno
2388 814 2576 864 anima

1508 898 1649 947 mea,
1688 885 1936 936 videlicet
1981 886 2259 936 cecidisset
2302 886 2360 937 in
2408 883 2578 938 omne

1510 966 1783 1021 peccatum
1813 957 1995 1007 anima
2024 971 2161 1008 mea.
2189 976 2218 1004 n

1570 1042 1605 1094 9
1642 1029 1875 1079 Mrsrxcn
1923 1029 2070 1078 Deus
2118 1042 2213 1077 EST
2261 1044 2576 1080 Fauen-ron

1509 1114 1598 1148 cm
1622 1115 2021 1150 sansacu-:uno
2037 1115 2197 1149 mmm
2222 1115 2576 1151 recen-on.—

1510 1172 1728 1237 Mystice
1750 1172 2025 1229 fenerator
2046 1172 2146 1223 iste
2164 1172 2336 1222 Deum
2356 1171 2576 1238 signifi-

1510 1252 1621 1302 cat,
1667 1243 1762 1308 qui
1802 1259 1899 1309 pro
1937 1245 2093 1309 culpa
2129 1260 2340 1309 poenam
2388 1253 2440 1294 et
2477 1259 2577 1310 pro

1509 1314 1668 1364 donis
1691 1316 1982 1381 gratiarum
2018 1316 2272 1367 meritum
2303 1316 2577 1367 bonorum

1508 1387 1692 1452 exigit.
1715 1387 1999 1440 Debitores
2017 1389 2121 1439 dici
2153 1398 2378 1455 possunt
2405 1389 2578 1440 Maria

1509 1466 1563 1506 et
1591 1456 1911 1520 PharisaeuS,
1934 1468 2200 1523 quantum
2220 1458 2285 1508 ad
2316 1457 2575 1523 proposi-

1505 1535 1642 1588 tum,
1670 1527 1752 1577 vel
1771 1528 2000 1592 populus
2028 1528 2285 1578 Gentium
2305 1537 2358 1577 et
2383 1526 2579 1587 Judai-

1508 1613 1619 1661 cus,
1640 1598 1725 1648 vel
1754 1607 1995 1663 peccator
2023 1599 2269 1649 notorius
2299 1609 2351 1648 et
2384 1599 2578 1649 occul·

1507 1680 1613 1730 tus,
1633 1671 1717 1721 vel
1737 1670 1961 1721 clericus
1980 1681 2033 1721 et
2056 1670 2222 1721 laicus
2247 1685 2266 1721 t
2296 1680 2348 1720 et
2366 1669 2443 1720 sic
2461 1670 2577 1720 duo

1506 1741 1775 1792 debitores
1803 1751 1931 1791 sunt
1958 1742 2066 1791 duo
2095 1740 2310 1807 populi,
2346 1739 2431 1790 vel
2461 1740 2577 1790 duo

1506 1819 1674 1861 status
1729 1821 2078 1876 peccatorum.
2142 1810 2321 1861 Primi
2387 1809 2579 1861 debent

1505 1882 1823 1948 quingentos
1850 1881 2118 1945 denarios,
2147 1882 2274 1948 quia
2298 1881 2420 1948 plus
2445 1896 2577 1946 pec-

1506 1965 1652 2018 cant;
1703 1955 1921 2005 secundi
1971 1955 2390 2021 quinquaginta,
2443 1953 2577 2020 quia

1507 2027 1707 2078 minus.
1745 2027 1858 2078 Sed
1898 2042 1999 2078 non
2046 2029 2236 2079 habent
2263 2028 2399 2078 unde
2440 2027 2577 2078 red-

1506 2098 1654 2160 dant,
1696 2097 1822 2163 quia
1851 2099 2035 2148 nullus
2064 2098 2440 2164 praedictorum
2469 2112 2577 2163 po-

1506 2178 1609 2221 test
1636 2168 1842 2226 absolvi
1874 2169 2105 2237 propriis
2133 2169 2339 2220 viribus
2366 2169 2576 2236 absque

1506 2239 1703 2306 gratia3
1728 2250 1781 2291 et
1801 2241 1918 2292 ideo
1944 2241 2108 2292 donat
2126 2240 2381 2306 utrisque,
2413 2240 2467 2291 id
2494 2250 2577 2291 est

1506 2314 1712 2363 donum
1744 2313 2038 2379 gratuitum
2064 2314 2170 2376 dat,
2200 2328 2293 2378 per
2321 2313 2470 2376 quod
2494 2312 2577 2363 eis

1506 2384 1768 2435 debitum.
1791 2384 2059 2435 dimittit:
2098 2400 2220 2434 non*
2258 2384 2406 2433 enim
2454 2384 2576 2435 sine

1507 2455 1651 2505 dono
1684 2454 1780 2505 Dei
1824 2455 2056 2520 gratuito
2087 2453 2148 2504 fit
2174 2454 2342 2519 culpae
2372 2453 2574 2505 remis-

1503 2539 1606 2576 sio.

1578 2613 1640 2647 10
1671 2598 1714 2647 F
1716 2613 1831 2648 mes
1870 2599 2214 2648 Mmmnmaess
2249 2614 2577 2657 MUNERAQUS

1508 2684 1576 2719 m·
1592 2684 1692 2718 mx
1717 2683 1817 2718 xpst
1846 2683 2099 2719 corun.
2120 2696 2181 2706 —
2197 2668 2365 2719 Dixit
2395 2674 2574 2719 autem

1507 2739 1773 2790 Dominus
1790 2740 1865 2790 ad
1883 2740 2151 2792 mulierem
2172 2758 2189 2791 .·
2208 2739 2576 2791 Remittuntur

1510 2808 1607 2860 tibi
1647 2817 1902 2875 peccata,
1959 2810 2162 2861 scilicet
2229 2826 2339 2860 non
2391 2811 2573 2861 solum

1510 2891 1774 2947 quantum
1803 2880 1868 2930 ad
1905 2890 2109 2931 reatum
2138 2890 2190 2931 et
2216 2881 2448 2947 culpam,
2477 2881 2573 2932 sed

1509 2952 1671 3003 etiam
1700 2963 1965 3020 quantum
2010 2955 2077 3004 ad
2122 2963 2299 3004 reatus
2335 2969 2572 3020 poenam,

1510 3035 1561 3076 et
1589 3026 1692 3076 hoc
1722 3024 1783 3076 fit
1823 3041 1889 3076 ex
1928 3026 2229 3077 vehementi
2263 3041 2446 3076 amore
2471 3025 2572 3077 Dei

1510 3108 1563 3149 et
1591 3098 1815 3148 horrore
1847 3098 2046 3163 peccati
2080 3097 2350 3163 praeteriti.
2372 3097 2421 3148 O
2442 3096 2574 3148 felix

1512 3167 1678 3218 Maria
1701 3167 1786 3218 cui
1819 3177 1897 3218 tot
1924 3169 2120 3218 dantur
2148 3166 2398 3218 munera!
2433 3168 2575 3218 Nam

1509 3239 1685 3305 primo
1710 3239 1867 3289 datur
1883 3238 1932 3290 ei
1952 3248 2282 3304 peccatorum
2306 3237 2575 3299 remissio,

1510 3320 1571 3362 ut
1597 3310 1686 3361 hic
1712 3311 1939 3374 dicitur;
1970 3311 2201 3362 secundo
2230 3309 2289 3359 fit
2315 3310 2576 3375 spiritua-

1509 3381 1629 3432 liter
1677 3380 1957 3432 familiaris
1989 3380 2251 3440 Domin0,
2290 3389 2351 3429 ut
2388 3379 2444 3430 in
2479 3395 2575 3431 se·

1507 3451 1694 3519 quenti
1736 3451 1967 3517 capitulo
2012 3452 2291 3512 subditur;
2321 3449 2479 3502 tertio
2510 3450 2577 3502 fit

1506 3523 1557 3574 ei
1606 3522 1902 3573 Dominicae
1947 3521 2350 3573 resurrectionis
2396 3521 2577 3587 prima

1506 3592 1794 3661 apparitio,
1845 3602 2003 3660 prout
2046 3592 2182 3644 infra
2220 3594 2286 3643 de
2328 3607 2574 3643 resurre-

1508 3666 1682 3715 ctione
1723 3663 1943 3714 Domini
1985 3673 2242 3714 narratur.
2284 3663 2349 3713 Et
2394 3676 2572 3728 coepe-

1508 3742 1633 3787 runt
1681 3736 1772 3802 qui
1817 3735 1982 3787 simul
2027 3734 2400 3786 accumbebant
2443 3749 2571 3785 cum

1508 3806 1761 3868 Domino,
1794 3806 1972 3857 dicere
2010 3805 2153 3873 intra
2186 3803 2372 3866 se,-in
2410 3805 2577 3855 corde

1509 3893 1608 3930 suo
1636 3894 1653 3929 ε
1690 3876 1827 3941 Quis
1844 3884 1926 3929 est
1945 3877 2029 3929 hic
2058 3876 2150 3943 qui
2170 3876 2330 3928 etiam
2339 3882 2573 3946 peecata
