2757 4413
607 321 699 371 DE
737 321 1180 373 DAEMONIACO
1215 324 1424 376 CAECO
1457 327 1557 377 ET
1582 330 1806 382 MUTO.

117 436 296 500 quar-is.
315 435 418 494 Qui
444 450 571 500 ergo
605 452 729 487 cum
749 437 855 488 alio
881 439 1141 504 loquitur,

119 507 380 557 consideret
412 523 482 557 an
526 519 743 574 propter
779 526 853 569 se.
891 513 974 561 vel
1013 526 1143 575 pro-

118 588 211 641 pter
229 578 386 628 alium
414 579 567 644 loqui
598 580 806 635 habeat.
833 582 890 631 Si
927 593 1145 647 propter

117 650 263 710 illum,
287 662 471 702 utrum
502 652 575 702 sit
601 654 722 704 talis
757 655 853 721 qui
896 670 994 705 sua
1019 670 1143 705 cor—

116 722 316 771 rectione
338 721 589 788 indigeat,
618 725 703 774 vel
731 725 827 790 qui
856 726 1142 775 correctio-

116 808 214 842 nem
235 809 340 842 non
365 794 601 859 recipiat.
643 823 704 833 —-
742 797 867 857 Ubi,
897 798 1146 863 quaedam

115 865 234 915 enim
274 876 394 916 sunt
438 867 557 916 loca
614 869 705 918 ubi
762 870 913 919 nullo
960 871 1141 931 mode,

114 937 226 986 utin
252 937 580 1002 sanctuari03
609 941 856 1004 quaedam
882 940 979 990 ubi
1003 956 1142 999 rar0.

116 1017 164 1056 ut
185 1007 233 1056 in
259 1008 533 1071 convivi03
562 1012 809 1074 quaedam
836 1011 929 1060 ubi
958 1013 1143 1061 mode-

114 1089 217 1138 rate,
256 1088 315 1128 ut
369 1078 430 1128 in
475 1079 738 1130 locutorio
788 1092 867 1132 est
914 1083 1144 1147 loquen-

113 1151 235 1200 dum.
258 1178 316 1188 -—
341 1151 571 1210 Quando
604 1154 921 1204 determinat
960 1156 1143 1205 Eccle-

112 1221 285 1281 siastes,
333 1222 520 1271 dicens
569 1239 582 1270 ι
645 1225 874 1291 Tempus
916 1227 1144 1289 tacendi,

111 1299 152 1342 et
177 1300 367 1352 tempus
406 1294 667 1359 loquendi.
704 1297 1011 1347 Tacendum
1045 1308 1141 1357 est,

108 1363 365 1428 aliquando
414 1375 630 1430 propter
655 1367 959 1417 auditorum
990 1366 1144 1417 infir-

111 1433 319 1482 mitatem
340 1449 356 1496 ;
397 1434 680 1514 aliquando
719 1448 932 1502 propter
968 1437 1144 1487 vitan-

109 1504 208 1553 darn
274 1504 786 1569 praecipitationem3
854 1508 1143 1573 aliquando

109 1585 291 1639 propter
345 1590 588 1640 personae
635 1577 853 1627 alterius
897 1593 1142 1628 reveren-

107 1643 244 1692 tiain·
233 1645 566 1709 ‚aliquando
596 1656 810 1710 propter
838 1648 1140 1699 auditorum

108 1712 474 1791 indignitatem.
497 1743 557 1752 -
580 1716 818 1775 Qualiter
853 1728 1031 1768 autem
1059 1720 1142 1769 vel

105 1787 371 1849 quomodo,
395 1769 452 1835 id
478 1796 559 1835 est
585 1802 693 1851 quo
725 1801 896 1853 gestu,
924 1806 1035 1856 quo
1064 1806 1144 1841 so-

107 1871 179 1914 no,
215 1867 262 1906 et
294 1871 406 1922 qua
439 1855 845 1920 significatione.
892 1860 974 1909 Sit
1014 1876 1141 1925 ergo

103 1937 256 1988 gestus
291 1926 524 1992 simplex
573 1937 628 1976 et
671 1928 923 1992 humilis;
973 1945 1140 1980 sonus

107 1997 227 2047 mitis
266 2009 317 2048 et
363 1997 584 2060 suavis·,
620 1998 940 2064 significatio
983 2016 1141 2052 verax

105 2077 145 2115 et
163 2069 339 2119 dulcis.
374 2069 769 2133 compendium
809 2080 986 2121 autem
1015 2088 1143 2121 om-

109 2137 231 2188 nium
267 2139 649 2205 praedictorum
698 2141 799 2190 hoc
829 2157 945 2192 esse
986 2144 1140 2194 vide-

111 2220 191 2270 tur,
215 2223 267 2261 ut
293 2213 446 2262 tarde
476 2223 528 2261 et
555 2227 672 2261 raro
710 2214 832 2279 quis
871 2217 1138 2281 loquatur.

109 2282 234 2333 Unde
276 2284 488 2333 Seneca
517 2300 533 2332 .·
566 2302 591 2329 α
631 2285 852 2335 Summa
897 2303 1140 2337 summa-

106 2366 202 2400 rum
246 2353 362 2403 haec
399 2362 495 2411 est,
529 2352 892 2419 tardiloquum
934 2366 985 2406 te
1027 2373 1142 2407 esse

103 2424 249 2485 jubeo.
281 2445 309 2472 ι)
343 2425 412 2474 Et
442 2424 636 2473 iterum
663 2442 675 2473 ι
708 2444 735 2471 α
765 2427 1042 2494 Quidquid
1066 2431 1144 2478 di-

103 2506 256 2547 cturus
299 2513 380 2557 eS,
424 2506 709 2562 antequam
763 2499 900 2559 aliis,
944 2502 1143 2553 dixeris

104 2566 198 2617 tibi.
237 2570 431 2633 Magna
479 2577 558 2616 est
603 2582 685 2616 res
713 2569 859 2618 vocis
893 2580 945 2620 et
976 2572 1144 2622 silen-

100 2638 149 2687 tii
186 2649 681 2705 temperamentum.
725 2660 752 2687 ι)
782 2642 852 2690 Et
904 2642 1141 2697 iterum:

104 2727 125 2754 <t
159 2712 302 2770 Quod
365 2710 585 2760 tacitum
638 2727 753 2761 esse
792 2712 890 2773 vis,
938 2717 1142 2767 nemini

100 2780 290 2847 dixeris,
341 2782 474 2848 quia
537 2798 643 2832 non
694 2785 893 2849 poteris
935 2788 1001 2837 ab
1039 2791 1144 2840 alio

102 2852 281 2917 exigere
344 2852 643 2911 silentium,
696 2853 741 2913 si
796 2855 1000 2921 tibiipsi
1034 2876 1146 2910 non

101 2933 291 2982 praestas
323 2939 339 2971 ι
379 2941 406 2968 »
446 2922 562 2971 haec
590 2922 808 2974 Seneca.
838 2927 960 2989 Sed,
1005 2929 1141 2981 heu!

101 3003 203 3040 sunt
258 2992 433 3058 aliqui
484 3007 592 3041 non
640 2994 816 3045 solum
864 3000 1142 3061 seculares»,

101 3063 173 3111 sed
230 3075 281 3114 et
350 3064 609 3129 religiosi,
669 3066 761 3131 qui
822 3072 1146 3137 quandoque

101 3131 234 3182 etiam
285 3134 407 3184 sine
459 3150 613 3184 causa
660 3137 963 3189 rationabili
1023 3142 1143 3193 aliis

99 3200 196 3252 irati
224 3214 408 3254 torvos
439 3206 624 3254 oculos
657 3216 710 3255 et
737 3209 917 3260 vultus
960 3224 1144 3266 osten-

101 3273 244 3338 dunt;
276 3292 337 3325 ac
376 3275 599 3342 insuper
626 3278 879 3330 dentibus
907 3283 1143 3335 striden-

97 3343 167 3403 d0‚
206 3363 364 3397 voces
407 3347 635 3399 furiosas
672 3351 951 3417 emittunt;
983 3367 1035 3407 et
1067 3359 1143 3409 sic

96 3415 393 3478 daemonem,
440 3419 533 3484 qui
583 3420 726 3470 intus
768 3438 858 3473 eos
892 3428 1143 3491 possidet,

96 3485 202 3537 aliis
245 3497 396 3539 extra
441 3487 693 3554 produnt.
725 3492 795 3542 Hi
840 3497 968 3547 tales
1014 3498 1146 3551 bene

97 3555 146 3605 in
198 3561 304 3611 hoc
360 3561 596 3611 Daciano
643 3563 718 3612 in
749 3565 968 3618 Beatum
1015 3572 1149 3622 Vin-

95 3629 319 3679 centium
368 3630 607 3681 saevienti
652 3634 1033 3702 assimilantur,
1082 3644 1148 3693 de

96 3711 188 3761 quo
215 3701 276 3750 in
302 3713 561 3751 sermone
582 3705 884 3769 Augustini
906 3710 982 3760 sic
1014 3713 1149 3764 dici-

95 3777 214 3821 mr:
244 3790 272 3818 a
312 3774 418 3822 Per
454 3773 681 3825 furioms
742 3778 891 3830 enim
931 3783 1147 3837 Daciani

95 3856 254 3905 voces,
285 3860 389 3912 per
410 3855 593 3898 truces
613 3850 814 3910 oculos
840 3864 890 3904 et
917 3856 1148 3911 minaces

96 3915 280 3980 vultus,
312 3926 368 3967 et
392 3919 562 3970 totius
577 3922 826 3987 eorporis
849 3938 1032 3981 motus
1060 3932 1154 3984 ille

2210 333 2318 403 677

1250 439 1518 491 habitator
1549 444 1663 508 ejus
1704 444 1925 495 interior
1977 450 2314 501 monstraba—

1249 520 1370 573 tur;
1397 522 1449 561 et
1476 529 1569 578 per
1599 515 1715 566 haec
1744 517 1897 582 signa
1919 518 2181 580 visibilia‚.
2204 531 2316 572 tan-

1252 597 1415 647 quam
1456 600 1551 649 per
1582 586 1666 635 sui
1702 588 1899 637 vasculi
1940 591 2085 654 quod
2114 591 2312 657 imple·—

1245 664 1390 703 verat
1406 657 1671 722 crepantis
1689 658 1928 723 rimulas,
1949 661 2228 714 videbatur
2245 681 2261 714 z
2285 684 2310 711 ιι

1247 728 1359 778 haec
1386 732 1743 796 Augustinus.

1315 815 1377 865 19
1415 799 1748 859 Qumnoqun
1765 819 2148 856 ‘mortuam-ms
2176 822 2312 858 cut.-

1247 884 1421 918 mmu
1446 886 1556 920 Esr.
1609 898 1670 910 -—-
1702 874 1861 924 Tales
1889 876 2050 925 etiam
2075 879 2315 940 quando-

1247 956 1353 1005 que
1394 942 1508 991 suis
1549 943 1748 1009 linguis
1779 947 1948 997 acutis
1988 961 2227 1014 parcunt,
2257 960 2311 1002 et

1248 1027 1306 1061 se
1346 1013 1734 1066 abscondentes
1779 1019 2123 1070 taciturnitati
2168 1021 2310 1073 insi—

1246 1094 1423 1148 stunt3
1473 1100 1532 1135 ac
1573 1087 1850 1138 silentium
1891 1092 2035 1156 quod
2079 1093 2207 1142 boni
2247 1108 2313 1144 ex

1248 1155 1521 1219 religionis
1547 1156 1853 1208 obedientia
1867 1160 1981 1209 Deo
1997 1163 2313 1229 sacrificant,

1247 1224 1352 1289 ipsi
1389 1240 1453 1274 ex
1480 1227 1835 1290 perversitatis
1862 1230 2062 1280 malitia
2102 1232 2313 1284 daemo-

1250 1297 1373 1356 niis,
1418 1307 1470 1347 et
1507 1314 1615 1347 non
1644 1300 1772 1358 De0,
1813 1300 2113 1354 immolant.
2161 1307 2314 1358 Unde

1248 1366 1301 1415 in
1367 1368 1652 1419 collatione
1710 1369 1913 1420 abbatis
1958 1373 2208 1438 Joseph,
2246 1379 2312 1427 de

1246 1437 1507 1501 amicitia,
1563 1439 1638 1488 sic
1689 1441 1755 1490 de
1800 1440 1996 1491 talibus
2049 1439 2243 1494 dicitur
2294 1464 2307 1495 ι

1248 1526 1275 1553 ι(
1305 1508 1441 1557 lllud
1491 1525 1615 1558 vero
1658 1512 1815 1576 quale
1865 1523 1960 1571 est,
2021 1515 2164 1585 quod
2226 1516 2312 1564 in-

1246 1580 1457 1628 terdum
1508 1580 1768 1644 patientes
1820 1597 1935 1632 esse
1995 1600 2091 1634 nos
2140 1586 2312 1636 credi-

1246 1665 1389 1714 mua,
1419 1652 1549 1717 quia
1570 1655 1888 1734 respondere
1919 1659 2315 1709 contemnimus

1245 1723 1504 1787 lacessiti;
1557 1727 1649 1774 sed
1674 1724 1748 1776 ita
1775 1738 2077 1779 commotos
2123 1729 2313 1781 fratres

1245 1810 1425 1846 amara
1469 1797 1845 1858 taciturnitate,
1893 1803 1976 1850 vel
2013 1812 2164 1853 motu
2233 1817 2318 1870 ge·

1245 1878 1440 1933 stuque
1459 1869 1703 1920 irrisorio
1721 1872 2127 1934 subsannamuS,
2151 1884 2318 1926 uteos

1246 1938 1419 2002 magis
1464 1939 1529 1987 ad
1576 1941 1901 1992 iracundiam
1953 1945 2105 1994 vultu
2156 1946 2317 1996 tacito

1244 2024 1615 2092 provocemus,
1641 2026 1803 2077 quam
1852 2017 2059 2066 tumida
2103 2019 2315 2083 potuis-

1244 2089 1365 2130 sent
1418 2080 1641 2132 incitare
1679 2086 1942 2149 convitia3
1986 2087 2040 2136 in
2093 2102 2155 2138 eo
2214 2098 2315 2141 nos

1242 2151 1569 2202 aestimantes
1633 2155 1864 2205 minime
1928 2123 2076 2223 ²apud
2134 2160 2307 2211 Deum

1244 2239 1387 2282 ιεο5,
1438 2224 1565 2289 quia
1630 2225 1768 2275 nihil
1824 2244 1918 2278 ore
1964 2231 2307 2294 protulimuS,

1244 2294 1390 2357 quod
1420 2309 1517 2343 nos
1561 2305 1742 2345 notare
1783 2297 2069 2348 hominum
2116 2302 2314 2365 judicio

1245 2374 1336 2414 aut
1374 2366 1725 2417 condemnare
1758 2369 2033 2433 potuisset.
2089 2373 2163 2421 Ita
2210 2372 2314 2438 igi-

1246 2446 1335 2485 tur
1388 2445 1555 2485 tacere
1624 2438 1760 2487 nihil
1826 2442 2074 2505 prodest,
2134 2444 2179 2493 si
2228 2444 2312 2493 id-

1246 2509 1390 2558 circo
1419 2509 1576 2559 nobis
1604 2510 1898 2563 indicimus
1937 2514 2232 2576 silentium,
2256 2528 2316 2567 ut

1247 2579 1393 2645 quod
1420 2581 1687 2645 agendum
1717 2583 1950 2633 convitio
1997 2584 2181 2646 fuerat,
2211 2587 2314 2637 hoc

1246 2650 1605 2701 taciturnitate
1642 2651 1916 2717 faciamuS,
1960 2656 2317 2709 assimilantes

1248 2724 1510 2788 quosdam
1531 2736 1728 2790 gestuS,
1755 2728 1953 2792 quibus
1973 2739 2022 2778 et
2046 2728 2134 2778 ille
2154 2745 2316 2794 quem

1247 2811 1428 2846 curare
1484 2812 1582 2846 nos
1627 2799 1879 2862 oportuit,
1922 2802 2322 2853 vehementiore

1250 2866 1545 2916 inardescat
1594 2867 1880 2919 iracundia.
1929 2871 2126 2936 Utique
2176 2873 2318 2926 enim

1248 2939 1348 2988 tale
1394 2938 1672 2989 silentium
1735 2942 1835 2991 erit
1889 2944 2166 3009 aequaliter
2216 2963 2319 2997 no-

1247 3006 1420 3068 atium,
1453 3009 1581 3074 quia
1609 3009 1749 3060 sicut
1781 3024 2057 3079 exaggerat
2080 3015 2142 3064 in
2182 3017 2318 3067 alte·-

1250 3077 1362 3132 rius
1384 3080 1541 3130 corde
1560 3080 1852 3142 tristitiam,
1896 3084 1963 3134 ita
1999 3085 2055 3133 in
2082 3102 2180 3137 suo
2206 3104 2316 3138 non

1249 3150 1511 3214 permittit
1528 3151 1813 3217 exstingui.
1828 3156 2087 3206 Nonnulli
2104 3174 2319 3225 quoque

1249 3234 1374 3269 cum
1425 3220 1707 3271 tristificati
1749 3222 1962 3286 fuerint,
2023 3229 2106 3276 vel
2179 3230 2316 3290 irati,

1249 3291 1315 3340 ab
1355 3291 1474 3357 ipso
1505 3293 1665 3343 etiam
1696 3296 2033 3359 pertinaciter
2054 3299 2321 3351 abstinent

1252 3363 1394 3413 cibo,
1428 3364 1487 3413 ln
1514 3380 1622 3429 quo
1643 3365 1795 3429 plane
1820 3368 2084 3434 sacrilegii
2115 3372 2317 3422 crimen

1253 3434 1523 3485 evidenter
1569 3434 1868 3498 incurrunt,
1903 3440 2099 3504 jejunia
2124 3441 2322 3491 scilicet

1252 3521 1371 3571 quae
1399 3505 1499 3557 sori
1521 3506 1650 3570 Dec,
1678 3523 1774 3589 pro
1804 3510 2181 3562 humiliatione
2200 3528 2321 3562 cor—

1251 3577 1335 3627 dis
1391 3587 1445 3627 et
1490 3579 1809 3644 purgatione
1858 3582 2136 3648 vitiorum,
2195 3592 2322 3632 sunt

1254 3646 1551 3712 specialiter
1588 3650 1874 3712 offerenda,
1914 3666 2008 3718 pro
2054 3650 2322 3703 diabolico

1255 3727 1467 3767 tumore
1491 3719 1793 3772 tolerantes.
1838 3721 1997 3781 Quod
2027 3724 2129 3771 tale
2157 3731 2243 3771 est
2261 3734 2321 3773 ac

1255 3789 1302 3840 si
1354 3790 1622 3841 orationes
1679 3805 1838 3860 atque
1900 3794 2156 3844 sacrificia
2209 3809 2320 3845 non

1254 3862 1385 3922 Dec,
1409 3861 1501 3911 sed
1521 3861 1862 3913 daemonibus
1883 3863 2139 3927 deferant,
2167 3863 2317 3916 illam

1254 3947 1470 4000 quoque
1552 3935 1838 3986 Mosaicam
1901 3937 2319 4002 increpationem
