2757 4413
333 320 438 389 574

326 436 472 503 quod
500 435 701 487 similia
732 435 810 486 eis
846 451 956 485 non
986 442 1115 486 sunt
1155 435 1268 486 visa
1304 435 1389 486 vel

326 507 525 571 audita,
569 517 622 557 et
655 507 774 557 ideo
816 506 1004 572 procul
1039 522 1071 557 a
1114 506 1304 573 digit0,
1336 506 1393 556 id

328 588 410 629 est
448 593 480 628 a
520 577 785 628 similium
816 577 1273 628 demonstratione
1312 577 1396 626 di·

327 660 429 711 cta,
467 650 736 713 videretiS,
780 650 921 701 sicut
964 649 1247 711 increduli,
1289 665 1392 701 non

327 722 583 784 creditis3
629 737 752 771 nam
793 721 948 787 signa
975 723 1168 772 dantur
1211 719 1396 771 infide·

327 792 472 843 libus
506 795 572 843 ad
619 792 1080 843 confirmationem
1115 792 1393 855 doctrinae,

329 880 442 915 non
466 863 717 916 fidelibus
740 865 836 932 qui
862 865 1226 916 assentiuntur
1258 865 1398 916 Scri-

330 948 520 1003 pturae.
566 938 687 988 Non
758 937 1094 1003 reprehendit
1154 954 1278 988 eum
1331 939 1397 988 de

331 1007 589 1074 petitione
618 1007 804 1058 salutis
833 1007 930 1058 filii
957 1007 1059 1071 sui,
1088 1009 1178 1077 sed
1218 1009 1285 1059 de
1311 1009 1399 1058 de-

327 1079 471 1129 fectu
522 1079 664 1130 fidei.
721 1080 1102 1131 Verumtamen
1156 1080 1286 1146 quia
1332 1094 1398 1130 ex

329 1149 612 1200 devotione
625 1149 816 1215 repetit
831 1150 1163 1215 petitionem,
1178 1149 1364 1200 dicens
1382 1167 1396 1199 :

329 1220 573 1283 Domine,
595 1221 852 1271 descende
867 1221 1180 1287 priusquam
1205 1220 1401 1271 moria-

330 1296 420 1340 tur
442 1290 605 1356 filius
653 1305 816 1353 meuS,
876 1291 995 1341 ideo
1050 1290 1331 1341 exauditur
1369 1305 1400 1340 a

329 1359 584 1411 Domino,
613 1361 767 1411 Jesus
790 1370 966 1411 tamen
991 1361 1191 1411 ibidem
1224 1376 1401 1412 rema-

332 1445 487 1491 nens,
513 1441 566 1481 et
602 1441 816 1497 propter
844 1431 1194 1497 semiplenam
1236 1431 1398 1482 fidem

330 1501 444 1564 ejus
467 1516 525 1552 se
545 1518 657 1552 non
681 1504 883 1561 deesse,
918 1503 1012 1553 sed
1034 1502 1238 1569 ubique
1261 1503 1402 1553 sicut

330 1571 504 1621 Deum
549 1573 954 1638 praesentialiter
992 1588 1108 1623 esse
1137 1573 1399 1634 indicans»,

330 1642 446 1692 solo
494 1643 643 1707 jussu
686 1653 739 1693 et
782 1643 944 1693 verbo
989 1643 1163 1693 filium
1205 1643 1400 1694 absens

327 1725 492 1775 sanat,
540 1726 601 1765 ut
641 1726 790 1780 pater
818 1716 1053 1781 amplius
1087 1717 1282 1777 credat,
1312 1717 1400 1766 di-

328 1799 455 1835 cens
484 1801 499 1834 ε
542 1785 704 1847 Vade,
747 1800 857 1835 non
882 1786 1029 1835 enim
1056 1787 1226 1837 voluit
1246 1787 1401 1838 Jesus

329 1855 409 1906 ire
440 1856 800 1922 corporaliter,
840 1867 900 1908 ut
943 1867 1210 1908 amoveret
1241 1858 1307 1908 ab
1337 1873 1400 1908 eo

328 1926 518 1978 falsam
565 1929 996 1991 aestimationem,
1041 1946 1147 1996 qua
1184 1931 1401 1996 putabat

335 1997 516 2064 ipsum
542 2014 697 2064 posse
714 2015 898 2051 sanare
918 2011 1125 2050 tantum
1155 2016 1248 2066 per
1272 2016 1401 2067 prae·

332 2070 562 2120 sentiam
599 2071 946 2136 corporalem,
985 2071 1133 2131 filius
1164 2078 1284 2121 tuus
1318 2072 1401 2122 νὶ-

333 2142 428 2204 vit,
499 2143 553 2192 id
597 2154 677 2194 est
721 2145 1000 2195 restitutus
1048 2154 1129 2196 est
1154 2144 1400 2211 perfectae

329 2213 563 2275 sanitati,
592 2215 659 2265 de
685 2216 842 2281 janua
871 2216 1060 2267 mortis
1093 2217 1178 2267 cui
1200 2232 1400 2283 appro-

333 2286 643 2354 pinquavit,
712 2288 998 2355 incipiebat
1053 2290 1191 2340 enim
1243 2291 1400 2342 mori.

334 2356 585 2408 Credidit
624 2358 777 2410 homo
819 2360 1053 2410 sermoni
1091 2362 1240 2424 Jesu,
1273 2361 1401 2427 quia

334 2426 465 2479 fides
506 2430 801 2497 requiritur
826 2433 891 2482 ad
924 2432 1279 2483 obtinendum
1303 2433 1401 2483 Dei

333 2496 686 2563 beneficium;
730 2511 782 2552 et
824 2501 936 2553 ibat
977 2502 1093 2552 sine
1140 2503 1402 2569 corporali

333 2570 617 2632 praesentia
661 2570 894 2636 Christi,
959 2573 1206 2633 credenS,
1274 2573 1404 2639 quia

332 2641 536 2707 ubique
582 2653 723 2694 esset
749 2644 921 2695 virtus
957 2646 1072 2710 ejus
1099 2645 1163 2694 ad
1203 2660 1403 2695 curan-

332 2711 484 2760 dum.
511 2712 627 2762 Jam
657 2713 845 2780 incipit
873 2716 1100 2774 credere,
1129 2714 1257 2780 quia
1286 2730 1404 2764 ser-

333 2796 496 2831 mone
522 2794 699 2847 sanat;
731 2794 784 2834 et
815 2784 890 2834 ita
927 2801 1049 2835 eum
1080 2785 1254 2835 Deum
1288 2801 1405 2836 esse

334 2862 387 2902 et
407 2864 721 2917 praesentem
756 2854 960 2921 ubique
988 2855 1230 2915 existere,
1255 2857 1403 2921 quod

337 2937 445 2971 non
475 2938 638 2989 supra
663 2924 924 2977 credebat.
955 2926 1038 2976 Ad
1061 2926 1404 2977 informatio-

339 3007 466 3042 nem
509 3008 636 3058 ergo
679 3004 918 3044 nostram
947 2995 1106 3046 cessit
1132 2996 1401 3048 Dominus

337 3064 569 3128 superbo
610 3066 836 3131 Regulo,
861 3081 927 3116 ne
968 3066 1069 3117 iret
1095 3083 1219 3118 cum
1246 3083 1309 3118 eo
1337 3069 1404 3119 ad

337 3132 510 3183 filium
537 3151 697 3185 suum
712 3149 727 3198 ;
756 3136 1018 3187 concessit
1039 3137 1236 3188 humili
1261 3139 1405 3189 Cen-

337 3205 561 3267 turioni,
585 3217 641 3257 ut
666 3207 765 3257 iret
781 3208 845 3257 ad
865 3209 977 3273 ejus
1002 3226 1233 3261 servum.
1250 3211 1406 3262 Unde

336 3277 643 3343 Gregorius
670 3296 688 3329 .·
721 3297 749 3324 «
780 3278 922 3339 Quid
947 3291 1028 3331 est
1051 3282 1196 3347 quod
1237 3282 1408 3347 Regu-

336 3349 421 3398 lus
455 3359 623 3416 rogat,
665 3360 726 3400 ut
755 3351 820 3401 ad
853 3352 966 3416 ejus
993 3351 1168 3403 filium
1205 3354 1403 3417 veniat,

337 3429 389 3469 et
426 3429 605 3470 tamen
658 3422 1006 3486 corporaliter
1047 3423 1123 3473 ire
1174 3434 1403 3485 recusat,

330 3491 394 3558 ad
454 3507 668 3542 servum
721 3509 845 3544 vero
892 3494 1242 3546 Centurionis
1291 3512 1402 3546 non

335 3563 611 3623 invitatur,
641 3573 696 3615 et
736 3574 914 3617 tamen
960 3582 1019 3617 se
1061 3568 1407 3633 corporaliter

338 3635 417 3686 ire
443 3636 760 3701 pollicetur?
794 3639 982 3705 Reguli
1022 3638 1134 3689 filio
1163 3655 1256 3705 per
1282 3655 1407 3690 cor-

341 3708 578 3771 poralem
625 3709 963 3774 praesentiam
1003 3726 1113 3760 non
1156 3710 1408 3775 dignatur

338 3775 539 3838 adesse,
561 3778 904 3830 Centurionis
922 3790 1098 3830 autem
1120 3795 1273 3830 servo
1295 3796 1406 3830 non

338 3845 656 3913 dedignatur
730 3852 1034 3903 occurrere?
1098 3851 1242 3911 Quid
1324 3862 1408 3902 est

341 3914 481 3966 hoc?
508 3918 625 3969 Nisi
666 3920 811 3987 quod
843 3922 1096 3987 superbia
1121 3930 1302 3973 nostra
1328 3936 1410 3972 re-

948 318 1187 370 PRIMAE
1224 317 1471 369 PARTIS
1505 316 1740 369 CAPUT
1772 316 1951 371 Lxm.

1498 434 1762 496 tunditur,
1818 434 1912 501 qui
1960 434 2018 486 in
2086 435 2404 487 hominibus
2454 450 2569 486 non

1500 515 1770 567 naturam,
1821 522 1928 572 qua
1987 506 2063 557 ad
2119 508 2409 574 imag-inem
2463 506 2573 557 Dei

1500 576 1620 627 facti
1666 588 1813 639 sunt,
1854 579 1946 628 sed
1987 578 2220 629 honores
2253 589 2306 629 et
2351 578 2574 629 divitias

1499 662 1833 698 veneramur.
1860 649 2104 715 Cumque
2129 664 2419 715 pensamus
2446 665 2573 716 quae

1501 718 1638 768 circa
1684 734 1777 769 eos
1823 730 1964 780 sunt,
2014 720 2253 786 profecto
2315 720 2577 771 interiora

1503 788 1730 839 minime
1773 790 2134 856 providemus.
2165 792 2308 842 Dum
2338 806 2403 842 ea
2437 807 2577 841 con-

1501 860 1816 921 sideramus,
1859 877 1980 929 quae
2012 862 2070 913 in
2113 865 2426 929 corporibus
2473 863 2578 914 de-

1503 941 1677 996 specta
1690 942 1834 991 sunt,
1849 932 2170 1000 negligimus
2187 949 2409 1000 pensare
2426 932 2579 1000 quod

1504 1011 1647 1053 sunt.
1706 1004 2030 1069 Redemptor
2088 1020 2213 1054 vero
2263 1015 2462 1065 noster,
2514 1016 2579 1055 ut

1504 1073 1825 1136 ostenderet,
1857 1073 1984 1140 quia
2019 1090 2139 1140 quae
2178 1077 2282 1126 alta
2324 1084 2453 1127 sunt
2481 1075 2582 1125 ho·

1506 1144 1663 1206 mini,
1712 1146 1923 1196 Sanctis
1970 1146 2315 1213 despicienda
2347 1157 2499 1211 sunt,
2524 1158 2580 1198 et

1504 1231 1625 1281 quae
1662 1217 1906 1282 despecta
1946 1228 2072 1268 sunt
2113 1217 2345 1279 homini,
2385 1217 2578 1283 despi-

1504 1287 1690 1337 cienda
1727 1303 1836 1337 non
1864 1297 2019 1351 sunt;
2062 1290 2128 1339 ad
2178 1288 2352 1339 filium
2382 1287 2579 1354 Reguli

1467 1370 1478 1383 ·
1508 1357 1584 1407 ire
1625 1357 1819 1417 noluit,
1865 1358 1932 1408 ad
1979 1374 2191 1410 servum
2225 1359 2580 1411 Centurionis

1509 1428 1588 1479 ire
1620 1438 1834 1494 paratus
1877 1428 1999 1481 fuit.
2030 1431 2300 1496 Increpata
2340 1440 2421 1480 est
2445 1444 2580 1496 ergo

1506 1499 1755 1566 superbia
1777 1510 1976 1561 nostra,
2004 1516 2126 1566 quae
2155 1501 2324 1551 nescit
2351 1515 2582 1566 pensare

1508 1570 1775 1631 homines,
1827 1581 2041 1637 propter
2077 1571 2330 1622 homines
2359 1587 2373 1621 :
2401 1591 2428 1618 n
2458 1571 2583 1622 haec

1509 1641 1831 1707 GregoriuS.
1864 1642 1985 1692 Non
2022 1657 2149 1707 ergo
2173 1641 2582 1692 consideremus

1506 1721 1599 1762 aut
1636 1727 1942 1777 pensemuS,
1985 1729 2108 1779 quae
2137 1713 2279 1763 circa
2323 1712 2582 1763 homines

1507 1793 1652 1843 sunt,
1672 1784 1764 1834 sed
1793 1784 1925 1850 quid
1961 1794 2105 1835 sunt.
2133 1785 2288 1835 Multi
2314 1785 2459 1834 enim
2491 1799 2584 1835 ne-

1508 1854 1770 1921 gligentes
1810 1855 1958 1922 quod
2002 1865 2147 1916 sunt,
2196 1856 2425 1907 sollicite
2468 1856 2581 1923 glo-

1507 1925 1645 1975 riam
1694 1926 1913 1976 aliunde
1956 1926 2060 1976 sibi
2109 1937 2376 1992 quaerunt.
2425 1927 2583 1978 Unde

1510 1999 1930 2066 Chr-ysostomus
1961 2017 1980 2051 .-
2025 2019 2053 2046 α
2081 2001 2585 2051 Nabuchodonosor

1509 2069 1692 2135 itaque
1748 2069 1968 2136 plurimi
2026 2087 2171 2121 nunc
2227 2071 2583 2122 inveniuntur

1509 2142 1728 2193 imitari.
1771 2143 1843 2194 Ut
1870 2143 2019 2193 enim
2059 2143 2150 2194 ille
2186 2154 2314 2195 tunc
2354 2144 2422 2195 de
2451 2144 2584 2195 ima-

1508 2215 1652 2281 gine,
1675 2215 1753 2266 sic
1774 2216 1936 2266 modo
1956 2216 2048 2266 alii
2074 2217 2139 2266 de
2156 2227 2303 2267 veste
2324 2216 2580 2283 pretiosa,

1510 2288 1575 2336 de
1602 2286 1757 2353 equis
1789 2287 1876 2336 vel
1908 2287 2173 2352 curribus,
2223 2289 2289 2338 de
2330 2288 2585 2354 amplitu-

1508 2356 1635 2409 dine
1683 2358 1990 2421 domorum,
2053 2360 2119 2409 de
2172 2360 2585 2425 pulchritudine

1509 2425 1884 2479 columnarum
1906 2438 1959 2480 et
1980 2430 2046 2480 de
2070 2430 2290 2495 picturis
2315 2432 2585 2497 parietum

1510 2498 1804 2566 opinantur
1830 2516 1946 2552 esse
1976 2502 2243 2553 melioreS.
2266 2504 2407 2563 Quia
2434 2503 2585 2553 enim

1510 2572 1657 2637 quod
1702 2583 1851 2623 erant
1904 2573 2155 2625 homines
2198 2576 2583 2641 perdiderunt;

1511 2642 1740 2693 sollicite
1776 2643 1883 2694 huc
1936 2643 2172 2711 illucque
2221 2646 2584 2707 circumeunt,

1511 2713 1730 2764 aliunde
1796 2714 1902 2765 sibi
1978 2716 2202 2782 gloriam
2270 2717 2588 2784 colligentes

1514 2783 1666 2833 omni
1685 2799 1810 2835 sane
1843 2785 2091 2837 irrisione
2116 2787 2490 2853 plenissimam
2515 2806 2532 2839 ε
2553 2809 2583 2838 ι)

1513 2854 1626 2905 haec
1652 2855 2093 2923 chrysostomuS.

1578 2924 1605 2975 3
1649 2926 1825 2976 Huius
1864 2942 2116 2977 mancum
2145 2944 2300 2979 runs.
2340 2957 2401 2967 —
2447 2929 2588 2981 Cre-

1511 2996 1652 3047 didit
1694 3011 1829 3063 ergo
1868 2999 2117 3063 Regulus
2158 3001 2391 3052 sermoni
2427 3002 2584 3064 Jesu,

1514 3085 1624 3119 non
1679 3078 1859 3120 tamen
1911 3069 2146 3135 integre,
2203 3086 2379 3137 neque
2438 3087 2585 3132 sane,

1511 3141 1656 3206 quod
1681 3139 1984 3190 ostenditur
2011 3156 2075 3191 ex
2108 3141 2210 3191 hoc
2237 3143 2386 3207 quod
2410 3142 2589 3208 sequi·

1516 3221 1618 3260 tur.
1650 3211 1785 3261 Nam
1837 3224 1899 3261 eo
1942 3210 2289 3262 descendente
2329 3213 2396 3262 de
2435 3213 2589 3264 Cana

1515 3280 1748 3331 Galilaeae
1782 3279 1840 3329 in
1878 3280 2273 3346 Capharnaum,
2308 3298 2433 3349 quae
2462 3298 2588 3334 ma-

1515 3351 1599 3417 gis
1639 3362 1718 3402 est
1755 3351 1812 3401 in
1836 3352 1989 3416 valle,
2018 3366 2141 3403 curn
2171 3354 2307 3404 servi
2339 3354 2447 3405 sibi
2486 3369 2588 3405 oc-

1515 3432 1786 3473 currerent
1841 3432 1893 3473 et
1951 3426 2340 3489 congaudendo
2398 3424 2584 3477 filium

1516 3508 1678 3543 suum
1719 3503 1965 3543 sanatum
1993 3496 2319 3556 nuntiarent,
2348 3497 2590 3548 interro-

1515 3565 1688 3630 gabat
1719 3564 1906 3614 horam
1942 3566 2011 3615 ab
2053 3566 2149 3629 eis,
2176 3567 2230 3617 in
2253 3582 2358 3633 qua
2397 3566 2592 3619 melius

1515 3637 1776 3689 habuerit.
1809 3638 1966 3699 Quod
1995 3637 2120 3689 fecit
2146 3641 2211 3690 ad
2242 3641 2592 3692 certificatio-

1517 3724 1642 3759 nem
1682 3709 1927 3778 miraculi
1964 3722 2206 3775 respectu
2235 3711 2339 3772 sui,
2374 3713 2593 3764 volebat

1515 3780 1662 3831 enim
1698 3781 1831 3832 scire
1861 3791 2043 3830 utrum
2086 3796 2210 3833 casu
2251 3782 2354 3833 hoc
2384 3783 2588 3834 factum

1515 3862 1673 3916 esset,
1715 3852 1798 3902 vel
1840 3866 1906 3902 ex
1947 3861 2210 3917 praecepto
2252 3853 2481 3904 Christi.
2508 3854 2591 3903 Et

1514 3923 1776 3974 dixerunt
1798 3923 1850 3974 ei
1874 3941 1893 3974 .·
1928 3922 2070 3985 Quia
2102 3924 2220 3974 lteri
2252 3924 2390 3975 hora
2410 3924 2587 3991 septi-
