<?xml version="1.0" encoding="UTF-8"?>
<!DOCTYPE html PUBLIC "-//W3C//DTD XHTML 1.0 Transitional//EN"
    "http://www.w3.org/TR/xhtml1/DTD/xhtml1-transitional.dtd">
<html xmlns="http://www.w3.org/1999/xhtml" xml:lang="en" lang="en">
 <head>
  <title>
</title>
<meta http-equiv="Content-Type" content="text/html;charset=utf-8" />
  <meta name='ocr-system' content='tesseract 3.04.00' />
  <meta name='ocr-capabilities' content='ocr_page ocr_carea ocr_par ocr_line ocrx_word'/>
</head>
<body>
  <div class='ocr_page' id='page_1' title='image "./vitajesuchristi01sachgoog_0187.png"; bbox 0 0 2757 4413; ppageno 0'>
   <div class='ocr_carea' id='block_1_1' title="bbox 371 339 2146 400">
    <p class='ocr_par' dir='ltr' id='par_1_1' title="bbox 371 339 2146 400">
     <span class='ocr_line' id='line_1_1' title="bbox 371 339 2146 400; baseline 0 -5"><span class='ocrx_word' id='word_1_1' title='bbox 371 346 463 395; x_wconf 90' lang='lat' dir='ltr'>DE</span> <span class='ocrx_word' id='word_1_2' title='bbox 493 341 890 393; x_wconf 82' lang='lat' dir='ltr'><strong>AMBITIONE</strong></span> <span class='ocrx_word' id='word_1_3' title='bbox 919 340 1015 391; x_wconf 82' lang='lat' dir='ltr'>ET</span> <span class='ocrx_word' id='word_1_4' title='bbox 1044 339 1454 400; x_wconf 78' lang='lat' dir='ltr'><strong>QUIBUSDAM</strong></span> <span class='ocrx_word' id='word_1_5' title='bbox 1485 343 1664 393; x_wconf 85' lang='lat' dir='ltr'>ALIIS</span> <span class='ocrx_word' id='word_1_6' title='bbox 1696 343 2146 395; x_wconf 85' lang='lat' dir='ltr'>DEFECTIBUS.</span> 
     </span>
    </p>
   </div>
   <div class='ocr_carea' id='block_1_2' title="bbox 151 455 1215 3026">
    <p class='ocr_par' dir='ltr' id='par_1_2' title="bbox 153 455 1215 2166">
     <span class='ocr_line' id='line_1_2' title="bbox 167 455 1211 528; baseline -0.006 -16"><span class='ocrx_word' id='word_1_7' title='bbox 167 469 402 528; x_wconf 71' lang='lat' dir='ltr'>aegrotat,</span> <span class='ocrx_word' id='word_1_8' title='bbox 464 469 638 510; x_wconf 88' lang='lat' dir='ltr'>cetera</span> <span class='ocrx_word' id='word_1_9' title='bbox 697 456 940 507; x_wconf 90' lang='lat' dir='ltr'>membra</span> <span class='ocrx_word' id='word_1_10' title='bbox 1012 455 1211 506; x_wconf 86' lang='lat' dir='ltr'>dolent.</span> 
     </span>
     <span class='ocr_line' id='line_1_3' title="bbox 167 532 1213 602; baseline -0.007 -16"><span class='ocrx_word' id='word_1_11' title='bbox 167 537 440 602; x_wconf 78' lang='lat' dir='ltr'>AEgrotant</span> <span class='ocrx_word' id='word_1_12' title='bbox 469 534 710 600; x_wconf 88' lang='lat' dir='ltr'>quidem,</span> <span class='ocrx_word' id='word_1_13' title='bbox 740 532 834 582; x_wconf 87' lang='lat' dir='ltr'>sed</span> <span class='ocrx_word' id='word_1_14' title='bbox 876 546 988 581; x_wconf 88' lang='lat' dir='ltr'>non</span> <span class='ocrx_word' id='word_1_15' title='bbox 1015 545 1213 580; x_wconf 88' lang='lat' dir='ltr'>sanan-</span> 
     </span>
     <span class='ocr_line' id='line_1_4' title="bbox 166 601 1212 671; baseline -0.006 -15"><span class='ocrx_word' id='word_1_16' title='bbox 166 616 264 666; x_wconf 85' lang='lat' dir='ltr'>tur,</span> <span class='ocrx_word' id='word_1_17' title='bbox 308 606 436 671; x_wconf 88' lang='lat' dir='ltr'>quia</span> <span class='ocrx_word' id='word_1_18' title='bbox 499 604 756 654; x_wconf 84' lang='lat' dir='ltr'>morbum</span> <span class='ocrx_word' id='word_1_19' title='bbox 804 601 915 652; x_wconf 83' lang='lat' dir='ltr'>noli</span> <span class='ocrx_word' id='word_1_20' title='bbox 978 615 1065 651; x_wconf 84' lang='lat' dir='ltr'>me</span> <span class='ocrx_word' id='word_1_21' title='bbox 1090 610 1212 650; x_wconf 90' lang='lat' dir='ltr'>tan-</span> 
     </span>
     <span class='ocr_line' id='line_1_5' title="bbox 163 669 1212 743; baseline -0.008 -16"><span class='ocrx_word' id='word_1_22' title='bbox 163 691 276 743; x_wconf 84' lang='lat' dir='ltr'>gere</span> <span class='ocrx_word' id='word_1_23' title='bbox 328 677 526 726; x_wconf 87' lang='lat' dir='ltr'>habere</span> <span class='ocrx_word' id='word_1_24' title='bbox 580 673 859 736; x_wconf 88' lang='lat' dir='ltr'>videntur;</span> <span class='ocrx_word' id='word_1_25' title='bbox 911 680 964 722; x_wconf 90' lang='lat' dir='ltr'>et</span> <span class='ocrx_word' id='word_1_26' title='bbox 1030 669 1212 720; x_wconf 85' lang='lat' dir='ltr'><strong>intacti</strong></span> 
     </span>
     <span class='ocr_line' id='line_1_6' title="bbox 163 741 1213 812; baseline -0.007 -14"><span class='ocrx_word' id='word_1_27' title='bbox 163 756 505 805; x_wconf 59' lang='lat' dir='ltr'>remanentes,</span> <span class='ocrx_word' id='word_1_28' title='bbox 563 760 657 812; x_wconf 89' lang='lat' dir='ltr'>per</span> <span class='ocrx_word' id='word_1_29' title='bbox 709 759 799 795; x_wconf 87' lang='lat' dir='ltr'>eos</span> <span class='ocrx_word' id='word_1_30' title='bbox 849 757 1083 810; x_wconf 90' lang='lat' dir='ltr'>quorum</span> <span class='ocrx_word' id='word_1_31' title='bbox 1122 741 1213 792; x_wconf 87' lang='lat' dir='ltr'>in·-</span> 
     </span>
     <span class='ocr_line' id='line_1_7' title="bbox 161 813 1215 879; baseline -0.008 -9"><span class='ocrx_word' id='word_1_32' title='bbox 161 828 319 870; x_wconf 86' lang='lat' dir='ltr'>terest</span> <span class='ocrx_word' id='word_1_33' title='bbox 376 818 555 868; x_wconf 89' lang='lat' dir='ltr'>debite</span> <span class='ocrx_word' id='word_1_34' title='bbox 596 832 708 865; x_wconf 87' lang='lat' dir='ltr'>non</span> <span class='ocrx_word' id='word_1_35' title='bbox 750 815 1109 879; x_wconf 87' lang='lat' dir='ltr'>corriguntur.</span> <span class='ocrx_word' id='word_1_36' title='bbox 1144 813 1215 863; x_wconf 90' lang='lat' dir='ltr'>Et</span> 
     </span>
     <span class='ocr_line' id='line_1_8' title="bbox 161 883 1215 954; baseline -0.006 -15"><span class='ocrx_word' id='word_1_37' title='bbox 161 888 287 950; x_wconf 92' lang='lat' dir='ltr'>ideo,</span> <span class='ocrx_word' id='word_1_38' title='bbox 308 888 445 939; x_wconf 84' lang='lat' dir='ltr'>heu!</span> <span class='ocrx_word' id='word_1_39' title='bbox 472 890 578 954; x_wconf 86' lang='lat' dir='ltr'>jam</span> <span class='ocrx_word' id='word_1_40' title='bbox 597 887 734 952; x_wconf 88' lang='lat' dir='ltr'>apud</span> <span class='ocrx_word' id='word_1_41' title='bbox 763 887 941 952; x_wconf 88' lang='lat' dir='ltr'>plures</span> <span class='ocrx_word' id='word_1_42' title='bbox 958 884 1025 933; x_wconf 86' lang='lat' dir='ltr'>de</span> <span class='ocrx_word' id='word_1_43' title='bbox 1047 883 1215 949; x_wconf 79' lang='lat' dir='ltr'>capite</span> 
     </span>
     <span class='ocr_line' id='line_1_9' title="bbox 162 955 1213 1022; baseline -0.003 -13"><span class='ocrx_word' id='word_1_44' title='bbox 162 959 283 1011; x_wconf 72' lang='lat' dir='ltr'>facta</span> <span class='ocrx_word' id='word_1_45' title='bbox 326 970 411 1011; x_wconf 92' lang='lat' dir='ltr'>est</span> <span class='ocrx_word' id='word_1_46' title='bbox 446 960 638 1021; x_wconf 82' lang='lat' dir='ltr'>cauda3</span> <span class='ocrx_word' id='word_1_47' title='bbox 692 958 758 1007; x_wconf 91' lang='lat' dir='ltr'>de</span> <span class='ocrx_word' id='word_1_48' title='bbox 804 955 983 1022; x_wconf 89' lang='lat' dir='ltr'>priore</span> <span class='ocrx_word' id='word_1_49' title='bbox 1034 965 1213 1021; x_wconf 85' lang='lat' dir='ltr'>poste—</span> 
     </span>
     <span class='ocr_line' id='line_1_10' title="bbox 160 1027 1215 1095; baseline -0.007 -13"><span class='ocrx_word' id='word_1_50' title='bbox 160 1031 285 1095; x_wconf 80' lang='lat' dir='ltr'>rior3</span> <span class='ocrx_word' id='word_1_51' title='bbox 316 1045 370 1082; x_wconf 87' lang='lat' dir='ltr'>et</span> <span class='ocrx_word' id='word_1_52' title='bbox 411 1031 481 1081; x_wconf 91' lang='lat' dir='ltr'>de</span> <span class='ocrx_word' id='word_1_53' title='bbox 526 1029 782 1095; x_wconf 89' lang='lat' dir='ltr'>magistro</span> <span class='ocrx_word' id='word_1_54' title='bbox 818 1027 1134 1091; x_wconf 72' lang='lat' dir='ltr'>discipuluS,</span> <span class='ocrx_word' id='word_1_55' title='bbox 1163 1035 1215 1076; x_wconf 88' lang='lat' dir='ltr'>et</span> 
     </span>
     <span class='ocr_line' id='line_1_11' title="bbox 159 1096 1212 1159; baseline -0.003 -9"><span class='ocrx_word' id='word_1_56' title='bbox 159 1101 349 1151; x_wconf 84' lang='lat' dir='ltr'>utinam</span> <span class='ocrx_word' id='word_1_57' title='bbox 403 1099 625 1159; x_wconf 87' lang='lat' dir='ltr'>Christi,</span> <span class='ocrx_word' id='word_1_58' title='bbox 685 1114 796 1148; x_wconf 91' lang='lat' dir='ltr'>non</span> <span class='ocrx_word' id='word_1_59' title='bbox 834 1096 1066 1147; x_wconf 82' lang='lat' dir='ltr'>diaboli!</span> <span class='ocrx_word' id='word_1_60' title='bbox 1109 1096 1212 1147; x_wconf 85' lang='lat' dir='ltr'>Sed</span> 
     </span>
     <span class='ocr_line' id='line_1_12' title="bbox 159 1168 1211 1224; baseline -0.004 -1"><span class='ocrx_word' id='word_1_61' title='bbox 159 1172 333 1224; x_wconf 86' lang='lat' dir='ltr'>timere</span> <span class='ocrx_word' id='word_1_62' title='bbox 372 1174 576 1224; x_wconf 89' lang='lat' dir='ltr'>habent</span> <span class='ocrx_word' id='word_1_63' title='bbox 611 1170 862 1221; x_wconf 89' lang='lat' dir='ltr'>homines</span> <span class='ocrx_word' id='word_1_64' title='bbox 889 1170 946 1219; x_wconf 90' lang='lat' dir='ltr'>in</span> <span class='ocrx_word' id='word_1_65' title='bbox 976 1168 1064 1220; x_wconf 79' lang='lat' dir='ltr'>his</span> <span class='ocrx_word' id='word_1_66' title='bbox 1091 1170 1211 1220; x_wconf 88' lang='lat' dir='ltr'>cul—</span> 
     </span>
     <span class='ocr_line' id='line_1_13' title="bbox 157 1241 1214 1309; baseline -0.004 -15"><span class='ocrx_word' id='word_1_67' title='bbox 157 1244 362 1309; x_wconf 78' lang='lat' dir='ltr'>pabileS,</span> <span class='ocrx_word' id='word_1_68' title='bbox 393 1260 462 1295; x_wconf 91' lang='lat' dir='ltr'>ne</span> <span class='ocrx_word' id='word_1_69' title='bbox 487 1243 690 1309; x_wconf 83' lang='lat' dir='ltr'>justitia</span> <span class='ocrx_word' id='word_1_70' title='bbox 724 1256 820 1308; x_wconf 84' lang='lat' dir='ltr'>per</span> <span class='ocrx_word' id='word_1_71' title='bbox 842 1256 933 1291; x_wconf 91' lang='lat' dir='ltr'>eos</span> <span class='ocrx_word' id='word_1_72' title='bbox 979 1241 1214 1306; x_wconf 87' lang='lat' dir='ltr'>neglecta</span> 
     </span>
     <span class='ocr_line' id='line_1_14' title="bbox 156 1317 561 1383; baseline -0.005 -16"><span class='ocrx_word' id='word_1_73' title='bbox 156 1317 215 1367; x_wconf 83' lang='lat' dir='ltr'>ad</span> <span class='ocrx_word' id='word_1_74' title='bbox 265 1332 561 1383; x_wconf 86' lang='lat' dir='ltr'>supernum</span> 
     </span>
     <span class='ocr_line' id='line_1_15' title="bbox 158 1382 1208 1455; baseline -0.006 -16"><span class='ocrx_word' id='word_1_75' title='bbox 158 1402 294 1438; x_wconf 84' lang='lat' dir='ltr'>suam</span> <span class='ocrx_word' id='word_1_76' title='bbox 326 1388 556 1455; x_wconf 87' lang='lat' dir='ltr'>dirigat;</span> <span class='ocrx_word' id='word_1_77' title='bbox 587 1396 640 1436; x_wconf 91' lang='lat' dir='ltr'>et</span> <span class='ocrx_word' id='word_1_78' title='bbox 675 1386 785 1445; x_wconf 87' lang='lat' dir='ltr'>ille,</span> <span class='ocrx_word' id='word_1_79' title='bbox 821 1399 977 1435; x_wconf 77' lang='lat' dir='ltr'>voces</span> <span class='ocrx_word' id='word_1_80' title='bbox 1022 1382 1208 1450; x_wconf 90' lang='lat' dir='ltr'>queri-</span> 
     </span>
     <span class='ocr_line' id='line_1_16' title="bbox 158 1454 1207 1524; baseline -0.007 -14"><span class='ocrx_word' id='word_1_81' title='bbox 158 1460 337 1509; x_wconf 82' lang='lat' dir='ltr'>moniae</span> <span class='ocrx_word' id='word_1_82' title='bbox 384 1461 499 1524; x_wconf 90' lang='lat' dir='ltr'>ejus</span> <span class='ocrx_word' id='word_1_83' title='bbox 536 1457 852 1522; x_wconf 79' lang='lat' dir='ltr'>suscipiens,</span> <span class='ocrx_word' id='word_1_84' title='bbox 891 1456 1032 1521; x_wconf 87' lang='lat' dir='ltr'>justo</span> <span class='ocrx_word' id='word_1_85' title='bbox 1060 1454 1207 1519; x_wconf 83' lang='lat' dir='ltr'>judi-</span> 
     </span>
     <span class='ocr_line' id='line_1_17' title="bbox 155 1529 1206 1589; baseline -0.007 -9"><span class='ocrx_word' id='word_1_86' title='bbox 155 1529 229 1580; x_wconf 84' lang='lat' dir='ltr'>cio</span> <span class='ocrx_word' id='word_1_87' title='bbox 253 1545 352 1579; x_wconf 92' lang='lat' dir='ltr'>suo</span> <span class='ocrx_word' id='word_1_88' title='bbox 380 1529 670 1579; x_wconf 88' lang='lat' dir='ltr'>vindictam</span> <span class='ocrx_word' id='word_1_89' title='bbox 696 1542 849 1576; x_wconf 89' lang='lat' dir='ltr'>suam</span> <span class='ocrx_word' id='word_1_90' title='bbox 876 1539 1037 1589; x_wconf 86' lang='lat' dir='ltr'>super</span> <span class='ocrx_word' id='word_1_91' title='bbox 1064 1539 1206 1589; x_wconf 78' lang='lat' dir='ltr'>prae-</span> 
     </span>
     <span class='ocr_line' id='line_1_18' title="bbox 155 1595 1206 1652; baseline -0.008 0"><span class='ocrx_word' id='word_1_92' title='bbox 155 1601 457 1652; x_wconf 70' lang='lat' dir='ltr'>varicator-es</span> <span class='ocrx_word' id='word_1_93' title='bbox 504 1598 840 1650; x_wconf 81' lang='lat' dir='ltr'>rectitudinis</span> <span class='ocrx_word' id='word_1_94' title='bbox 877 1596 1108 1647; x_wconf 89' lang='lat' dir='ltr'>inducat.</span> <span class='ocrx_word' id='word_1_95' title='bbox 1141 1595 1206 1645; x_wconf 92' lang='lat' dir='ltr'>Et</span> 
     </span>
     <span class='ocr_line' id='line_1_19' title="bbox 155 1669 1205 1723; baseline -0.006 -2"><span class='ocrx_word' id='word_1_96' title='bbox 155 1671 284 1722; x_wconf 90' lang='lat' dir='ltr'>istud</span> <span class='ocrx_word' id='word_1_97' title='bbox 311 1672 370 1723; x_wconf 91' lang='lat' dir='ltr'>in</span> <span class='ocrx_word' id='word_1_98' title='bbox 396 1671 585 1722; x_wconf 89' lang='lat' dir='ltr'>multis</span> <span class='ocrx_word' id='word_1_99' title='bbox 629 1670 827 1720; x_wconf 87' lang='lat' dir='ltr'>talibus</span> <span class='ocrx_word' id='word_1_100' title='bbox 859 1669 1056 1719; x_wconf 85' lang='lat' dir='ltr'>factum</span> <span class='ocrx_word' id='word_1_101' title='bbox 1104 1681 1205 1716; x_wconf 90' lang='lat' dir='ltr'>no·-</span> 
     </span>
     <span class='ocr_line' id='line_1_20' title="bbox 154 1739 1203 1809; baseline -0.006 -15"><span class='ocrx_word' id='word_1_102' title='bbox 154 1745 332 1809; x_wconf 87' lang='lat' dir='ltr'>vimus,</span> <span class='ocrx_word' id='word_1_103' title='bbox 363 1756 417 1796; x_wconf 90' lang='lat' dir='ltr'>et</span> <span class='ocrx_word' id='word_1_104' title='bbox 440 1745 615 1795; x_wconf 84' lang='lat' dir='ltr'>adhuc</span> <span class='ocrx_word' id='word_1_105' title='bbox 639 1743 948 1808; x_wconf 86' lang='lat' dir='ltr'>frequenter</span> <span class='ocrx_word' id='word_1_106' title='bbox 978 1739 1096 1790; x_wconf 87' lang='lat' dir='ltr'>fieri</span> <span class='ocrx_word' id='word_1_107' title='bbox 1119 1739 1203 1789; x_wconf 84' lang='lat' dir='ltr'>vi-</span> 
     </span>
     <span class='ocr_line' id='line_1_21' title="bbox 156 1811 1205 1882; baseline -0.006 -16"><span class='ocrx_word' id='word_1_108' title='bbox 156 1817 347 1878; x_wconf 86' lang='lat' dir='ltr'>demus,</span> <span class='ocrx_word' id='word_1_109' title='bbox 380 1817 475 1867; x_wconf 88' lang='lat' dir='ltr'>sed</span> <span class='ocrx_word' id='word_1_110' title='bbox 518 1816 737 1882; x_wconf 85' lang='lat' dir='ltr'>quidam</span> <span class='ocrx_word' id='word_1_111' title='bbox 768 1812 950 1863; x_wconf 89' lang='lat' dir='ltr'>miseri</span> <span class='ocrx_word' id='word_1_112' title='bbox 979 1811 1056 1863; x_wconf 89' lang='lat' dir='ltr'>sic</span> <span class='ocrx_word' id='word_1_113' title='bbox 1079 1820 1205 1861; x_wconf 90' lang='lat' dir='ltr'>sunt</span> 
     </span>
     <span class='ocr_line' id='line_1_22' title="bbox 155 1884 1205 1955; baseline -0.009 -14"><span class='ocrx_word' id='word_1_114' title='bbox 155 1890 398 1948; x_wconf 65' lang='lat' dir='ltr'>excaecati,</span> <span class='ocrx_word' id='word_1_115' title='bbox 442 1889 589 1955; x_wconf 91' lang='lat' dir='ltr'>quod</span> <span class='ocrx_word' id='word_1_116' title='bbox 633 1903 729 1938; x_wconf 90' lang='lat' dir='ltr'>nec</span> <span class='ocrx_word' id='word_1_117' title='bbox 762 1899 1080 1952; x_wconf 82' lang='lat' dir='ltr'>cognoscere</span> <span class='ocrx_word' id='word_1_118' title='bbox 1106 1884 1205 1933; x_wconf 89' lang='lat' dir='ltr'>de·-</span> 
     </span>
     <span class='ocr_line' id='line_1_23' title="bbox 155 1953 1202 2017; baseline -0.006 -8"><span class='ocrx_word' id='word_1_119' title='bbox 155 1959 307 2011; x_wconf 82' lang='lat' dir='ltr'>fectus</span> <span class='ocrx_word' id='word_1_120' title='bbox 352 1975 483 2010; x_wconf 88' lang='lat' dir='ltr'>suos</span> <span class='ocrx_word' id='word_1_121' title='bbox 531 1959 734 2017; x_wconf 87' lang='lat' dir='ltr'>volunt,</span> <span class='ocrx_word' id='word_1_122' title='bbox 771 1957 910 2007; x_wconf 90' lang='lat' dir='ltr'>unde</span> <span class='ocrx_word' id='word_1_123' title='bbox 944 1955 1070 2005; x_wconf 88' lang='lat' dir='ltr'>talia</span> <span class='ocrx_word' id='word_1_124' title='bbox 1099 1953 1202 2004; x_wconf 88' lang='lat' dir='ltr'>fla-</span> 
     </span>
     <span class='ocr_line' id='line_1_24' title="bbox 156 2028 1205 2097; baseline -0.008 -15"><span class='ocrx_word' id='word_1_125' title='bbox 156 2032 274 2096; x_wconf 85' lang='lat' dir='ltr'>gella</span> <span class='ocrx_word' id='word_1_126' title='bbox 304 2030 635 2097; x_wconf 87' lang='lat' dir='ltr'>procedunt;</span> <span class='ocrx_word' id='word_1_127' title='bbox 668 2037 721 2078; x_wconf 90' lang='lat' dir='ltr'>et</span> <span class='ocrx_word' id='word_1_128' title='bbox 744 2028 864 2077; x_wconf 88' lang='lat' dir='ltr'>ideo</span> <span class='ocrx_word' id='word_1_129' title='bbox 905 2040 1048 2092; x_wconf 78' lang='lat' dir='ltr'>saepe</span> <span class='ocrx_word' id='word_1_130' title='bbox 1078 2039 1205 2090; x_wconf 89' lang='lat' dir='ltr'>gra-</span> 
     </span>
     <span class='ocr_line' id='line_1_25' title="bbox 153 2099 821 2166; baseline -0.009 -12"><span class='ocrx_word' id='word_1_131' title='bbox 153 2102 287 2153; x_wconf 75' lang='lat' dir='ltr'>viora</span> <span class='ocrx_word' id='word_1_132' title='bbox 309 2103 387 2153; x_wconf 89' lang='lat' dir='ltr'>eis</span> <span class='ocrx_word' id='word_1_133' title='bbox 416 2099 821 2166; x_wconf 88' lang='lat' dir='ltr'>superveniunt.</span> 
     </span>
    </p>

    <p class='ocr_par' dir='ltr' id='par_1_3' title="bbox 151 2172 1205 3026">
     <span class='ocr_line' id='line_1_26' title="bbox 208 2172 1204 2234; baseline -0.005 -10"><span class='ocrx_word' id='word_1_134' title='bbox 208 2172 239 2224; x_wconf 90' lang='lat'><strong>6</strong></span> <span class='ocrx_word' id='word_1_135' title='bbox 268 2174 538 2234; x_wconf 54' lang='lat' dir='ltr'>Quin-run</span> <span class='ocrx_word' id='word_1_136' title='bbox 580 2185 798 2221; x_wconf 62' lang='lat' dir='ltr'>imnum:</span> <span class='ocrx_word' id='word_1_137' title='bbox 827 2181 1204 2221; x_wconf 71' lang='lat' dir='ltr'>mnrxcroauu</span> 
     </span>
     <span class='ocr_line' id='line_1_27' title="bbox 153 2242 1202 2301; baseline -0.004 -7"><span class='ocrx_word' id='word_1_138' title='bbox 153 2259 482 2295; x_wconf 60' lang='lat' dir='ltr'>temtus.</span> <span class='ocrx_word' id='word_1_139' title='bbox 510 2271 571 2280; x_wconf 89' lang='lat'><strong>—</strong></span> <span class='ocrx_word' id='word_1_140' title='bbox 589 2243 852 2301; x_wconf 80' lang='lat' dir='ltr'>Quartum</span> <span class='ocrx_word' id='word_1_141' title='bbox 879 2242 1080 2292; x_wconf 87' lang='lat' dir='ltr'>malum</span> <span class='ocrx_word' id='word_1_142' title='bbox 1105 2248 1202 2298; x_wconf 89' lang='lat' dir='ltr'>est,</span> 
     </span>
     <span class='ocr_line' id='line_1_28' title="bbox 155 2314 1205 2384; baseline -0.005 -17"><span class='ocrx_word' id='word_1_143' title='bbox 155 2317 268 2384; x_wconf 89' lang='lat' dir='ltr'>quia</span> <span class='ocrx_word' id='word_1_144' title='bbox 308 2332 454 2366; x_wconf 89' lang='lat' dir='ltr'>unus</span> <span class='ocrx_word' id='word_1_145' title='bbox 505 2314 763 2365; x_wconf 81' lang='lat' dir='ltr'>beneficio</span> <span class='ocrx_word' id='word_1_146' title='bbox 809 2329 917 2364; x_wconf 89' lang='lat' dir='ltr'>uno</span> <span class='ocrx_word' id='word_1_147' title='bbox 963 2329 1075 2364; x_wconf 89' lang='lat' dir='ltr'>non</span> <span class='ocrx_word' id='word_1_148' title='bbox 1124 2322 1205 2362; x_wconf 85' lang='lat' dir='ltr'>est</span> 
     </span>
     <span class='ocr_line' id='line_1_29' title="bbox 154 2384 1200 2446; baseline -0.005 -8"><span class='ocrx_word' id='word_1_149' title='bbox 154 2397 442 2446; x_wconf 86' lang='lat' dir='ltr'>contentus,</span> <span class='ocrx_word' id='word_1_150' title='bbox 491 2386 549 2436; x_wconf 89' lang='lat' dir='ltr'>in</span> <span class='ocrx_word' id='word_1_151' title='bbox 610 2385 839 2435; x_wconf 87' lang='lat' dir='ltr'>aliorum</span> <span class='ocrx_word' id='word_1_152' title='bbox 888 2384 1200 2435; x_wconf 88' lang='lat' dir='ltr'>clericorum</span> 
     </span>
     <span class='ocr_line' id='line_1_30' title="bbox 155 2455 1200 2524; baseline -0.004 -16"><span class='ocrx_word' id='word_1_153' title='bbox 155 2458 509 2524; x_wconf 70' lang='lat' dir='ltr'>praejudicium</span> <span class='ocrx_word' id='word_1_154' title='bbox 580 2465 633 2506; x_wconf 92' lang='lat' dir='ltr'>et</span> <span class='ocrx_word' id='word_1_155' title='bbox 702 2456 998 2518; x_wconf 87' lang='lat' dir='ltr'>damnum;</span> <span class='ocrx_word' id='word_1_156' title='bbox 1048 2455 1200 2520; x_wconf 90' lang='lat' dir='ltr'>plura</span> 
     </span>
     <span class='ocr_line' id='line_1_31' title="bbox 151 2527 1203 2596; baseline -0.005 -15"><span class='ocrx_word' id='word_1_157' title='bbox 151 2540 352 2596; x_wconf 87' lang='lat' dir='ltr'>occupat</span> <span class='ocrx_word' id='word_1_158' title='bbox 380 2540 448 2590; x_wconf 89' lang='lat' dir='ltr'>et,</span> <span class='ocrx_word' id='word_1_159' title='bbox 466 2529 590 2579; x_wconf 88' lang='lat' dir='ltr'>aliis</span> <span class='ocrx_word' id='word_1_160' title='bbox 609 2529 988 2588; x_wconf 87' lang='lat' dir='ltr'>esurientibus,</span> <span class='ocrx_word' id='word_1_161' title='bbox 1013 2527 1128 2593; x_wconf 87' lang='lat' dir='ltr'>ipse</span> <span class='ocrx_word' id='word_1_162' title='bbox 1145 2542 1203 2577; x_wconf 84' lang='lat' dir='ltr'>se</span> 
     </span>
     <span class='ocr_line' id='line_1_32' title="bbox 155 2599 1199 2668; baseline -0.004 -15"><span class='ocrx_word' id='word_1_163' title='bbox 155 2602 349 2668; x_wconf 86' lang='lat' dir='ltr'>pompis</span> <span class='ocrx_word' id='word_1_164' title='bbox 376 2611 429 2652; x_wconf 93' lang='lat' dir='ltr'>et</span> <span class='ocrx_word' id='word_1_165' title='bbox 446 2600 774 2651; x_wconf 82' lang='lat' dir='ltr'>vanitatibus</span> <span class='ocrx_word' id='word_1_166' title='bbox 789 2599 1032 2650; x_wconf 86' lang='lat' dir='ltr'>inebriat.</span> <span class='ocrx_word' id='word_1_167' title='bbox 1057 2600 1199 2649; x_wconf 84' lang='lat' dir='ltr'>Pau-</span> 
     </span>
     <span class='ocr_line' id='line_1_33' title="bbox 153 2669 1197 2736; baseline -0.004 -13"><span class='ocrx_word' id='word_1_168' title='bbox 153 2687 320 2736; x_wconf 82' lang='lat' dir='ltr'>perum</span> <span class='ocrx_word' id='word_1_169' title='bbox 366 2672 515 2721; x_wconf 89' lang='lat' dir='ltr'>enim</span> <span class='ocrx_word' id='word_1_170' title='bbox 548 2669 948 2721; x_wconf 78' lang='lat' dir='ltr'>necessitatibus</span> <span class='ocrx_word' id='word_1_171' title='bbox 979 2669 1197 2719; x_wconf 84' lang='lat' dir='ltr'>subtra-</span> 
     </span>
     <span class='ocr_line' id='line_1_34' title="bbox 155 2740 1197 2810; baseline -0.005 -16"><span class='ocrx_word' id='word_1_172' title='bbox 155 2743 300 2804; x_wconf 87' lang='lat' dir='ltr'>hitur,</span> <span class='ocrx_word' id='word_1_173' title='bbox 320 2742 593 2810; x_wconf 89' lang='lat' dir='ltr'>quidquid</span> <span class='ocrx_word' id='word_1_174' title='bbox 618 2741 847 2791; x_wconf 88' lang='lat' dir='ltr'>divitum</span> <span class='ocrx_word' id='word_1_175' title='bbox 871 2740 1197 2791; x_wconf 81' lang='lat' dir='ltr'>vanitatibus</span> 
     </span>
     <span class='ocr_line' id='line_1_35' title="bbox 154 2813 1195 2875; baseline -0.001 -13"><span class='ocrx_word' id='word_1_176' title='bbox 154 2815 358 2875; x_wconf 88' lang='lat' dir='ltr'>accedit,</span> <span class='ocrx_word' id='word_1_177' title='bbox 431 2825 487 2865; x_wconf 91' lang='lat' dir='ltr'>et</span> <span class='ocrx_word' id='word_1_178' title='bbox 567 2813 857 2863; x_wconf 81' lang='lat' dir='ltr'>multitudo</span> <span class='ocrx_word' id='word_1_179' title='bbox 919 2827 1195 2862; x_wconf 86' lang='lat' dir='ltr'>servorum</span> 
     </span>
     <span class='ocr_line' id='line_1_36' title="bbox 155 2882 1197 2950; baseline -0.003 -15"><span class='ocrx_word' id='word_1_180' title='bbox 155 2886 542 2937; x_wconf 86' lang='lat' dir='ltr'>multitudinem</span> <span class='ocrx_word' id='word_1_181' title='bbox 572 2899 865 2950; x_wconf 90' lang='lat' dir='ltr'>pauperum</span> <span class='ocrx_word' id='word_1_182' title='bbox 886 2882 1026 2932; x_wconf 85' lang='lat' dir='ltr'>facit.</span> <span class='ocrx_word' id='word_1_183' title='bbox 1042 2882 1197 2933; x_wconf 86' lang='lat' dir='ltr'>Unde</span> 
     </span>
     <span class='ocr_line' id='line_1_37' title="bbox 156 2953 1038 3026; baseline -0.007 -17"><span class='ocrx_word' id='word_1_184' title='bbox 156 2967 219 3008; x_wconf 82' lang='lat' dir='ltr'>est</span> <span class='ocrx_word' id='word_1_185' title='bbox 243 2958 389 3026; x_wconf 90' lang='lat' dir='ltr'>quod</span> <span class='ocrx_word' id='word_1_186' title='bbox 418 2955 780 3009; x_wconf 87' lang='lat' dir='ltr'>communiter</span> <span class='ocrx_word' id='word_1_187' title='bbox 801 2953 997 3004; x_wconf 88' lang='lat' dir='ltr'>dicitur</span> <span class='ocrx_word' id='word_1_188' title='bbox 1022 2970 1038 3003; x_wconf 71' lang='grc' dir='ltr'><strong>ε</strong></span> 
     </span>
    </p>
   </div>
   <div class='ocr_carea' id='block_1_3' title="bbox 158 3095 1195 3233">
    <p class='ocr_par' dir='ltr' id='par_1_4' title="bbox 158 3095 1195 3233">
     <span class='ocr_line' id='line_1_38' title="bbox 158 3095 1194 3168; baseline -0.01 -14"><span class='ocrx_word' id='word_1_189' title='bbox 158 3099 411 3168; x_wconf 73' lang='lat' dir='ltr'>Quidquid</span> <span class='ocrx_word' id='word_1_190' title='bbox 450 3097 688 3149; x_wconf 78' lang='lat' dir='ltr'>delirant</span> <span class='ocrx_word' id='word_1_191' title='bbox 719 3109 897 3162; x_wconf 70' lang='lat' dir='ltr'>reges,</span> <span class='ocrx_word' id='word_1_192' title='bbox 943 3095 1194 3163; x_wconf 73' lang='lat' dir='ltr'>plectun-</span> 
     </span>
     <span class='ocr_line' id='line_1_39' title="bbox 848 3166 1195 3233; baseline 0 -16"><span class='ocrx_word' id='word_1_193' title='bbox 848 3166 961 3233; x_wconf 82' lang='lat' dir='ltr'>[tur</span> <span class='ocrx_word' id='word_1_194' title='bbox 981 3167 1195 3218; x_wconf 79' lang='lat' dir='ltr'>Achivi.</span> 
     </span>
    </p>
   </div>
   <div class='ocr_carea' id='block_1_4' title="bbox 146 3309 1198 4020">
    <p class='ocr_par' dir='ltr' id='par_1_5' title="bbox 146 3309 1198 4020">
     <span class='ocr_line' id='line_1_40' title="bbox 148 3309 1194 3380; baseline -0.001 -17"><span class='ocrx_word' id='word_1_195' title='bbox 148 3312 220 3373; x_wconf 84' lang='lat' dir='ltr'>Et,</span> <span class='ocrx_word' id='word_1_196' title='bbox 239 3314 384 3380; x_wconf 86' lang='lat' dir='ltr'>quod</span> <span class='ocrx_word' id='word_1_197' title='bbox 427 3314 578 3380; x_wconf 80' lang='lat' dir='ltr'>pejus</span> <span class='ocrx_word' id='word_1_198' title='bbox 603 3320 700 3371; x_wconf 85' lang='lat' dir='ltr'>est,</span> <span class='ocrx_word' id='word_1_199' title='bbox 736 3309 1006 3360; x_wconf 88' lang='lat' dir='ltr'>interdum</span> <span class='ocrx_word' id='word_1_200' title='bbox 1033 3326 1194 3372; x_wconf 73' lang='lat' dir='ltr'>unua,</span> 
     </span>
     <span class='ocr_line' id='line_1_41' title="bbox 147 3379 1198 3435; baseline 0 -3"><span class='ocrx_word' id='word_1_201' title='bbox 147 3384 203 3432; x_wconf 85' lang='lat' dir='ltr'>ad</span> <span class='ocrx_word' id='word_1_202' title='bbox 237 3400 409 3435; x_wconf 91' lang='lat' dir='ltr'>unum</span> <span class='ocrx_word' id='word_1_203' title='bbox 453 3384 610 3434; x_wconf 85' lang='lat' dir='ltr'>etiam</span> <span class='ocrx_word' id='word_1_204' title='bbox 654 3379 969 3432; x_wconf 82' lang='lat' dir='ltr'>beneficium</span> <span class='ocrx_word' id='word_1_205' title='bbox 1015 3381 1198 3432; x_wconf 89' lang='lat' dir='ltr'>minus</span> 
     </span>
     <span class='ocr_line' id='line_1_42' title="bbox 146 3450 1197 3521; baseline -0.001 -20"><span class='ocrx_word' id='word_1_206' title='bbox 146 3450 375 3518; x_wconf 87' lang='lat' dir='ltr'>idoneus,</span> <span class='ocrx_word' id='word_1_207' title='bbox 407 3455 561 3521; x_wconf 88' lang='lat' dir='ltr'>plura</span> <span class='ocrx_word' id='word_1_208' title='bbox 583 3460 830 3518; x_wconf 87' lang='lat' dir='ltr'>occupat;</span> <span class='ocrx_word' id='word_1_209' title='bbox 866 3461 918 3501; x_wconf 89' lang='lat' dir='ltr'>et</span> <span class='ocrx_word' id='word_1_210' title='bbox 943 3451 1038 3518; x_wconf 88' lang='lat' dir='ltr'>qui</span> <span class='ocrx_word' id='word_1_211' title='bbox 1066 3452 1197 3501; x_wconf 90' lang='lat' dir='ltr'>uni-</span> 
     </span>
     <span class='ocr_line' id='line_1_43' title="bbox 149 3525 1195 3594; baseline -0.003 -17"><span class='ocrx_word' id='word_1_212' title='bbox 149 3540 258 3578; x_wconf 89' lang='lat' dir='ltr'>cum</span> <span class='ocrx_word' id='word_1_213' title='bbox 309 3528 558 3594; x_wconf 88' lang='lat' dir='ltr'>quamvis</span> <span class='ocrx_word' id='word_1_214' title='bbox 615 3526 888 3576; x_wconf 86' lang='lat' dir='ltr'>modicum</span> <span class='ocrx_word' id='word_1_215' title='bbox 929 3525 1020 3576; x_wconf 89' lang='lat' dir='ltr'>vix</span> <span class='ocrx_word' id='word_1_216' title='bbox 1067 3525 1195 3575; x_wconf 88' lang='lat' dir='ltr'>offi-</span> 
     </span>
     <span class='ocr_line' id='line_1_44' title="bbox 150 3595 1195 3665; baseline 0 -21"><span class='ocrx_word' id='word_1_217' title='bbox 150 3596 279 3647; x_wconf 87' lang='lat' dir='ltr'>cium</span> <span class='ocrx_word' id='word_1_218' title='bbox 324 3598 549 3665; x_wconf 85' lang='lat' dir='ltr'>implere</span> <span class='ocrx_word' id='word_1_219' title='bbox 594 3595 876 3656; x_wconf 86' lang='lat' dir='ltr'>sufficeret,</span> <span class='ocrx_word' id='word_1_220' title='bbox 924 3596 1195 3660; x_wconf 83' lang='lat' dir='ltr'>plurimo-</span> 
     </span>
     <span class='ocr_line' id='line_1_45' title="bbox 150 3665 1194 3733; baseline 0 -18"><span class='ocrx_word' id='word_1_221' title='bbox 150 3680 259 3716; x_wconf 85' lang='lat' dir='ltr'>rum</span> <span class='ocrx_word' id='word_1_222' title='bbox 298 3668 567 3733; x_wconf 87' lang='lat' dir='ltr'>stipendia</span> <span class='ocrx_word' id='word_1_223' title='bbox 599 3666 705 3717; x_wconf 86' lang='lat' dir='ltr'>sibi</span> <span class='ocrx_word' id='word_1_224' title='bbox 733 3665 1000 3717; x_wconf 80' lang='lat' dir='ltr'>vendicat.</span> <span class='ocrx_word' id='word_1_225' title='bbox 1035 3665 1194 3715; x_wconf 85' lang='lat' dir='ltr'>Plura</span> 
     </span>
     <span class='ocr_line' id='line_1_46' title="bbox 152 3738 1193 3803; baseline 0.002 -15"><span class='ocrx_word' id='word_1_226' title='bbox 152 3738 355 3803; x_wconf 82' lang='lat' dir='ltr'>quidem</span> <span class='ocrx_word' id='word_1_227' title='bbox 387 3739 640 3791; x_wconf 88' lang='lat' dir='ltr'>beneficia</span> <span class='ocrx_word' id='word_1_228' title='bbox 684 3738 1003 3790; x_wconf 84' lang='lat' dir='ltr'>habentibus</span> <span class='ocrx_word' id='word_1_229' title='bbox 1037 3753 1193 3803; x_wconf 86' lang='lat' dir='ltr'>para-</span> 
     </span>
     <span class='ocr_line' id='line_1_47' title="bbox 152 3807 1192 3877; baseline -0.001 -18"><span class='ocrx_word' id='word_1_230' title='bbox 152 3816 232 3859; x_wconf 83' lang='lat' dir='ltr'>tur</span> <span class='ocrx_word' id='word_1_231' title='bbox 249 3811 466 3877; x_wconf 82' lang='lat' dir='ltr'>vagandi</span> <span class='ocrx_word' id='word_1_232' title='bbox 495 3821 548 3862; x_wconf 92' lang='lat' dir='ltr'>et</span> <span class='ocrx_word' id='word_1_233' title='bbox 574 3808 922 3877; x_wconf 86' lang='lat' dir='ltr'>delinquendi</span> <span class='ocrx_word' id='word_1_234' title='bbox 945 3807 1192 3873; x_wconf 79' lang='lat' dir='ltr'>materia3</span> 
     </span>
     <span class='ocr_line' id='line_1_48' title="bbox 156 3881 1193 3961; baseline 0.003 -29"><span class='ocrx_word' id='word_1_235' title='bbox 156 3881 350 3961; x_wconf 68' lang='lat' dir='ltr'>divinus</span> <span class='ocrx_word' id='word_1_236' title='bbox 405 3886 580 3935; x_wconf 89' lang='lat' dir='ltr'>cultus</span> <span class='ocrx_word' id='word_1_237' title='bbox 633 3895 685 3935; x_wconf 93' lang='lat' dir='ltr'>et</span> <span class='ocrx_word' id='word_1_238' title='bbox 750 3881 1086 3949; x_wconf 82' lang='lat' dir='ltr'>hospitalitas</span> <span class='ocrx_word' id='word_1_239' title='bbox 1136 3883 1193 3935; x_wconf 83' lang='lat' dir='ltr'>in</span> 
     </span>
     <span class='ocr_line' id='line_1_49' title="bbox 159 3953 1196 4020; baseline 0.008 -20"><span class='ocrx_word' id='word_1_240' title='bbox 159 3953 276 4016; x_wconf 76' lang='lat' dir='ltr'>ipsis</span> <span class='ocrx_word' id='word_1_241' title='bbox 309 3956 571 4009; x_wconf 79' lang='lat' dir='ltr'>beneficiis</span> <span class='ocrx_word' id='word_1_242' title='bbox 618 3956 907 4020; x_wconf 83' lang='lat' dir='ltr'>minuitur3</span> <span class='ocrx_word' id='word_1_243' title='bbox 947 3956 1196 4008; x_wconf 71' lang='lat' dir='ltr'>ecclesia-</span> 
     </span>
    </p>
   </div>
   <div class='ocr_carea' id='block_1_5' title="bbox 628 1312 1243 1378">
    <p class='ocr_par' dir='ltr' id='par_1_6' title="bbox 628 1312 1243 1378">
     <span class='ocr_line' id='line_1_50' title="bbox 628 1312 1243 1378; baseline -0.008 -13"><span class='ocrx_word' id='word_1_244' title='bbox 628 1314 870 1365; x_wconf 87' lang='lat' dir='ltr'>Judicem</span> <span class='ocrx_word' id='word_1_245' title='bbox 937 1312 1208 1378; x_wconf 84' lang='lat' dir='ltr'>querelam</span> <span class='ocrx_word' id='word_1_246' title='bbox 1238 1353 1243 1359; x_wconf 90' lang='lat'>.</span> 
     </span>
    </p>
   </div>
   <div class='ocr_carea' id='block_1_6' title="bbox 2271 345 2378 414">
    <p class='ocr_par' dir='ltr' id='par_1_7' title="bbox 2271 345 2378 414">
     <span class='ocr_line' id='line_1_51' title="bbox 2271 345 2378 414; baseline -0.009 -18"><span class='ocrx_word' id='word_1_247' title='bbox 2271 345 2378 414; x_wconf 73' lang='lat'>629</span> 
     </span>
    </p>
   </div>
   <div class='ocr_carea' id='block_1_7' title="bbox 1300 458 2408 3380">
    <p class='ocr_par' dir='ltr' id='par_1_8' title="bbox 1300 458 2408 3380">
     <span class='ocr_line' id='line_1_52' title="bbox 1325 458 2382 514; baseline 0.008 -8"><span class='ocrx_word' id='word_1_248' title='bbox 1325 473 1449 507; x_wconf 90' lang='lat' dir='ltr'>rum</span> <span class='ocrx_word' id='word_1_249' title='bbox 1484 458 1784 509; x_wconf 87' lang='lat' dir='ltr'>commodis</span> <span class='ocrx_word' id='word_1_250' title='bbox 1812 469 1865 509; x_wconf 89' lang='lat' dir='ltr'>et</span> <span class='ocrx_word' id='word_1_251' title='bbox 1914 460 2111 511; x_wconf 90' lang='lat' dir='ltr'>honori</span> <span class='ocrx_word' id='word_1_252' title='bbox 2148 462 2382 514; x_wconf 88' lang='lat' dir='ltr'>detrahi-</span> 
     </span>
     <span class='ocr_line' id='line_1_53' title="bbox 1321 530 2380 596; baseline 0.008 -19"><span class='ocrx_word' id='word_1_253' title='bbox 1321 538 1428 588; x_wconf 89' lang='lat' dir='ltr'>tur,</span> <span class='ocrx_word' id='word_1_254' title='bbox 1445 544 1567 595; x_wconf 86' lang='lat' dir='ltr'>quae</span> <span class='ocrx_word' id='word_1_255' title='bbox 1597 545 1690 594; x_wconf 88' lang='lat' dir='ltr'>per</span> <span class='ocrx_word' id='word_1_256' title='bbox 1717 530 1819 580; x_wconf 90' lang='lat' dir='ltr'>hoc</span> <span class='ocrx_word' id='word_1_257' title='bbox 1847 530 1905 580; x_wconf 90' lang='lat' dir='ltr'>in</span> <span class='ocrx_word' id='word_1_258' title='bbox 1934 531 2305 596; x_wconf 80' lang='lat' dir='ltr'>spiritualibus</span> <span class='ocrx_word' id='word_1_259' title='bbox 2330 548 2380 585; x_wconf 89' lang='lat' dir='ltr'>et</span> 
     </span>
     <span class='ocr_line' id='line_1_54' title="bbox 1319 600 2380 667; baseline 0.008 -18"><span class='ocrx_word' id='word_1_260' title='bbox 1319 600 1705 665; x_wconf 87' lang='lat' dir='ltr'>temporalibus</span> <span class='ocrx_word' id='word_1_261' title='bbox 1730 602 2097 667; x_wconf 88' lang='lat' dir='ltr'>multipliciter</span> <span class='ocrx_word' id='word_1_262' title='bbox 2115 607 2380 658; x_wconf 76' lang='lat' dir='ltr'>collabun-</span> 
     </span>
     <span class='ocr_line' id='line_1_55' title="bbox 1319 673 2379 740; baseline 0.008 -20"><span class='ocrx_word' id='word_1_263' title='bbox 1319 680 1424 721; x_wconf 85' lang='lat' dir='ltr'>tur.</span> <span class='ocrx_word' id='word_1_264' title='bbox 1478 673 1579 722; x_wconf 90' lang='lat' dir='ltr'>Sed</span> <span class='ocrx_word' id='word_1_265' title='bbox 1622 682 1740 722; x_wconf 92' lang='lat' dir='ltr'>esto</span> <span class='ocrx_word' id='word_1_266' title='bbox 1786 674 1932 740; x_wconf 92' lang='lat' dir='ltr'>quod</span> <span class='ocrx_word' id='word_1_267' title='bbox 1978 675 2110 724; x_wconf 88' lang='lat' dir='ltr'>tales</span> <span class='ocrx_word' id='word_1_268' title='bbox 2152 677 2379 729; x_wconf 88' lang='lat' dir='ltr'>habeant</span> 
     </span>
     <span class='ocr_line' id='line_1_56' title="bbox 1317 741 2380 812; baseline 0.01 -22"><span class='ocrx_word' id='word_1_269' title='bbox 1317 741 1772 806; x_wconf 87' lang='lat' dir='ltr'>dispensationem</span> <span class='ocrx_word' id='word_1_270' title='bbox 1799 783 1813 805; x_wconf 93' lang='lat'>,</span> <span class='ocrx_word' id='word_1_271' title='bbox 1871 760 2032 810; x_wconf 86' lang='lat' dir='ltr'>super</span> <span class='ocrx_word' id='word_1_272' title='bbox 2085 747 2380 812; x_wconf 87' lang='lat' dir='ltr'>pluralitate</span> 
     </span>
     <span class='ocr_line' id='line_1_57' title="bbox 1318 811 2377 884; baseline 0.01 -23"><span class='ocrx_word' id='word_1_273' title='bbox 1318 811 1732 877; x_wconf 80' lang='lat' dir='ltr'>beneficiorum3</span> <span class='ocrx_word' id='word_1_274' title='bbox 1781 814 2048 881; x_wconf 87' lang='lat' dir='ltr'>numquid</span> <span class='ocrx_word' id='word_1_275' title='bbox 2099 818 2377 884; x_wconf 88' lang='lat' dir='ltr'>dispensa—</span> 
     </span>
     <span class='ocr_line' id='line_1_58' title="bbox 1318 884 2376 960; baseline 0.011 -27"><span class='ocrx_word' id='word_1_276' title='bbox 1318 884 1524 936; x_wconf 86' lang='lat' dir='ltr'>tionem</span> <span class='ocrx_word' id='word_1_277' title='bbox 1548 886 1744 938; x_wconf 87' lang='lat' dir='ltr'>habere</span> <span class='ocrx_word' id='word_1_278' title='bbox 1779 898 2031 953; x_wconf 88' lang='lat' dir='ltr'>poterunt</span> <span class='ocrx_word' id='word_1_279' title='bbox 2065 906 2225 957; x_wconf 89' lang='lat' dir='ltr'>super</span> <span class='ocrx_word' id='word_1_280' title='bbox 2251 910 2376 960; x_wconf 89' lang='lat' dir='ltr'>per-</span> 
     </span>
     <span class='ocr_line' id='line_1_59' title="bbox 1319 959 2374 1026; baseline 0.011 -20"><span class='ocrx_word' id='word_1_281' title='bbox 1319 959 1612 1022; x_wconf 89' lang='lat' dir='ltr'>petratione</span> <span class='ocrx_word' id='word_1_282' title='bbox 1660 962 2039 1026; x_wconf 62' lang='lat' dir='ltr'>praedictorum</span> <span class='ocrx_word' id='word_1_283' title='bbox 2077 966 2374 1018; x_wconf 79' lang='lat' dir='ltr'>malorum?</span> 
     </span>
     <span class='ocr_line' id='line_1_60' title="bbox 1318 1030 2373 1105; baseline 0.01 -26"><span class='ocrx_word' id='word_1_284' title='bbox 1318 1030 1454 1090; x_wconf 86' lang='lat' dir='ltr'>Quae</span> <span class='ocrx_word' id='word_1_285' title='bbox 1472 1032 1692 1096; x_wconf 89' lang='lat' dir='ltr'>quidem</span> <span class='ocrx_word' id='word_1_286' title='bbox 1714 1034 1856 1083; x_wconf 86' lang='lat' dir='ltr'>mala</span> <span class='ocrx_word' id='word_1_287' title='bbox 1882 1044 2028 1085; x_wconf 88' lang='lat' dir='ltr'>tanta</span> <span class='ocrx_word' id='word_1_288' title='bbox 2054 1048 2198 1097; x_wconf 86' lang='lat' dir='ltr'>sunt,</span> <span class='ocrx_word' id='word_1_289' title='bbox 2228 1041 2373 1105; x_wconf 89' lang='lat' dir='ltr'>quod</span> 
     </span>
     <span class='ocr_line' id='line_1_61' title="bbox 1316 1101 2376 1174; baseline 0.011 -24"><span class='ocrx_word' id='word_1_290' title='bbox 1316 1101 1430 1150; x_wconf 88' lang='lat' dir='ltr'>sola</span> <span class='ocrx_word' id='word_1_291' title='bbox 1453 1102 1517 1151; x_wconf 93' lang='lat' dir='ltr'>ad</span> <span class='ocrx_word' id='word_1_292' title='bbox 1555 1103 1953 1154; x_wconf 87' lang='lat' dir='ltr'>damnationem</span> <span class='ocrx_word' id='word_1_293' title='bbox 1980 1107 2287 1174; x_wconf 81' lang='lat' dir='ltr'>sufficiunt3</span> <span class='ocrx_word' id='word_1_294' title='bbox 2323 1122 2376 1162; x_wconf 91' lang='lat' dir='ltr'>et</span> 
     </span>
     <span class='ocr_line' id='line_1_62' title="bbox 1314 1173 2376 1247; baseline 0.011 -26"><span class='ocrx_word' id='word_1_295' title='bbox 1314 1187 1471 1222; x_wconf 90' lang='lat' dir='ltr'>reum</span> <span class='ocrx_word' id='word_1_296' title='bbox 1501 1173 1559 1223; x_wconf 88' lang='lat' dir='ltr'>in</span> <span class='ocrx_word' id='word_1_297' title='bbox 1606 1173 1877 1225; x_wconf 88' lang='lat' dir='ltr'>infernum</span> <span class='ocrx_word' id='word_1_298' title='bbox 1919 1177 2196 1230; x_wconf 84' lang='lat' dir='ltr'>detrudere</span> <span class='ocrx_word' id='word_1_299' title='bbox 2245 1199 2376 1247; x_wconf 88' lang='lat' dir='ltr'>pos-</span> 
     </span>
     <span class='ocr_line' id='line_1_63' title="bbox 1316 1244 2372 1311; baseline 0.01 -18"><span class='ocrx_word' id='word_1_300' title='bbox 1316 1255 1445 1295; x_wconf 86' lang='lat' dir='ltr'>sunt</span> <span class='ocrx_word' id='word_1_301' title='bbox 1470 1244 1569 1295; x_wconf 90' lang='lat' dir='ltr'>ubi</span> <span class='ocrx_word' id='word_1_302' title='bbox 1604 1261 1748 1296; x_wconf 89' lang='lat' dir='ltr'>unus</span> <span class='ocrx_word' id='word_1_303' title='bbox 1788 1256 1849 1296; x_wconf 88' lang='lat' dir='ltr'>ut</span> <span class='ocrx_word' id='word_1_304' title='bbox 1874 1248 2053 1311; x_wconf 91' lang='lat' dir='ltr'>plures</span> <span class='ocrx_word' id='word_1_305' title='bbox 2082 1249 2139 1299; x_wconf 92' lang='lat' dir='ltr'>in</span> <span class='ocrx_word' id='word_1_306' title='bbox 2169 1251 2372 1304; x_wconf 80' lang='lat' dir='ltr'>benefi-</span> 
     </span>
     <span class='ocr_line' id='line_1_64' title="bbox 1313 1314 2374 1382; baseline 0.01 -19"><span class='ocrx_word' id='word_1_307' title='bbox 1313 1314 1431 1375; x_wconf 76' lang='lat' dir='ltr'>ciiS,</span> <span class='ocrx_word' id='word_1_308' title='bbox 1460 1315 1562 1366; x_wconf 88' lang='lat' dir='ltr'>erit</span> <span class='ocrx_word' id='word_1_309' title='bbox 1584 1331 1726 1365; x_wconf 90' lang='lat' dir='ltr'>unus</span> <span class='ocrx_word' id='word_1_310' title='bbox 1754 1326 1815 1366; x_wconf 90' lang='lat' dir='ltr'>ut</span> <span class='ocrx_word' id='word_1_311' title='bbox 1848 1318 2028 1382; x_wconf 89' lang='lat' dir='ltr'>plures</span> <span class='ocrx_word' id='word_1_312' title='bbox 2049 1318 2102 1368; x_wconf 94' lang='lat' dir='ltr'>in</span> <span class='ocrx_word' id='word_1_313' title='bbox 2131 1329 2374 1374; x_wconf 89' lang='lat' dir='ltr'>tormen-</span> 
     </span>
     <span class='ocr_line' id='line_1_65' title="bbox 1311 1385 2369 1458; baseline 0.011 -23"><span class='ocrx_word' id='word_1_314' title='bbox 1311 1385 1400 1439; x_wconf 89' lang='lat' dir='ltr'>tis.</span> <span class='ocrx_word' id='word_1_315' title='bbox 1458 1389 1610 1451; x_wconf 76' lang='lat' dir='ltr'>IstoS,</span> <span class='ocrx_word' id='word_1_316' title='bbox 1665 1389 1959 1439; x_wconf 88' lang='lat' dir='ltr'>secundum</span> <span class='ocrx_word' id='word_1_317' title='bbox 2006 1392 2369 1458; x_wconf 73' lang='lat' dir='ltr'>Bet-nardum,</span> 
     </span>
     <span class='ocr_line' id='line_1_66' title="bbox 1312 1460 2373 1523; baseline 0.009 -17"><span class='ocrx_word' id='word_1_318' title='bbox 1312 1471 1475 1523; x_wconf 88' lang='lat' dir='ltr'>supra</span> <span class='ocrx_word' id='word_1_319' title='bbox 1520 1469 1760 1510; x_wconf 89' lang='lat' dir='ltr'>montem</span> <span class='ocrx_word' id='word_1_320' title='bbox 1787 1460 2052 1511; x_wconf 78' lang='lat' dir='ltr'>excelsum</span> <span class='ocrx_word' id='word_1_321' title='bbox 2081 1464 2234 1514; x_wconf 84' lang='lat' dir='ltr'>valde</span> <span class='ocrx_word' id='word_1_322' title='bbox 2257 1466 2373 1517; x_wconf 89' lang='lat' dir='ltr'>dia-</span> 
     </span>
     <span class='ocr_line' id='line_1_67' title="bbox 1313 1528 2373 1598; baseline 0.009 -20"><span class='ocrx_word' id='word_1_323' title='bbox 1313 1528 1471 1579; x_wconf 89' lang='lat' dir='ltr'>bolus</span> <span class='ocrx_word' id='word_1_324' title='bbox 1502 1531 1675 1595; x_wconf 84' lang='lat' dir='ltr'>ducit3</span> <span class='ocrx_word' id='word_1_325' title='bbox 1734 1532 1934 1598; x_wconf 88' lang='lat' dir='ltr'>quibus</span> <span class='ocrx_word' id='word_1_326' title='bbox 1976 1534 2138 1584; x_wconf 89' lang='lat' dir='ltr'>etiam</span> <span class='ocrx_word' id='word_1_327' title='bbox 2191 1538 2373 1589; x_wconf 89' lang='lat' dir='ltr'>omnia</span> 
     </span>
     <span class='ocr_line' id='line_1_68' title="bbox 1310 1603 2371 1673; baseline 0.008 -23"><span class='ocrx_word' id='word_1_328' title='bbox 1310 1615 1477 1665; x_wconf 80' lang='lat' dir='ltr'>regna</span> <span class='ocrx_word' id='word_1_329' title='bbox 1540 1603 1730 1653; x_wconf 91' lang='lat' dir='ltr'>mundi</span> <span class='ocrx_word' id='word_1_330' title='bbox 1803 1613 1857 1653; x_wconf 90' lang='lat' dir='ltr'>et</span> <span class='ocrx_word' id='word_1_331' title='bbox 1908 1620 2096 1655; x_wconf 89' lang='lat' dir='ltr'>eorum</span> <span class='ocrx_word' id='word_1_332' title='bbox 2146 1609 2371 1673; x_wconf 87' lang='lat' dir='ltr'>gloriam</span> 
     </span>
     <span class='ocr_line' id='line_1_69' title="bbox 1309 1672 2374 1741; baseline 0.009 -21"><span class='ocrx_word' id='word_1_333' title='bbox 1309 1672 1545 1722; x_wconf 90' lang='lat' dir='ltr'>ostendit</span> <span class='ocrx_word' id='word_1_334' title='bbox 1562 1688 1581 1736; x_wconf 73' lang='grc' dir='ltr'><strong><em>ς</em></strong></span> <span class='ocrx_word' id='word_1_335' title='bbox 1607 1683 1660 1723; x_wconf 89' lang='lat' dir='ltr'>et</span> <span class='ocrx_word' id='word_1_336' title='bbox 1707 1683 1939 1735; x_wconf 87' lang='lat' dir='ltr'>ostensa,</span> <span class='ocrx_word' id='word_1_337' title='bbox 1969 1675 2015 1725; x_wconf 90' lang='lat' dir='ltr'>si</span> <span class='ocrx_word' id='word_1_338' title='bbox 2045 1678 2374 1741; x_wconf 85' lang='lat' dir='ltr'>procidentes</span> 
     </span>
     <span class='ocr_line' id='line_1_70' title="bbox 1309 1745 2372 1813; baseline 0.008 -20"><span class='ocrx_word' id='word_1_339' title='bbox 1309 1758 1434 1793; x_wconf 89' lang='lat' dir='ltr'>eum</span> <span class='ocrx_word' id='word_1_340' title='bbox 1462 1745 1703 1807; x_wconf 88' lang='lat' dir='ltr'>adorent,</span> <span class='ocrx_word' id='word_1_341' title='bbox 1726 1748 1849 1798; x_wconf 89' lang='lat' dir='ltr'>dare</span> <span class='ocrx_word' id='word_1_342' title='bbox 1885 1749 2178 1813; x_wconf 86' lang='lat' dir='ltr'>promittit;</span> <span class='ocrx_word' id='word_1_343' title='bbox 2209 1761 2262 1801; x_wconf 88' lang='lat' dir='ltr'>et</span> <span class='ocrx_word' id='word_1_344' title='bbox 2284 1767 2372 1803; x_wconf 89' lang='lat' dir='ltr'>re-</span> 
     </span>
     <span class='ocr_line' id='line_1_71' title="bbox 1306 1820 2371 1884; baseline 0.01 -19"><span class='ocrx_word' id='word_1_345' title='bbox 1306 1831 1430 1866; x_wconf 82' lang='lat' dir='ltr'>vera</span> <span class='ocrx_word' id='word_1_346' title='bbox 1451 1829 1739 1884; x_wconf 84' lang='lat' dir='ltr'>postquam</span> <span class='ocrx_word' id='word_1_347' title='bbox 1769 1820 2009 1872; x_wconf 81' lang='lat' dir='ltr'>avaritiae</span> <span class='ocrx_word' id='word_1_348' title='bbox 2043 1837 2152 1872; x_wconf 88' lang='lat' dir='ltr'>suae</span> <span class='ocrx_word' id='word_1_349' title='bbox 2178 1839 2371 1876; x_wconf 88' lang='lat' dir='ltr'>consu-</span> 
     </span>
     <span class='ocr_line' id='line_1_72' title="bbox 1312 1886 2367 1960; baseline 0.011 -25"><span class='ocrx_word' id='word_1_350' title='bbox 1312 1886 1489 1949; x_wconf 89' lang='lat' dir='ltr'>lend0,</span> <span class='ocrx_word' id='word_1_351' title='bbox 1526 1890 1698 1940; x_wconf 86' lang='lat' dir='ltr'>multa</span> <span class='ocrx_word' id='word_1_352' title='bbox 1737 1891 1991 1942; x_wconf 87' lang='lat' dir='ltr'>beneficia</span> <span class='ocrx_word' id='word_1_353' title='bbox 2023 1894 2198 1960; x_wconf 88' lang='lat' dir='ltr'>adepti</span> <span class='ocrx_word' id='word_1_354' title='bbox 2226 1908 2367 1956; x_wconf 85' lang='lat' dir='ltr'>sunt,</span> 
     </span>
     <span class='ocr_line' id='line_1_73' title="bbox 1308 1963 2370 2025; baseline 0.012 -16"><span class='ocrx_word' id='word_1_355' title='bbox 1308 1975 1434 2010; x_wconf 89' lang='lat' dir='ltr'>eum</span> <span class='ocrx_word' id='word_1_356' title='bbox 1472 1963 1712 2025; x_wconf 88' lang='lat' dir='ltr'>adorant,</span> <span class='ocrx_word' id='word_1_357' title='bbox 1742 1980 1868 2015; x_wconf 90' lang='lat' dir='ltr'>eum</span> <span class='ocrx_word' id='word_1_358' title='bbox 1895 1967 2077 2017; x_wconf 88' lang='lat' dir='ltr'>colunt</span> <span class='ocrx_word' id='word_1_359' title='bbox 2124 1980 2176 2019; x_wconf 90' lang='lat' dir='ltr'>et</span> <span class='ocrx_word' id='word_1_360' title='bbox 2219 1986 2370 2022; x_wconf 87' lang='lat' dir='ltr'>vene-</span> 
     </span>
     <span class='ocr_line' id='line_1_74' title="bbox 1307 2035 2360 2104; baseline 0.009 -24"><span class='ocrx_word' id='word_1_361' title='bbox 1307 2040 1510 2093; x_wconf 89' lang='lat' dir='ltr'>rantur,</span> <span class='ocrx_word' id='word_1_362' title='bbox 1535 2049 1659 2084; x_wconf 90' lang='lat' dir='ltr'>eum</span> <span class='ocrx_word' id='word_1_363' title='bbox 1678 2035 1833 2101; x_wconf 88' lang='lat' dir='ltr'>quasi</span> <span class='ocrx_word' id='word_1_364' title='bbox 1852 2036 2025 2087; x_wconf 88' lang='lat' dir='ltr'>Deum</span> <span class='ocrx_word' id='word_1_365' title='bbox 2046 2051 2360 2104; x_wconf 90' lang='lat' dir='ltr'>sequuntur,</span> 
     </span>
     <span class='ocr_line' id='line_1_75' title="bbox 1308 2107 2365 2176; baseline 0.011 -26"><span class='ocrx_word' id='word_1_366' title='bbox 1308 2111 1361 2151; x_wconf 92' lang='lat' dir='ltr'>et</span> <span class='ocrx_word' id='word_1_367' title='bbox 1390 2114 1513 2166; x_wconf 89' lang='lat' dir='ltr'>post</span> <span class='ocrx_word' id='word_1_368' title='bbox 1529 2120 1652 2155; x_wconf 87' lang='lat' dir='ltr'>eum</span> <span class='ocrx_word' id='word_1_369' title='bbox 1681 2107 1738 2156; x_wconf 90' lang='lat' dir='ltr'>in</span> <span class='ocrx_word' id='word_1_370' title='bbox 1776 2107 2013 2157; x_wconf 87' lang='lat' dir='ltr'>tenebris</span> <span class='ocrx_word' id='word_1_371' title='bbox 2038 2109 2365 2176; x_wconf 85' lang='lat' dir='ltr'>demergun-</span> 
     </span>
     <span class='ocr_line' id='line_1_76' title="bbox 1305 2174 2366 2245; baseline 0.01 -22"><span class='ocrx_word' id='word_1_372' title='bbox 1305 2181 1412 2223; x_wconf 89' lang='lat' dir='ltr'>tur.</span> <span class='ocrx_word' id='word_1_373' title='bbox 1446 2174 1549 2226; x_wconf 90' lang='lat' dir='ltr'>Ubi</span> <span class='ocrx_word' id='word_1_374' title='bbox 1580 2185 1705 2227; x_wconf 87' lang='lat' dir='ltr'>nota</span> <span class='ocrx_word' id='word_1_375' title='bbox 1731 2178 1974 2243; x_wconf 85' lang='lat' dir='ltr'>quaedam</span> <span class='ocrx_word' id='word_1_376' title='bbox 2013 2181 2254 2245; x_wconf 85' lang='lat' dir='ltr'>exempla</span> <span class='ocrx_word' id='word_1_377' title='bbox 2300 2182 2366 2234; x_wconf 89' lang='lat' dir='ltr'>de</span> 
     </span>
     <span class='ocr_line' id='line_1_77' title="bbox 1308 2244 2365 2302; baseline 0.009 -9"><span class='ocrx_word' id='word_1_378' title='bbox 1308 2244 1411 2293; x_wconf 90' lang='lat' dir='ltr'>hac</span> <span class='ocrx_word' id='word_1_379' title='bbox 1435 2246 1673 2297; x_wconf 88' lang='lat' dir='ltr'>materia.</span> <span class='ocrx_word' id='word_1_380' title='bbox 1707 2247 2030 2298; x_wconf 87' lang='lat' dir='ltr'>Guillelmus</span> <span class='ocrx_word' id='word_1_381' title='bbox 2050 2250 2365 2302; x_wconf 88' lang='lat' dir='ltr'>Parisiensis</span> 
     </span>
     <span class='ocr_line' id='line_1_78' title="bbox 1308 2314 2365 2384; baseline 0.008 -20"><span class='ocrx_word' id='word_1_382' title='bbox 1308 2314 1611 2380; x_wconf 90' lang='lat' dir='ltr'>episcopus,</span> <span class='ocrx_word' id='word_1_383' title='bbox 1633 2316 1690 2365; x_wconf 91' lang='lat' dir='ltr'>in</span> <span class='ocrx_word' id='word_1_384' title='bbox 1712 2317 1986 2383; x_wconf 87' lang='lat' dir='ltr'>theologia</span> <span class='ocrx_word' id='word_1_385' title='bbox 2009 2333 2216 2384; x_wconf 90' lang='lat' dir='ltr'>regens,</span> <span class='ocrx_word' id='word_1_386' title='bbox 2242 2337 2365 2372; x_wconf 89' lang='lat' dir='ltr'>con-</span> 
     </span>
     <span class='ocr_line' id='line_1_79' title="bbox 1304 2386 2361 2453; baseline 0.008 -19"><span class='ocrx_word' id='word_1_387' title='bbox 1304 2386 1640 2435; x_wconf 86' lang='lat' dir='ltr'>vocationem</span> <span class='ocrx_word' id='word_1_388' title='bbox 1657 2386 1848 2437; x_wconf 86' lang='lat' dir='ltr'>fecerat</span> <span class='ocrx_word' id='word_1_389' title='bbox 1866 2388 2264 2453; x_wconf 86' lang='lat' dir='ltr'>magistrorum.</span> <span class='ocrx_word' id='word_1_390' title='bbox 2280 2393 2361 2453; x_wconf 79' lang='lat' dir='ltr'>Et,</span> 
     </span>
     <span class='ocr_line' id='line_1_80' title="bbox 1305 2457 2363 2525; baseline 0.009 -21"><span class='ocrx_word' id='word_1_391' title='bbox 1305 2457 1576 2521; x_wconf 86' lang='lat' dir='ltr'>proposita</span> <span class='ocrx_word' id='word_1_392' title='bbox 1617 2458 1912 2524; x_wconf 86' lang='lat' dir='ltr'>quaestione</span> <span class='ocrx_word' id='word_1_393' title='bbox 1961 2459 2026 2508; x_wconf 90' lang='lat' dir='ltr'>de</span> <span class='ocrx_word' id='word_1_394' title='bbox 2065 2461 2363 2525; x_wconf 88' lang='lat' dir='ltr'>pluralitate</span> 
     </span>
     <span class='ocr_line' id='line_1_81' title="bbox 1305 2527 2364 2599; baseline 0.006 -21"><span class='ocrx_word' id='word_1_395' title='bbox 1305 2527 1703 2590; x_wconf 87' lang='lat' dir='ltr'>beneficiorum,</span> <span class='ocrx_word' id='word_1_396' title='bbox 1722 2530 1905 2581; x_wconf 87' lang='lat' dir='ltr'>solerti</span> <span class='ocrx_word' id='word_1_397' title='bbox 1925 2541 1976 2581; x_wconf 85' lang='lat' dir='ltr'>et</span> <span class='ocrx_word' id='word_1_398' title='bbox 1998 2532 2157 2597; x_wconf 89' lang='lat' dir='ltr'>longa</span> <span class='ocrx_word' id='word_1_399' title='bbox 2186 2533 2364 2599; x_wconf 87' lang='lat' dir='ltr'>dispu-</span> 
     </span>
     <span class='ocr_line' id='line_1_82' title="bbox 1303 2598 2408 2667; baseline 0.006 -18"><span class='ocrx_word' id='word_1_400' title='bbox 1303 2598 1505 2651; x_wconf 87' lang='lat' dir='ltr'>tatione</span> <span class='ocrx_word' id='word_1_401' title='bbox 1544 2601 1827 2667; x_wconf 83' lang='lat' dir='ltr'>probatum</span> <span class='ocrx_word' id='word_1_402' title='bbox 1854 2613 1933 2652; x_wconf 90' lang='lat' dir='ltr'>est</span> <span class='ocrx_word' id='word_1_403' title='bbox 1955 2603 2065 2651; x_wconf 91' lang='lat' dir='ltr'>duo</span> <span class='ocrx_word' id='word_1_404' title='bbox 2092 2604 2361 2666; x_wconf 87' lang='lat' dir='ltr'>beneficia,</span> <span class='ocrx_word' id='word_1_405' title='bbox 2402 2645 2408 2650; x_wconf 84' lang='lat'>.</span> 
     </span>
     <span class='ocr_line' id='line_1_83' title="bbox 1305 2670 2363 2738; baseline 0.007 -19"><span class='ocrx_word' id='word_1_406' title='bbox 1305 2670 1604 2721; x_wconf 91' lang='lat' dir='ltr'>dummodo</span> <span class='ocrx_word' id='word_1_407' title='bbox 1633 2688 1805 2722; x_wconf 88' lang='lat' dir='ltr'>unum</span> <span class='ocrx_word' id='word_1_408' title='bbox 1848 2672 2159 2738; x_wconf 90' lang='lat' dir='ltr'>quindecim</span> <span class='ocrx_word' id='word_1_409' title='bbox 2200 2675 2363 2726; x_wconf 84' lang='lat' dir='ltr'>libras</span> 
     </span>
     <span class='ocr_line' id='line_1_84' title="bbox 1307 2742 2361 2808; baseline 0.007 -17"><span class='ocrx_word' id='word_1_410' title='bbox 1307 2742 1632 2793; x_wconf 80' lang='lat' dir='ltr'>Parisienses</span> <span class='ocrx_word' id='word_1_411' title='bbox 1669 2745 1881 2808; x_wconf 86' lang='lat' dir='ltr'>valeret,</span> <span class='ocrx_word' id='word_1_412' title='bbox 1930 2745 1995 2795; x_wconf 90' lang='lat' dir='ltr'>ab</span> <span class='ocrx_word' id='word_1_413' title='bbox 2045 2761 2157 2795; x_wconf 90' lang='lat' dir='ltr'>uno</span> <span class='ocrx_word' id='word_1_414' title='bbox 2199 2748 2361 2798; x_wconf 77' lang='lat' dir='ltr'>teneri</span> 
     </span>
     <span class='ocr_line' id='line_1_85' title="bbox 1304 2815 2362 2881; baseline 0.005 -16"><span class='ocrx_word' id='word_1_415' title='bbox 1304 2830 1427 2865; x_wconf 87' lang='lat' dir='ltr'>cum</span> <span class='ocrx_word' id='word_1_416' title='bbox 1460 2815 1627 2864; x_wconf 87' lang='lat' dir='ltr'>salute</span> <span class='ocrx_word' id='word_1_417' title='bbox 1657 2830 1767 2865; x_wconf 89' lang='lat' dir='ltr'>non</span> <span class='ocrx_word' id='word_1_418' title='bbox 1799 2831 1973 2881; x_wconf 88' lang='lat' dir='ltr'>posse.</span> <span class='ocrx_word' id='word_1_419' title='bbox 2026 2818 2140 2867; x_wconf 91' lang='lat' dir='ltr'>Hoc</span> <span class='ocrx_word' id='word_1_420' title='bbox 2183 2818 2362 2870; x_wconf 85' lang='lat' dir='ltr'>deter-</span> 
     </span>
     <span class='ocr_line' id='line_1_86' title="bbox 1303 2885 2361 2953; baseline 0.008 -19"><span class='ocrx_word' id='word_1_421' title='bbox 1303 2885 1530 2936; x_wconf 80' lang='lat' dir='ltr'>minavit</span> <span class='ocrx_word' id='word_1_422' title='bbox 1559 2886 1840 2950; x_wconf 79' lang='lat' dir='ltr'>praedictus</span> <span class='ocrx_word' id='word_1_423' title='bbox 1884 2886 2207 2953; x_wconf 90' lang='lat' dir='ltr'>Episcopus,</span> <span class='ocrx_word' id='word_1_424' title='bbox 2260 2890 2361 2942; x_wconf 87' lang='lat' dir='ltr'>hoc</span> 
     </span>
     <span class='ocr_line' id='line_1_87' title="bbox 1302 2955 2361 3023; baseline 0.006 -18"><span class='ocrx_word' id='word_1_425' title='bbox 1302 2971 1493 3006; x_wconf 88' lang='lat' dir='ltr'>omnes</span> <span class='ocrx_word' id='word_1_426' title='bbox 1535 2955 1625 3005; x_wconf 74' lang='lat' dir='ltr'>alii</span> <span class='ocrx_word' id='word_1_427' title='bbox 1675 2956 1914 3022; x_wconf 86' lang='lat' dir='ltr'>magistri</span> <span class='ocrx_word' id='word_1_428' title='bbox 1944 2958 2229 3023; x_wconf 84' lang='lat' dir='ltr'>theologiae</span> <span class='ocrx_word' id='word_1_429' title='bbox 2262 2960 2361 3011; x_wconf 83' lang='lat' dir='ltr'>de-</span> 
     </span>
     <span class='ocr_line' id='line_1_88' title="bbox 1300 3028 2358 3095; baseline 0.006 -19"><span class='ocrx_word' id='word_1_430' title='bbox 1300 3028 1753 3092; x_wconf 80' lang='lat' dir='ltr'>terminaverunt3</span> <span class='ocrx_word' id='word_1_431' title='bbox 1822 3030 2053 3094; x_wconf 86' lang='lat' dir='ltr'>exceptis</span> <span class='ocrx_word' id='word_1_432' title='bbox 2106 3032 2318 3082; x_wconf 88' lang='lat' dir='ltr'>duobus</span> <span class='ocrx_word' id='word_1_433' title='bbox 2343 3072 2358 3095; x_wconf 92' lang='lat'>‚</span> 
     </span>
     <span class='ocr_line' id='line_1_89' title="bbox 1302 3098 2358 3165; baseline 0.006 -18"><span class='ocrx_word' id='word_1_434' title='bbox 1302 3098 1510 3148; x_wconf 85' lang='lat' dir='ltr'>scilicet</span> <span class='ocrx_word' id='word_1_435' title='bbox 1527 3099 1781 3165; x_wconf 86' lang='lat' dir='ltr'>magistro</span> <span class='ocrx_word' id='word_1_436' title='bbox 1794 3099 2059 3165; x_wconf 83' lang='lat' dir='ltr'>Philippo,</span> <span class='ocrx_word' id='word_1_437' title='bbox 2073 3101 2358 3153; x_wconf 84' lang='lat' dir='ltr'>Parisiensi</span> 
     </span>
     <span class='ocr_line' id='line_1_90' title="bbox 1300 3170 2359 3235; baseline 0.002 -15"><span class='ocrx_word' id='word_1_438' title='bbox 1300 3170 1647 3232; x_wconf 86' lang='lat' dir='ltr'>cancellario;</span> <span class='ocrx_word' id='word_1_439' title='bbox 1698 3179 1752 3220; x_wconf 87' lang='lat' dir='ltr'>et</span> <span class='ocrx_word' id='word_1_440' title='bbox 1797 3170 2053 3235; x_wconf 90' lang='lat' dir='ltr'>magistro</span> <span class='ocrx_word' id='word_1_441' title='bbox 2102 3173 2359 3233; x_wconf 86' lang='lat' dir='ltr'>Arnoldo,</span> 
     </span>
     <span class='ocr_line' id='line_1_91' title="bbox 1301 3241 2357 3308; baseline 0.004 -18"><span class='ocrx_word' id='word_1_442' title='bbox 1301 3241 1647 3308; x_wconf 89' lang='lat' dir='ltr'>postmodum</span> <span class='ocrx_word' id='word_1_443' title='bbox 1692 3241 2047 3292; x_wconf 84' lang='lat' dir='ltr'>Ambianensi</span> <span class='ocrx_word' id='word_1_444' title='bbox 2093 3243 2357 3308; x_wconf 68' lang='lat' dir='ltr'>episcopm</span> 
     </span>
     <span class='ocr_line' id='line_1_92' title="bbox 1303 3313 2361 3380; baseline 0.002 -18"><span class='ocrx_word' id='word_1_445' title='bbox 1303 3313 1446 3373; x_wconf 91' lang='lat' dir='ltr'>Quid</span> <span class='ocrx_word' id='word_1_446' title='bbox 1464 3324 1640 3363; x_wconf 89' lang='lat' dir='ltr'>autem</span> <span class='ocrx_word' id='word_1_447' title='bbox 1674 3313 1923 3380; x_wconf 86' lang='lat' dir='ltr'>praedicto</span> <span class='ocrx_word' id='word_1_448' title='bbox 1955 3314 2203 3379; x_wconf 88' lang='lat' dir='ltr'>Philippo</span> <span class='ocrx_word' id='word_1_449' title='bbox 2230 3331 2361 3364; x_wconf 89' lang='lat' dir='ltr'>con-</span> 
     </span>
    </p>
   </div>
   <div class='ocr_carea' id='block_1_8' title="bbox 1277 3385 2357 3451">
    <p class='ocr_par' dir='ltr' id='par_1_9' title="bbox 1277 3385 2357 3451">
     <span class='ocr_line' id='line_1_93' title="bbox 1277 3385 2357 3451; baseline -0.002 -15"><span class='ocrx_word' id='word_1_450' title='bbox 1277 3385 1483 3451; x_wconf 53' lang='lat' dir='ltr'>‘tigerit</span> <span class='ocrx_word' id='word_1_451' title='bbox 1533 3385 1832 3436; x_wconf 84' lang='lat' dir='ltr'>audiamus.</span> <span class='ocrx_word' id='word_1_452' title='bbox 1884 3386 2267 3451; x_wconf 86' lang='lat' dir='ltr'>Agonizantem</span> <span class='ocrx_word' id='word_1_453' title='bbox 2300 3385 2357 3437; x_wconf 92' lang='lat' dir='ltr'>in</span> 
     </span>
    </p>
   </div>
   <div class='ocr_carea' id='block_1_9' title="bbox 1300 3455 2361 4017">
    <p class='ocr_par' dir='ltr' id='par_1_10' title="bbox 1300 3455 2361 4017">
     <span class='ocr_line' id='line_1_94' title="bbox 1301 3455 2358 3521; baseline -0.003 -14"><span class='ocrx_word' id='word_1_454' title='bbox 1301 3468 1474 3508; x_wconf 89' lang='lat' dir='ltr'>morte</span> <span class='ocrx_word' id='word_1_455' title='bbox 1501 3457 1753 3507; x_wconf 90' lang='lat' dir='ltr'>dominus</span> <span class='ocrx_word' id='word_1_456' title='bbox 1794 3455 2117 3507; x_wconf 85' lang='lat' dir='ltr'>Guillelmus</span> <span class='ocrx_word' id='word_1_457' title='bbox 2149 3456 2358 3521; x_wconf 88' lang='lat' dir='ltr'>episco-</span> 
     </span>
     <span class='ocr_line' id='line_1_95' title="bbox 1302 3525 2359 3595; baseline -0.005 -16"><span class='ocrx_word' id='word_1_458' title='bbox 1302 3544 1420 3595; x_wconf 88' lang='lat' dir='ltr'>pus,</span> <span class='ocrx_word' id='word_1_459' title='bbox 1435 3538 1691 3595; x_wconf 89' lang='lat' dir='ltr'>tanquam</span> <span class='ocrx_word' id='word_1_460' title='bbox 1709 3529 1884 3579; x_wconf 89' lang='lat' dir='ltr'>bonus</span> <span class='ocrx_word' id='word_1_461' title='bbox 1897 3537 2090 3593; x_wconf 87' lang='lat' dir='ltr'>pastor,</span> <span class='ocrx_word' id='word_1_462' title='bbox 2111 3525 2359 3585; x_wconf 86' lang='lat' dir='ltr'>visitavit,</span> 
     </span>
     <span class='ocr_line' id='line_1_96' title="bbox 1301 3598 2359 3667; baseline -0.005 -16"><span class='ocrx_word' id='word_1_463' title='bbox 1301 3616 1500 3667; x_wconf 90' lang='lat' dir='ltr'>rogans</span> <span class='ocrx_word' id='word_1_464' title='bbox 1522 3617 1645 3651; x_wconf 87' lang='lat' dir='ltr'>eum</span> <span class='ocrx_word' id='word_1_465' title='bbox 1660 3610 1719 3653; x_wconf 90' lang='lat' dir='ltr'>ut</span> <span class='ocrx_word' id='word_1_466' title='bbox 1745 3600 2002 3667; x_wconf 87' lang='lat' dir='ltr'>singulari</span> <span class='ocrx_word' id='word_1_467' title='bbox 2027 3598 2271 3664; x_wconf 90' lang='lat' dir='ltr'>opinioni</span> <span class='ocrx_word' id='word_1_468' title='bbox 2295 3599 2359 3647; x_wconf 90' lang='lat' dir='ltr'>de</span> 
     </span>
     <span class='ocr_line' id='line_1_97' title="bbox 1300 3669 2361 3738; baseline -0.006 -16"><span class='ocrx_word' id='word_1_469' title='bbox 1300 3671 1600 3738; x_wconf 82' lang='lat' dir='ltr'>pluralitate</span> <span class='ocrx_word' id='word_1_470' title='bbox 1640 3671 2018 3723; x_wconf 85' lang='lat' dir='ltr'>beneficiorum</span> <span class='ocrx_word' id='word_1_471' title='bbox 2055 3669 2279 3726; x_wconf 87' lang='lat' dir='ltr'>cederet,</span> <span class='ocrx_word' id='word_1_472' title='bbox 2308 3676 2361 3717; x_wconf 87' lang='lat' dir='ltr'>et</span> 
     </span>
     <span class='ocr_line' id='line_1_98' title="bbox 1301 3741 2356 3802; baseline -0.007 -10"><span class='ocrx_word' id='word_1_473' title='bbox 1301 3742 1485 3792; x_wconf 88' lang='lat' dir='ltr'>omnia</span> <span class='ocrx_word' id='word_1_474' title='bbox 1518 3741 1770 3793; x_wconf 87' lang='lat' dir='ltr'>beneficia</span> <span class='ocrx_word' id='word_1_475' title='bbox 1811 3755 1925 3799; x_wconf 83' lang='lat' dir='ltr'>sua,</span> <span class='ocrx_word' id='word_1_476' title='bbox 1959 3754 2078 3794; x_wconf 64' lang='lat' dir='ltr'>,uno</span> <span class='ocrx_word' id='word_1_477' title='bbox 2122 3746 2356 3802; x_wconf 77' lang='lat' dir='ltr'>excepte,</span> 
     </span>
     <span class='ocr_line' id='line_1_99' title="bbox 1301 3808 2355 3872; baseline -0.007 -9"><span class='ocrx_word' id='word_1_478' title='bbox 1301 3813 1360 3863; x_wconf 91' lang='lat' dir='ltr'>in</span> <span class='ocrx_word' id='word_1_479' title='bbox 1390 3828 1582 3862; x_wconf 87' lang='lat' dir='ltr'>manus</span> <span class='ocrx_word' id='word_1_480' title='bbox 1610 3811 1853 3862; x_wconf 67' lang='lat' dir='ltr'>Ecclesiae</span> <span class='ocrx_word' id='word_1_481' title='bbox 1900 3808 2206 3872; x_wconf 80' lang='lat' dir='ltr'>resignaret.</span> <span class='ocrx_word' id='word_1_482' title='bbox 2252 3808 2355 3857; x_wconf 87' lang='lat' dir='ltr'>Sed</span> 
     </span>
     <span class='ocr_line' id='line_1_100' title="bbox 1301 3878 2357 3943; baseline -0.006 -9"><span class='ocrx_word' id='word_1_483' title='bbox 1301 3883 1499 3943; x_wconf 85' lang='lat' dir='ltr'>renuit,</span> <span class='ocrx_word' id='word_1_484' title='bbox 1522 3883 1771 3933; x_wconf 85' lang='lat' dir='ltr'>dicensse</span> <span class='ocrx_word' id='word_1_485' title='bbox 1783 3882 1915 3932; x_wconf 88' lang='lat' dir='ltr'>velle</span> <span class='ocrx_word' id='word_1_486' title='bbox 1933 3878 2159 3943; x_wconf 81' lang='lat' dir='ltr'>experiri</span> <span class='ocrx_word' id='word_1_487' title='bbox 2174 3888 2357 3929; x_wconf 86' lang='lat' dir='ltr'>utrum</span> 
     </span>
     <span class='ocr_line' id='line_1_101' title="bbox 1301 3948 2357 4017; baseline -0.007 -10"><span class='ocrx_word' id='word_1_488' title='bbox 1301 3965 1442 4007; x_wconf 57' lang='lat' dir='ltr'>essa</span> <span class='ocrx_word' id='word_1_489' title='bbox 1485 3952 1790 4005; x_wconf 85' lang='lat' dir='ltr'>damnabile</span> <span class='ocrx_word' id='word_1_490' title='bbox 1834 3952 1991 4017; x_wconf 89' lang='lat' dir='ltr'>plura</span> <span class='ocrx_word' id='word_1_491' title='bbox 2011 3948 2268 4001; x_wconf 87' lang='lat' dir='ltr'>beneficia</span> <span class='ocrx_word' id='word_1_492' title='bbox 2291 3950 2357 4000; x_wconf 94' lang='lat' dir='ltr'>ab</span> 
     </span>
    </p>
   </div>
  </div>
 </body>
</html>
