2757 4413
295 257 400 309 808

294 373 405 423 Deo
434 371 564 437 ,quis
590 370 822 421 recessit.
846 372 953 422 Sed
993 370 1243 435 discipuli
1262 384 1357 420 ,re-

297 443 557 509 putabant
608 443 763 509 quasi
822 442 1160 508 impossibile
1211 441 1357 509 quod

297 513 422 581 quis
450 529 542 563 eos
568 523 826 564 saturaret
853 513 1097 578 panibuS,
1125 512 1221 579 qui
1247 527 1380 562 non.

298 582 707 634 inveniebantur
730 583 784 633 in
807 582 1112 632 solitudine.

361 655 396 706 6
428 658 585 707 ΡΑΝιε
615 672 788 707 3⁸11AE
822 671 1066 705 cosm-rto
1090 671 1227 715 vent,
1259 670 1358 712 Qut

298 746 400 780 ran
422 744 863 780 ruminamus-at
889 744 1027 779 Anus
1053 744 1359 778 mmsrnm

300 819 485 854 neser.
513 832 574 841 -
605 802 707 853 Ubi
736 802 1007 852 moraliter
1039 801 1357 860 notandum,

301 874 447 940 quod
482 890 608 924 curn
650 873 805 938 panis
836 873 1032 923 animae
1058 872 1132 923 sit
1166 872 1358 938 cogni-

297 948 379 998 tio
401 948 534 1009 veri,
562 956 614 997 et
640 962 793 996 amor
828 946 977 1008 boni,
1009 948 1066 996 in
1094 946 1169 998 rei
1215 944 1360 996 veri-

299 1026 405 1069 tate
422 1033 532 1068 non
555 1016 826 1067 invenitur
844 1016 903 1066 in
926 1016 1216 1067 solitudine
1231 1031 1361 1082 prae·

299 1088 468 1141 sentis
495 1088 852 1153 seculifunde
880 1089 1004 1155 quis
1034 1089 1358 1139 esurientem

297 1159 536 1210 animam
592 1169 786 1225 pascat,
834 1169 886 1209 et
938 1160 1129 1210 satiare
1170 1159 1358 1226 possit.

300 1228 459 1279 Panis
478 1228 621 1280 enim
636 1230 876 1280 veritatis
890 1232 1173 1281 mundanae
1195 1230 1363 1280 scien-

298 1302 388 1352 tiae
429 1302 615 1353 multis
656 1312 737 1352 est
763 1303 1033 1354 admixtus
1064 1303 1356 1353 erroribus
1343 1340 1358 1366 ,

300 1374 428 1440 quia
466 1375 743 1426 diminutoe
772 1383 898 1426 sunt
928 1376 1199 1439 veritateS,
1230 1389 1265 1424 a
1280 1375 1362 1441 fi-

294 1433 391 1498 xlii-s
428 1445 714 1496 hominum.
761 1447 968 1497 Rursus
1008 1448 1161 1513 panis
1204 1462 1362 1497 amo-

298 1517 376 1568 ris
401 1526 654 1567 creaturae
672 1518 880 1567 multas
914 1518 1075 1568 habet
1097 1517 1362 1568 amaritu—

302 1586 474 1637 dines.
518 1586 676 1637 Unde
709 1588 1052 1653 Augustinus
1086 1605 1105 1637 .·
1144 1606 1172 1634 α
1201 1587 1365 1637 Miser

301 1667 385 1709 est
420 1656 600 1707 omnis
643 1657 861 1707 animus
887 1657 1100 1708 vinctus
1127 1656 1367 1707 amicitia

301 1745 481 1781 rerum
506 1729 839 1793 mortalium3
861 1739 912 1779 et
932 1730 1223 1779 dilaniatur
1240 1744 1364 1779 cum

301 1815 393 1852 eas
411 1800 631 1851 amittit.
658 1801 770 1850 Nec
796 1811 877 1850 est
903 1800 1068 1864 igitur
1098 1801 1189 1850 hic
1212 1801 1365 1867 panis

303 1870 656 1935 cognitionis,
703 1884 799 1919 nec
836 1870 1065 1930 amoriS,
1108 1870 1201 1937 qui
1234 1871 1365 1920 ani-

305 1957 450 1992 mam
494 1952 732 1992 nostram
778 1941 968 1992 satiare
1007 1943 1195 2008 possit.
1224 1962 1253 1991 ³>
1298 1944 1366 1994 Et

304 2029 429 2064 cnm
450 2013 720 2063 Dominus
745 2025 1090 2079 cognosceret
1122 2014 1366 2080 discipu-

303 2083 388 2135 los
422 2084 617 2135 habere
656 2091 855 2149 septem
872 2100 1049 2152 panes
1085 2093 1136 2136 et
1158 2100 1367 2154 paucos

295 2155 589 2223 pisciculos
594 2193 616 2219 ‚
666 2155 876 2222 accepit
916 2171 1009 2208 eos
1065 2157 1120 2208 in
1176 2172 1369 2208 manus

303 2245 445 2291 suas,
466 2230 535 2280 in
576 2247 687 2296 quo
717 2231 954 2282 ostendit
991 2247 1048 2282 se
1086 2248 1287 2298 panum
1314 2242 1371 2283 et

300 2302 550 2353 omnium
567 2301 867 2352 Dominum
880 2312 937 2353 et
956 2302 1225 2364 factorem,
1246 2303 1371 2370 quia

303 2371 359 2422 iu
378 2387 540 2423 manu
567 2372 684 2438 ejus
706 2379 845 2423 ..suut
874 2387 1054 2424 omnes
1071 2375 1223 2438 fines
1257 2380 1372 2423 ter-

303 2458 422 2508 raess
458 2443 655 2496 deinde
692 2444 892 2510 gratias
935 2444 1048 2510 egit
1083 2446 1196 2496 Deo
1224 2445 1371 2495 Patri

302 2528 334 2565 a
371 2529 481 2581 quo
510 2515 617 2566 sibi
664 2524 896 2581 potesms
933 2526 1034 2575 est,
1071 2526 1131 2566 ut
1162 2525 1215 2567 et
1256 2516 1373 2582 ipse

303 2596 569 2666 quantum
599 2588 665 2638 de
706 2589 881 2638 salute
921 2586 1131 2653 generis
1175 2587 1372 2637 huma-

309 2656 365 2707 ni
432 2657 763 2723 congaudeat
804 2656 1129 2718 ostenderet,
1178 2665 1232 2706 et
1268 2672 1375 2707 nos

307 2727 375 2776 ad
428 2729 661 2793 agendas
730 2729 842 2779 Deo
912 2742 1122 2793 semper
1182 2727 1376 2793 gratias

310 2797 378 2847 de
432 2798 697 2850 omnibus
751 2815 782 2850 a
832 2800 954 2850 Deo
999 2798 1139 2850 datis
1217 2797 1380 2849 infor

311 2878 498 2918 maret.
543 2870 755 2920 Deinde
788 2869 1089 2931 benedixit,
1127 2868 1198 2919 in
1262 2884 1375 2934 quo

308 2936 562 2987 virtutem
585 2939 1050 3005 multiplicationis
1079 2939 1155 2990 eis
1195 2939 1373 3003 dedit3

310 3008 440 3074 quia
484 3024 609 3059 vero
626 3011 841 3090 fregi-t,
887 3027 1014 3061 cum
1056 3011 1181 3061 dare
1219 3012 1378 3061 vellet

309 3077 609 3143 discipulis,
642 3080 974 3145 apertionem
999 3081 1247 3146 designat
1282 3096 1375 3131 sa-

309 3160 726 3213 cramentorum,
788 3154 990 3219 quibus
1052 3154 1374 3205 nutriendus

308 3233 419 3275 erat
438 3224 711 3288 ‚mundus;
750 3227 834 3276 vel
862 3227 1046 3289 etiam,
1066 3227 1268 3293 fregit,
1316 3237 1378 3279 ut

309 3298 810 3365 multiplicationem
839 3316 1040 3365 panum
1060 3316 1160 3351 sua
1184 3301 1378 3352 virtute

311 3366 539 3419 fiendam
581 3367 906 3419 ostenderet.
958 3371 1028 3421 ln
1077 3387 1140 3421 eo
1184 3382 1377 3423 :autem

309 3439 456 3506 quod
484 3439 633 3490 dedit
651 3438 952 3506 discipuliS,
992 3450 1052 3490 ut
1079 3441 1250 3492 turbae
1275 3457 1380 3507 ap-

307 3520 580 3576 ponerent,
598 3526 702 3561 eos
729 3510 1035 3571 honoravit,
1067 3511 1382 3577 significans

311 3582 460 3647 quod
484 3581 781 3646 spiritualis
815 3581 958 3631 dona
990 3581 1230 3633 scientiae
1276 3583 1383 3634 tri-

316 3650 491 3703 buens
506 3651 803 3716 Apostolis,
840 3666 934 3717 per
976 3666 1165 3702 eorum
1199 3651 1382 3703 mini-

312 3720 538 3773 sterium
563 3722 737 3772 voluit
760 3721 1008 3773 Ecclesiae
1040 3736 1151 3772 suae
1176 3737 1271 3788 per
1294 3738 1391 3772 or·-
1427 3726 1432 3779 ἶ,

321 3793 448 3844 bem
481 3793 605 3845 vitae
648 3795 845 3847 cibaria
884 3794 1155 3847 distribui.
1180 3792 1256 3846 Et
1282 3795 1388 3846 hoc
1429 3794 1432 3863 ζ

323 3860 596 3927 signatum
635 3874 715 3916 est
754 3865 813 3915 in
856 3865 1239 3919 distributione
1284 3880 1386 3931 pa-

943 257 1180 308 PRIMAE
1216 256 1465 307 PARTIS
1494 256 1729 310 CAPUT
1754 259 1890 311 XCI.

1471 386 1622 434 num,
1662 382 1722 422 ut
1749 372 1870 436 hic3
1897 381 1949 423 et
1981 387 2140 438 supra
2169 372 2226 422 in
2269 372 2559 427 solutione

1465 453 1821 506 mortuorum,
1849 453 1910 494 ut
1938 443 2011 493 ibi
2044 460 2057 492 z
2089 443 2296 494 Solvite
2336 458 2461 494 eum
2491 452 2559 496 et

1463 511 1621 563 sinite
1666 513 1851 578 abire,·
1899 523 1949 563 et
1996 513 2052 563 in
2096 511 2419 564 adductione
2461 530 2557 567 ve-

1464 582 1793 647 hiculorum,
1830 594 1890 635 ut
1929 584 2003 634 ibi
2031 601 2054 634 ¹:
2084 584 2292 634 Solvite
2343 591 2397 635 et
2428 586 2546 637 ad·

1465 653 1640 704 ducite
1675 655 1824 707 mihi.
1854 656 2060 706 Eorum
2089 655 2239 705 enim
2278 654 2548 709 ministe-

1462 723 1563 784 rio,
1613 735 1666 775 et
1718 725 1779 776 fit
1823 725 2072 776 adductio
2126 726 2193 775 ad
2258 725 2442 788 fidem,
2488 737 2548 779 et

1463 797 1663 847 solutio
1703 799 1765 848 ad
1800 798 2301 863 reconciliationem,
2339 809 2396 850 et
2419 798 2548 851 dis-

1464 866 1691 918 tributio
1731 870 1797 919 ad
1825 868 2197 934 refectionem.
2231 870 2392 920 Dedit
2429 884 2549 936 Ju-

1466 954 1578 999 nes,
1624 939 1753 1005 quia
1780 940 1936 1005 panis
1956 950 2037 991 est
2064 940 2217 991 cibus
2263 956 2375 1007 quo
2417 956 2549 993 sus-

1465 1019 1695 1060 tentatur
1727 1011 1866 1075 vita;
1912 1011 2082 1078 pisces
2125 1027 2247 1062 vero
2297 1012 2449 1062 dedit
2478 1012 2544 1063 in

1465 1080 1872 1132 condimentum
1895 1081 2023 1141 cibi,
2039 1082 2109 1131 ad
2138 1082 2546 1133 ostendendum

1465 1152 1610 1218 quod
1636 1153 1761 1218 pani
1789 1149 1936 1204 verbi
1985 1153 2082 1205 nei
2117 1154 2430 1205 addendum
2456 1165 2550 1207 est

1465 1222 1873 1274 condimentum
1906 1223 2034 1273 boni
2073 1224 2335 1290 exempli3
2369 1225 2553 1292 magis

1467 1294 1613 1344 enim
1661 1296 1888 1353 suadent
1918 1303 2108 1361 opera,
2148 1311 2313 1361 quam
2361 1297 2549 1348 verba.

1467 1364 1545 1414 Et
1567 1372 1931 1430 apposuerunt
1971 1366 2162 1431 turboe,
2194 1366 2251 1417 in
2299 1382 2408 1432 qua
2434 1382 2546 1433 ap·-

1469 1434 1732 1499 positione
1763 1447 2045 1487 creverunt
2068 1452 2162 1501 per
2190 1452 2341 1488 novae
2366 1447 2549 1489 mate-

1469 1507 1563 1558 riae
1584 1509 1927 1569 creationem,
1953 1519 2006 1560 et
2045 1509 2111 1559 ad
2151 1509 2274 1560 illos
2303 1509 2550 1561 additio-

1471 1594 1630 1642 nem3
1685 1595 1793 1629 non
1871 1579 2020 1630 enim
2097 1592 2385 1633 creverunt
2450 1596 2550 1647 per

1470 1651 1889 1714 rarefactionem,
1920 1652 2048 1718 quia
2078 1663 2207 1703 tunc
2247 1669 2443 1719 corpus
2475 1653 2548 1705 il·—

1470 1723 1649 1773 lorum
1709 1722 1897 1773 fuisset
1944 1723 2201 1773 subtilius
2249 1735 2302 1775 et
2368 1724 2548 1776 rarius

1470 1810 1689 1860 corpore
1706 1796 1955 1847 aliorum.
1984 1796 2138 1846 Unde
2158 1798 2505 1865 Augustinus
2524 1816 2544 1848 τ

1472 1886 1500 1915 ι
1535 1868 1625 1918 Nil
1663 1869 1953 1920 absurdius
1975 1885 2140 1935 quam
2172 1870 2365 1941 dicere,
2396 1872 2545 1938 quod

1470 1942 1673 2009 aliquid
1720 1953 1920 1994 crescat
1966 1944 2118 1993 nullo
2172 1944 2544 2011 superaddito,

1471 2025 1523 2066 et
1547 2030 1662 2065 non
1712 2024 1955 2065 rarescat.
1986 2034 2013 2062 »
2046 2015 2372 2067 Studeamus
2404 2032 2545 2084 ergo
2587 2073 2596 2081 ,

1472 2094 1525 2135 et
1591 2100 1693 2135 nos
1743 2095 2027 2153 acceptum
2106 2102 2296 2151 panem
2352 2087 2550 2140 divinae

1474 2157 1727 2219 scientiae,
1776 2172 1872 2224 per
1938 2157 2379 2226 praedicationem
2430 2159 2554 2212 aliis

1475 2245 1778 2297 apponere,
1829 2245 1895 2282 ne
1941 2248 2034 2298 per
2077 2242 2320 2282 nostram
2370 2232 2552 2298 negli-

1477 2302 1714 2368 gentiam
1759 2301 1813 2351 in
1863 2302 1952 2352 via
2003 2302 2268 2367 deficiant,
2313 2312 2371 2353 et
2409 2302 2552 2353 fame

1478 2381 1713 2438 pereant.
1756 2371 2012 2422 Conversi
2043 2388 2279 2439 namque
2307 2383 2553 2439 pecato-

1479 2459 1562 2495 res
1583 2443 1649 2494 in
1677 2443 1953 2510 praesentis
1980 2443 2102 2494 vitae
2145 2443 2234 2495 via
2272 2443 2550 2508 deficiunt,

1479 2515 1524 2565 si
1553 2514 1610 2564 in
1641 2530 1746 2565 sua
1783 2514 2109 2565 conscientia
2145 2515 2265 2565 sine
2293 2515 2551 2567 doctrinae

1480 2584 1677 2651 pabulo
1709 2583 1875 2649 jejuni
1921 2593 1977 2634 et
2005 2584 2159 2635 vacui
2187 2584 2548 2639 dimittantur

1482 2655 1561 2706 Ne
1587 2653 1762 2719 igitur
1792 2654 2102 2705 lassentur
2090 2671 2145 2705 in
2183 2654 2359 2719 hujus
2386 2671 2549 2722 pere-

1479 2725 1795 2792 grinationis
1849 2725 2062 2790 itinere,
2113 2726 2363 2792 pascendi
2417 2736 2550 2779 sunt

1482 2811 1630 2848 sacra
1652 2795 2040 2846 admonitione.

1545 2882 1576 2932 7
1604 2866 2070 2917 D1scnmov1mms
2091 2882 2347 2917 micum
2369 2883 2404 2918 Α
2424 2881 2549 2918 con·

1480 2952 1640 2988 stim-1
1667 2951 1936 2988 manento
1965 2953 2105 2987 amm
2132 2953 2318 2988 mero·
2346 2965 2410 2977 --
2427 2937 2548 2990 Hoc

1479 3022 1604 3058 vero
1634 3007 1775 3056 inter
1814 3006 1950 3056 hanc
1985 3005 2358 3068 refectionem,
2391 3020 2450 3058 et
2473 3007 2550 3058 il-

1480 3079 1588 3127 lam
1627 3077 1695 3126 de
1723 3076 1963 3142 quinque
1994 3076 2226 3142 panibus
2252 3086 2306 3127 et
2337 3077 2551 3130 duobus

1482 3148 1722 3215 piscibus
1747 3147 1929 3208 distat,
1972 3149 2117 3213 quod
2146 3148 2222 3198 ibi
2257 3164 2352 3214 per
2382 3148 2552 3217 quin-

1480 3235 1586 3303 que
1615 3233 1776 3285 panes
1809 3218 2137 3285 significatur
2173 3219 2419 3271 doctrina
2437 3220 2556 3273 Ve-

1479 3292 1609 3344 teris
1630 3293 1962 3343 Testamenti
1987 3294 2288 3344 secundum
2311 3295 2556 3362 quinque

1482 3366 1651 3417 libros
1692 3366 1940 3434 Moysis·
1923 3404 1943 3431 ,
1993 3381 2089 3431 per
2135 3377 2370 3446 septem
2391 3382 2557 3432 panes

1484 3436 1725 3487 doctrina
1769 3436 1917 3487 Novi
1962 3436 2314 3498 Testamenti,
2349 3435 2415 3488 in
2448 3452 2556 3504 quo

1486 3506 1701 3573 plenius
1739 3515 1795 3557 et
1825 3507 2087 3558 revelatur
2115 3516 2168 3557 et
2205 3507 2362 3558 datur
2381 3506 2556 3573 septi-

1491 3579 1683 3630 formis
1711 3579 1878 3645 gratia
1905 3578 2135 3645 Spiritus
2176 3579 2375 3631 Sancti.
2403 3580 2554 3644 Item,

1490 3659 1709 3716 propter
1782 3658 1986 3715 septem
2062 3648 2438 3711 beatitudines,
2506 3658 2557 3699 et

1491 3729 1710 3787 propter
1733 3730 1937 3802 septem
1965 3730 2314 3780 sacramenta.
2342 3730 2397 3772 et
2427 3734 2555 3786 pro-

1490 3801 1610 3860 pter
1653 3802 1857 3859 septem
1881 3792 2126 3852 virtutes,
2143 3792 2407 3844 scilicet:
2449 3800 2557 3845 tres

1461 3864 1820 3934 theologicas
1861 3875 2171 3933 etquatuor
2215 3863 2549 3965 cardinale-33
