2757 4413
527 342 624 393 DE
653 339 970 393 MULIERE
1006 336 1422 389 CHANANAEA
1455 311 1552 386 ET*
1580 334 1742 386 EJUS
1781 333 1980 385 FILIA.

2265 328 2372 396 793

879 746 1211 819 CAPUT
1252 742 1640 833 *LXXXIX

539 1025 646 1092 De
695 1020 991 1091 muliere
1043 1019 1431 1088 Chanancea
1483 1025 1553 1084 et
1598 1017 1742 1100 ejus
1763 1012 1969 1105 filia.

971 1294 1258 1357 Matthaei
1303 1312 1441 1375 cap.
1487 1314 1540 1354 r.

205 1563 225 1597 1
263 1547 502 1595 Accam-r
526 1558 595 1591 An
631 1541 800 1591 Jesuu
828 1553 1030 1587 numan
1059 1536 1211 1585 CHA-

139 1630 351 1676 uANAEA‚
394 1628 574 1663 ANIMAE
624 1624 954 1661 Paceni-arms
994 1621 1209 1656 Ficum.

144 1717 205 1727 —
233 1688 305 1738 Et
348 1685 549 1736 relictis
589 1682 795 1732 Scribis
841 1696 899 1731 ac
930 1675 1212 1728 Pharisaeis

145 1754 642 1813 calumniatoribus,
676 1760 895 1818 propter
919 1747 1212 1814 ingratitu-

147 1828 331 1879 dinem
363 1841 573 1884 eorum,
602 1836 859 1890 egressus
885 1820 1010 1870 inde
1036 1820 1209 1877 JesuS,

147 1900 352 1951 scilicet
385 1915 415 1948 a
442 1898 682 1965 partibus
708 1895 1034 1955 Judaeorum,
1082 1889 1213 1939 abiit

147 1984 201 2025 et
221 1973 445 2025 secessit
488 1972 542 2021 in
568 1976 756 2035 partes
791 1967 936 2036 Tyri
965 1972 1015 2017 ei
1042 1964 1213 2015 Sido-

146 2044 250 2107 nis,
280 2053 343 2093 ut
372 2043 569 2109 Tyrios
599 2038 961 2104 sidoniosque
988 2042 1209 2094 curaret,

145 2114 477 2165 etGentibus
496 2110 840 2162 benefaceret.
867 2109 1045 2173 Tyrus
1065 2105 1212 2154 enim

146 2195 197 2237 et
221 2186 395 2237 Sidon
418 2184 582 2234 urbes
618 2181 838 2231 fuerunt
874 2178 1213 2229 Chananaeo-

148 2273 270 2307 rum
323 2266 376 2307 et
414 2254 730 2314 Gentilium,
773 2251 887 2301 sitae
926 2259 1105 2299 tamen
1154 2245 1213 2294 in

145 2337 285 2379 terra
322 2325 722 2395 promissioniS‚
769 2337 934 2389 prope
962 2329 1208 2370 montem

146 2401 338 2451 Libani
383 2399 439 2450 in
491 2398 647 2448 corde
694 2395 894 2457 maris;
945 2393 1073 2459 quia
1116 2389 1214 2440 filii

148 2473 305 2524 Israel
343 2487 454 2521 non
490 2476 782 2536 potuerunt
833 2463 1066 2516 totaliter
1116 2477 1214 2511 ex-

150 2545 347 2610 pellere
391 2553 443 2593 et
482 2539 836 2591 exterminare
875 2535 1118 2587 Gentiles
1146 2533 1214 2582 de

145 2626 283 2666 terra
300 2611 700 2681 promissionis,
732 2609 803 2658 Et
825 2623 941 2658 ecce
967 2620 1092 2656 curn
1120 2603 1214 2652 in-

151 2701 362 2752 gressus
430 2692 569 2733 esset
628 2681 918 2747 quamdam
986 2677 1214 2726 domum

151 2772 303 2808 causa
329 2754 533 2822 quietis
558 2768 622 2802 ex
641 2752 825 2801 labore
846 2750 964 2807 viae,
994 2746 1217 2799 accessit

151 2828 215 2877 ad
243 2842 370 2877 eum
397 2825 592 2875 mulier
615 2821 849 2873 Gentilis
878 2835 989 2869 non
1031 2819 1216 2869 edocta

153 2914 246 2965 per
266 2898 563 2963 Prophetas
585 2905 638 2945 et
666 2896 881 2960 Legem,
907 2892 1219 2942 Chananaea

151 2970 380 3030 natione,
410 2965 821 3034 Syrophoenissa
839 2978 1032 3030 genere
1047 2977 1062 3025 3
1089 2960 1218 3027 quia

153 3039 440 3090 Chananaei
497 3039 825 3104 quandoque
888 3033 1097 3100 Syriam
1166 3043 1219 3083 et

152 3112 465 3163 Phoenicem
489 3110 762 3168 tenebant,
794 3118 856 3157 ut
891 3107 1096 3156 dicatur
1114 3106 1219 3171 Sy-

152 3183 511 3250 rophoenissa‚
535 3181 661 3247 quia
689 3197 719 3231 a
742 3179 891 3245 Syris
919 3187 971 3229 et
1001 3176 1220 3228 Phoeni-

151 3254 297 3304 cibus
320 3252 699 3315 descenderat3
727 3251 880 3316 Syria
908 3249 1113 3316 quippe
1135 3257 1220 3299 est

155 3339 353 3374 nornen
388 3323 637 3389 generale
665 3319 969 3387 provinciae,
997 3318 1220 3370 Phoenis

156 3412 355 3447 nomen
388 3396 667 3460 cujusdam
714 3393 958 3460 specialis
1005 3402 1221 3442 contra-

155 3477 266 3528 ctae,
309 3467 366 3516 in
394 3467 488 3517 illa
530 3465 802 3533 provincia
837 3465 972 3528 sitae,
1008 3473 1063 3514 et
1103 3464 1221 3513 ideo

156 3539 504 3605 componitur
562 3536 986 3604 Syrophoenissa,
1040 3535 1097 3585 id
1144 3544 1224 3585 est

157 3613 221 3663 de
253 3612 348 3663 tali
379 3621 649 3661 contracta
676 3610 937 3674 oriunda3
967 3623 1003 3659 α
1015 3608 1223 3675 finibus

156 3682 268 3733 illis
290 3696 540 3748 egressa,
573 3698 681 3730 non
709 3683 887 3730 solum
915 3696 951 3729 a.
987 3679 1224 3730 civitati-

159 3753 259 3804 bus
287 3769 388 3819 pro
411 3762 752 3818 peccatorum
775 3751 1107 3810 dimissione,
1130 3751 1223 3800 sed

159 3840 189 3874 a
214 3824 422 3875 finibus
443 3839 538 3889 per
567 3823 978 3889 elongationem,
1003 3832 1059 3872 et
1085 3837 1232 3872 occa-—

159 3897 377 3948 sionum
422 3897 756 3956 vitationem,
805 3896 932 3962 quia
977 3895 1118 3945 istud
1167 3895 1225 3944 in

161 3969 364 4021 finibus
417 3980 626 4035 gestum
669 3979 749 4020 est
788 3968 1089 4020 Gentilium
1128 3968 1221 4019 ubi

1323 1530 1521 1581 mulier
1547 1528 1869 1595 sequebatur
1887 1527 2088 1577 Jesum.
2122 1523 2385 1574 Mulier-a

1308 1601 1517 1668 finibus
1560 1600 1688 1661 illis,
1737 1597 1938 1647 scilicet
1984 1594 2285 1645 Gentilium
2335 1602 2388 1643 et

1320 1682 1675 1738 peccatorum,
1709 1681 1953 1735 egressa,
1984 1664 2249 1732 significat
2277 1664 2389 1714 ani-

1327 1761 1473 1795 mam
1521 1743 1865 1810 peccatricem
1899 1756 1928 1790 a
1953 1739 2153 1789 finibus
2195 1753 2387 1804 pecca—

1323 1827 1503 1866 torum
1534 1831 1627 1881 per
1653 1812 2022 1881 poenitentiam
2052 1826 2110 1861 se
2140 1819 2386 1861 averten-

1323 1896 1450 1936 tem.
1501 1886 1620 1934 Non
1664 1883 1812 1934 enim
1840 1880 2041 1931 sufficit
2091 1878 2304 1930 homini
2357 1892 2390 1927 a

1323 1956 1550 2021 peccatis
1574 1971 1633 2005 se
1652 1965 1904 2013 avertere,
1931 1951 2035 2001 nisi
2054 1950 2217 2001 etiam
2242 1958 2392 1999 exeat

1323 2042 1353 2077 a
1385 2026 1584 2077 finibus
1611 2036 1966 2092 peccatorum,
2010 2022 2106 2088 qui
2141 2031 2266 2071 sunt
2293 2037 2391 2071 oc-

1324 2099 1566 2148 casiones
1609 2095 1858 2162 peccandi
1900 2104 1954 2143 et
1991 2107 2179 2142 causae.
2235 2092 2392 2142 Unde

1324 2168 1665 2236 Augustinus
1708 2186 1724 2218 .·
1767 2185 1794 2214 α
1845 2166 2004 2216 Fines
2044 2171 2383 2230 peccatorum

1325 2244 1470 2294 exire
1506 2252 1584 2291 est
1620 2256 1802 2290 causas
1826 2247 2160 2305 peccatorum
2189 2235 2393 2286 exscin-

1324 2318 1467 2376 dere,
1499 2324 1550 2364 et
1584 2329 1772 2364 eorum
1799 2309 2244 2377 suggestionibus
2291 2308 2392 2361 ad,-

1327 2392 1464 2441 itum
1510 2406 1619 2439 non
1667 2388 1963 2453 indulgere.
1996 2405 2023 2433 »
2060 2384 2164 2435 Ubi
2196 2392 2392 2433 notan-

1327 2467 1483 2524 dum,
1543 2462 1688 2529 quod
1744 2462 1960 2528 quando
2026 2474 2188 2524 supra
2253 2455 2392 2506 dixit

1327 2535 1595 2587 Dominus
1644 2550 1657 2583 :
1706 2535 1770 2584 In
1828 2533 1971 2583 viam
2028 2530 2273 2581 Gentium
2327 2542 2396 2578 ne

1326 2608 1590 2671 abieriti8‚
1627 2605 1828 2657 scilicet
1856 2605 1920 2655 ad
1964 2601 2385 2669 praedicandum,

1329 2680 1472 2731 istud
1513 2679 1738 2729 verbum
1807 2675 2057 2742 prohibet
2114 2672 2391 2723 invitatio-

1328 2768 1472 2810 nem,
1505 2767 1613 2800 non
1638 2749 2015 2814 receptionem,
2039 2746 2084 2796 si
2108 2745 2387 2805 venirent.;

1326 2823 1474 2873 unde
1520 2821 1787 2871 Dominus
1832 2818 2116 2868 mulierem
2158 2815 2394 2866 exterius

1327 2911 1435 2944 non
1464 2892 1726 2951 invitavit,
1775 2891 1868 2941 sed
1904 2889 2213 2939 venientem
2244 2902 2392 2937 rece-

1330 2966 1428 3032 pit,
1464 2974 1516 3014 et
1563 2964 1665 3013 hoc
1694 2960 2027 3027 significatur
2073 2958 2133 3008 in
2162 2959 2402 3008 adventu

1330 3038 1631 3101 Magorum,
1652 3033 1781 3099 quia
1800 3031 2036 3081 Domino
2054 3039 2183 3080 sunt
2201 3028 2402 3095 recepti

1330 3108 1485 3174 quasi
1511 3105 1763 3173 primitiae
1789 3103 2064 3154 Gentium.

1396 3196 1425 3228 2
1457 3181 1617 3229 FmEs
1666 3195 1732 3228 Ετ
1776 3192 2056 3226 CONFESSIO
2086 3190 2249 3225 ntra-us
2286 3187 2397 3221 uu·-

1331 3266 1520 3301 mmus,
1550 3278 1611 3287 —
1644 3249 1750 3298 Ista
1777 3247 1924 3298 enim
1965 3246 2162 3296 mulier
2197 3244 2396 3293 famam

1333 3334 1385 3374 et
1434 3323 1689 3373 miracula
1745 3322 1869 3372 Jesu
1919 3320 2218 3380 audiverat3
2271 3315 2398 3365 ideo

1334 3396 1561 3447 firmiter
1588 3395 1834 3446 credebat
1862 3395 2007 3460 quod
2045 3392 2212 3441 filiam
2240 3403 2396 3438 suam

1333 3482 1522 3518 sanare
1551 3476 1769 3531 poterat.
1807 3465 1962 3516 Unde
1995 3458 2261 3522 clamavit,
2303 3458 2395 3508 di-

1333 3552 1458 3589 cens
1484 3538 1533 3588 ei
1564 3555 1580 3588 .·
1625 3537 1893 3588 Miserere
1914 3535 2030 3596 mei,
2054 3530 2181 3598 quia
2206 3529 2400 3578 misera

1332 3625 1490 3673 sum;
1521 3617 1574 3658 et
1596 3608 1650 3658 in
1673 3608 1779 3658 hoc
1795 3606 1940 3672 quod
1973 3603 2118 3666 dicit,
2149 3601 2268 3662 mei,
2300 3615 2397 3665 pa-

1333 3693 1411 3733 tet
1454 3681 1799 3732 vehementia
1845 3680 2062 3729 affectus
2110 3675 2214 3735 sui,
2269 3673 2402 3740 quia

1336 3755 1541 3804 malum
1569 3754 1826 3811 alienum,
1845 3750 2052 3802 scilicet
2070 3746 2215 3809 filiae,
2242 3760 2404 3810 repud

1335 3835 1410 3876 tat
1438 3842 1621 3890 suum3‘
1649 3825 1726 3874 sic
1754 3824 1912 3873 debet
1940 3820 2109 3870 facere
2137 3818 2403 3883 praelatus‘

1337 3897 1596 3963 quilibet3
1628 3895 1871 3956 Domine,
1912 3900 2128 3958 propter
2152 3897 2398 3938 naturam

1337 3967 1596 4029 divinam,
1610 3967 1705 4033 fili
1726 3964 1925 4029 David,
1957 3972 2171 4030 propter
2195 3960 2403 4011 huma-
