2757 4413
340 347 446 400 616

334 476 476 521 cer-'et
494 469 725 535 signum,
765 470 895 521 alias
932 488 1042 522 non
1065 472 1329 533 auditum,
1361 472 1415 523 in

333 564 445 615 quo
467 549 711 614 probavit
746 565 803 599 se
824 564 937 601 esse
959 551 1150 610 Deum,
1171 552 1299 619 quia
1327 552 1418 602 illa

335 621 710 686 multiplicatio
769 638 861 688 per
925 623 1172 674 Elisaeum
1247 624 1381 674 facta
1400 661 1413 684 ‚

335 690 565 741 multum
589 691 863 742 deficiebat
889 692 957 743 ab
990 692 1119 758 ista3
1152 693 1411 757 dicebant,

337 761 739 827 magnificantes
783 763 975 824 Deum,
1019 765 1143 830 quia
1193 765 1280 815 hic
1333 771 1415 814 est

336 845 460 882 vere
489 833 777 898 Propheta,
806 834 943 895 imo,
974 835 1265 885 secundum
1302 838 1414 887 Au·

336 903 630 968 gustinum,
671 904 783 969 ipse
836 904 1102 955 Dominus
1161 906 1409 971 Prophe-

335 982 528 1029 tarum.
560 975 624 1023 de
660 990 768 1039 quo
796 974 930 1025 dixit
976 977 1225 1041 Moyses:
1257 977 1407 1026 Pro-

327 1043 542 1107 phetam
573 1046 851 1095 suscitabit
878 1046 1026 1096 vobis
1053 1047 1316 1097 Dominus
1343 1048 1410 1097 de

321 1112 602 1178 fratribus
621 1116 829 1178 vestriS,
853 1123 1104 1182 tanquam
1125 1132 1206 1167 me
1230 1118 1409 1168 audie·

334 1183 405 1234 tis
426 1199 561 1235 eum.
586 1187 885 1237 Secundum
900 1188 1057 1255 Legis
1070 1190 1269 1239 dictum
1286 1206 1410 1240 ven-

331 1257 486 1309 turus
512 1271 590 1309 est
616 1260 672 1309 in
701 1263 965 1328 mundum
987 1263 1051 1313 ad
1080 1264 1261 1329 ipsum
1298 1266 1409 1314 sal-

331 1329 597 1393 vandum3
644 1331 720 1380 sic
760 1342 938 1382 autem
985 1349 1093 1382 non
1147 1345 1410 1384 venerunt

329 1400 420 1450 alii
462 1403 754 1468 Prophetae,
776 1405 866 1454 sed
889 1404 1064 1455 solum
1098 1406 1163 1455 ad
1198 1407 1410 1455 denun—

330 1472 575 1524 tiandum
599 1475 755 1526 istius
795 1477 1100 1528 adventum.
1122 1478 1228 1527 Ubi
1247 1479 1414 1528 scien-

329 1543 460 1593 dum
490 1546 635 1611 quod
674 1546 922 1597 Christus
962 1548 1262 1612 promissus
1302 1560 1415 1599 erat

331 1616 392 1665 in
431 1617 589 1681 Lege,
618 1626 874 1682 tanquam
917 1617 1181 1683 Propheta
1227 1620 1414 1669 ceteris

333 1686 703 1748 excellentior3
741 1697 792 1736 et
832 1686 972 1747 ideo,
1005 1687 1119 1738 viso
1153 1688 1412 1739 miraculo

335 1760 603 1875 praedictO,
634 1762 865 1826 populus
901 1761 1179 1813 confessus
1211 1774 1289 1813 est
1343 1764 1414 1814 il-

355 1847 450 1881 um
475 1847 608 1890 esse,
637 1834 702 1882 de
745 1849 854 1898 quo
894 1834 1134 1899 loquitur
1163 1837 1414 1900 praedicta

337 1901 635 1966 Scriptura,
678 1912 729 1952 et
770 1903 848 1952 sic
891 1918 1014 1953 eum
1066 1904 1413 1957 confitebatur

339 1985 455 2022 esse
484 1986 670 2020 verum
699 1972 996 2024 Christum.
1027 1973 1291 2040 Conspice
1318 1975 1413 2042 igi-

339 2047 429 2090 tur
456 2040 752 2090 Dominum
779 2042 981 2102 Jesum,
1007 2044 1234 2109 qualiter
1262 2045 1409 2095 indi—

338 2112 590 2179 gentibus
607 2112 1019 2164 misericorditer
1037 2114 1413 2166 condescendit

338 2192 391 2235 et
410 2181 678 2244 subvenit,
701 2198 759 2234 ac
782 2183 960 2235 omnia
986 2184 1228 2237 ordinate
1258 2185 1407 2251 facit;
1456 2206 1457 2210 ¹

339 2268 392 2307 et
418 2256 648 2323 qualiter
676 2256 796 2306 illos
825 2258 1159 2310 comedentes
1192 2260 1406 2327 aspicit,

337 2337 391 2380 et
419 2330 477 2379 in
515 2344 702 2379 eorum
735 2330 1061 2392 jucunditate
1093 2333 1317 2393 laetatur,
1358 2344 1411 2383 et

337 2401 612 2469 quomodo
665 2400 743 2449 illi
796 2416 957 2466 super
1007 2402 1112 2452 isto
1153 2404 1411 2454 miraculo

337 2473 684 2530 admirantur,
706 2483 759 2522 et
786 2489 928 2523 unus
951 2475 1016 2523 ad
1037 2474 1265 2525 alterum
1286 2474 1412 2525 inde

336 2546 597 2611 loquitur,
631 2544 868 2594 dicentes
889 2561 902 2594 ε
926 2544 1067 2605 Quia
1085 2546 1170 2597 hic
1194 2553 1273 2596 est
1293 2562 1414 2597 vere

338 2616 629 2681 Propheta,
672 2624 723 2664 et
763 2616 915 2680 plura
944 2614 1048 2665 alia
1091 2616 1156 2664 ad
1198 2617 1412 2667 laudem

339 2686 453 2750 ejus
496 2685 838 2751 pertinentia.
873 2685 1159 2746 Laetantur,
1202 2697 1253 2736 et
1288 2702 1412 2737 cum

339 2755 630 2820 gratiarum
666 2755 875 2805 actione
923 2755 1263 2817 manducant,
1302 2774 1413 2807 non

340 2824 518 2873 solum
547 2825 891 2888 corporaliter
916 2825 1095 2875 cibum
1122 2836 1413 2888 sumenteS,

340 2893 433 2942 sed
447 2893 606 2942 etiam
630 2894 933 2944 mentaliter
950 2896 1136 2945 saltem
1168 2896 1332 2962 aliqui
1351 2913 1417 2947 ex

342 2965 421 3016 eis
461 2966 804 3015 refectionem
846 2967 1210 3033 percipientes.
1241 2972 1330 3020 Sta
1365 2982 1417 3021 et

341 3045 402 3085 tu
444 3052 473 3085 a
510 3037 686 3101 longe,
718 3035 913 3086 famem
948 3038 1197 3089 desiderii
1229 3049 1282 3089 et
1309 3042 1419 3090 mi·-

342 3106 536 3156 seriam
564 3107 810 3172 lacrymis
836 3108 1025 3172 prode;
1061 3125 1283 3159 manum
1306 3120 1418 3160 tan-

341 3191 506 3241 quam
535 3176 811 3226 mendicus
839 3179 1078 3238 extende,
1108 3180 1153 3229 si
1184 3179 1317 3230 forte
1351 3182 1417 3231 de

342 3246 439 3296 Dei
467 3246 627 3295 donis
647 3256 699 3295 et
732 3247 1002 3298 beneficiis
1031 3250 1219 3299 saltem
1249 3252 1419 3300 modi-

341 3331 469 3367 cum
499 3316 630 3382 quid
659 3318 915 3368 merearis
942 3319 1197 3385 accipere.

403 3388 437 3439 8
492 3390 712 3439 Cuius-rx
773 3405 841 3440 m·
877 3407 1263 3444 mscmummm
1298 3410 1420 3444 mus

343 3475 657 3511 mnemoma
734 3478 1153 3514 connexuit-run.
1196 3493 1260 3504 —-
1311 3467 1418 3517 Ubi

341 3532 726 3583 consideranda
761 3544 842 3583 est
890 3535 1221 3599 parcimonia
1248 3537 1421 3587 victus

341 3604 731 3669 discipulorum
786 3604 987 3655 Christi
1041 3606 1097 3656 in
1144 3608 1359 3657 duobus
1406 3625 1420 3657 ι

347 3675 553 3740 primo,
621 3674 675 3723 in
739 3674 1012 3741 qualitate,
1079 3675 1207 3742 quia
1289 3692 1422 3742 pane

349 3745 643 3795 hordeaceo
700 3745 1014 3807 utebantur,
1076 3746 1170 3813 qui
1223 3757 1303 3797 est
1356 3748 1423 3796 ci-

350 3817 456 3866 bus
523 3818 888 3882 jumentorum
919 3831 933 3878 ;
1017 3819 1249 3868 secundo
1279 3857 1294 3877 ,
1366 3818 1423 3868 in

351 3888 666 3952 quantitate,
702 3889 830 3955 quia
864 3887 1146 3938 duodecim
1187 3889 1319 3950 viri,
1374 3899 1428 3939 et

353 3956 607 4007 Christus
660 3974 787 4008 cum
839 3957 937 4022 eia,
998 3967 1052 4010 et
1092 3957 1228 4009 forte
1284 3976 1427 4010 non-

926 350 1166 401 PRIMAE
1199 350 1455 402 PARTIS
1487 350 1725 405 CAPUT
1757 354 1973 409 LXVII.

1525 475 1657 526 nulli
1717 477 1783 528 de
1831 477 1952 528 aliis
2014 474 2291 541 discipulis
2342 490 2435 526 eos
2485 491 2581 528 co--

1523 546 1713 608 mitati‚
1738 564 1852 598 non
1882 547 1987 597 nisi
2011 548 2237 613 quinque
2256 560 2430 613 panes
2456 546 2571 598 hor-

1521 617 1745 669 deaceos
1785 618 2082 680 habebant5
2131 618 2183 667 in
2226 634 2334 684 quo
2374 628 2574 668 notatur

1520 689 1656 742 mira
1686 690 1866 759 inopia
1891 689 2090 741 Christi
2111 700 2161 740 et
2179 690 2573 756 discipulorum,

1518 760 1663 826 quod
1692 778 1891 828 paucos
1917 775 2080 827 panes
2114 760 2399 821 habebant,
2430 772 2480 811 et
2497 762 2574 811 vi-

1516 833 1610 898 les,
1641 836 1785 886 unde
1813 846 1864 886 et
1889 833 2194 899 frequenter
2220 850 2345 883 cum
2389 834 2573 885 Domi-

1516 919 1589 956 no
1618 905 1761 971 passi
1793 915 1917 956 sunt
1944 904 2162 954 famem.
2187 903 2253 953 In
2285 920 2397 970 quo
2423 905 2572 954 etiam

1513 986 1746 1041 apparet,
1798 987 2058 1043 quantum
2105 991 2283 1024 escam
2320 976 2574 1025 carnalem

1513 1056 1961 1111 contempserunt,
2022 1044 2153 1094 solis
2212 1045 2587 1109 spiritualibus.

1513 1116 1868 1169 intendente&
1924 1118 2078 1168 Unde
2127 1116 2573 1184 Chrysostomus:

1514 1204 1540 1233 t(
1561 1187 1839 1238 Discamus
1851 1197 2025 1238 autem
2047 1187 2195 1246 hinc,
2215 1187 2308 1253 qui
2330 1189 2576 1252 voluptati

1513 1258 1857 1318 attendimus,
1883 1274 2004 1325 quoe
2041 1259 2393 1308 comedebant
2420 1257 2576 1307 mira-

1515 1329 1649 1379 biles
1683 1329 1783 1379 viri
1815 1330 1894 1380 illi
1924 1340 1976 1380 et
2009 1331 2209 1397 magni,
2235 1341 2287 1380 et
2313 1328 2576 1396 quantita-

1515 1408 1622 1450 tem
1651 1414 1837 1449 eorum
1871 1415 1993 1466 quae
2016 1398 2400 1456 inferebantur,
2423 1410 2473 1450 et
2499 1398 2576 1448 vi—

1515 1471 1718 1520 litatem
1750 1485 1948 1520 mensae
1977 1486 2182 1520 eorum.
2200 1490 2224 1516 n
2242 1469 2314 1519 Et
2342 1471 2533 1519 iterum
2561 1484 2574 1516 ι

1518 1560 1545 1588 α
1570 1541 1803 1591 Joannes
1842 1551 2022 1591 autem
2062 1556 2222 1607 panes
2260 1541 2576 1591 hordeaceos

1515 1627 1632 1662 esse
1671 1609 1819 1675 dicit,
1869 1627 1979 1661 non
2022 1612 2256 1661 inaniter
2290 1610 2398 1660 hoc
2428 1625 2576 1660 enar-

1515 1697 1640 1732 rans
1705 1699 1720 1733 :
1775 1683 1867 1732 sed
1918 1692 2184 1732 tumorem
2244 1679 2578 1747 pretiositatis

1514 1754 1766 1804 erudiens
1793 1770 1891 1804 nos
1917 1755 2254 1816 conculcare;
2287 1755 2414 1804 talis
2440 1752 2575 1802 enim

1517 1828 1907 1893 Prophetarum
1934 1843 2118 1877 mensa
2158 1835 2283 1878 erat.
2322 1827 2398 1877 Et
2433 1823 2577 1892 jussit

1516 1914 1607 1950 eos
1666 1913 1827 1964 super
1888 1897 2068 1948 fenum
2112 1899 2294 1964 jacere,
2341 1898 2575 1964 philoso-

1515 1973 1669 2038 phari
1719 1968 1902 2022 turbas
1943 1971 2222 2035 erudiens3
2274 1987 2391 2021 non
2445 1969 2575 2020 enim

1517 2043 1721 2093 nutrire
1766 2056 1985 2108 corpora
2024 2043 2198 2092 solum
2235 2043 2466 2102 volebat,
2493 2038 2577 2090 sed

1515 2126 1568 2166 et
1591 2115 1827 2165 animam
1860 2113 2088 2164 erudire.
2121 2113 2185 2164 Et
2210 2129 2243 2164 a
2270 2115 2393 2164 loco
2426 2112 2578 2179 igitur

1514 2196 1568 2236 et
1597 2201 1627 2237 a
1671 2183 1809 2235 nihil
1856 2185 2089 2251 amplius
2131 2184 2366 2250 panibus
2412 2181 2576 2233 dando

1513 2266 1566 2306 et
1593 2254 1847 2321 piscibuS,
1878 2265 1930 2304 et
1958 2254 2025 2304 ab
2055 2256 2379 2320 apponendo
2403 2252 2578 2304 omni-

1515 2327 1616 2376 bus
1669 2327 1873 2386 eadem,
1934 2336 1986 2375 et
2045 2340 2074 2375 a
2126 2324 2373 2375 faciendo
2432 2339 2577 2374 com-

1514 2398 1719 2459 munia,
1794 2407 1846 2448 et
1919 2413 1949 2448 a
2015 2396 2155 2447 nihil
2235 2398 2390 2448 alteri
2467 2396 2595 2461 plus,

1517 2468 1832 2535 praebend03
1863 2478 1914 2518 et
1947 2467 2329 2530 humilitatem,
2375 2477 2429 2517 et
2463 2479 2579 2532 par-

1515 2539 1826 2602 cimoniam,
1877 2548 1929 2587 et
1966 2538 2254 2597 caritatem,
2298 2553 2425 2604 quae
2477 2550 2597 2587 om·—

1518 2612 1608 2660 nia
1633 2610 1960 2659 aestimarent
1986 2610 2314 2670 communia,
2343 2626 2438 2660 eos
2461 2624 2580 2660 eru-

1516 2681 1677 2743 divit3
1710 2692 1763 2731 et
1801 2681 1946 2745 quod
1991 2681 2273 2731 videbatur
2321 2681 2376 2730 in
2410 2696 2579 2732 eremo

1516 2752 1542 2801 J
1549 2751 1716 2801 udaeis
1735 2764 1851 2800 esse
1879 2749 2140 2813 mirabile,
2164 2750 2414 2801 dicebant
2436 2751 2580 2817 quip-

1521 2838 1619 2888 pe:
1642 2822 1919 2887 Numquid
1941 2827 1993 2871 et
2005 2836 2199 2887 panem
2214 2824 2417 2888 poterit
2438 2822 2576 2880 dare,

1520 2900 1616 2944 aut
1634 2907 1841 2958 parare
1864 2905 2097 2943 mensam
2125 2893 2180 2943 in
2206 2892 2461 2944 deserto?
2487 2893 2580 2942 hoc

1521 2980 1616 3031 per
1647 2979 1805 3030 opera
1839 2964 2076 3014 ostendit
2088 2981 2102 3027 ;
2151 2975 2368 3030 propter
2409 2966 2508 3014 hoc
2535 2975 2580 3013 et

1522 3036 1579 3085 in
1605 3036 1872 3085 desertum
1903 3049 1995 3085 eos
2014 3036 2180 3095 ducit,
2210 3045 2271 3085 ut
2296 3035 2418 3085 sine
2440 3034 2578 3085 omni

1521 3105 1827 3171 suspicione
1881 3105 1951 3154 sit
2000 3105 2102 3155 hoc
2154 3106 2493 3165 miraculum,
2534 3115 2580 3153 et

1524 3177 1706 3227 nullus
1755 3176 1985 3226 aestimet
2029 3191 2093 3225 ex
2137 3178 2351 3227 castello
2408 3178 2582 3242 aliquo

1522 3261 1687 3313 prope
1754 3246 2000 3296 existenti
2051 3246 2234 3297 inferri
2276 3248 2480 3314 aliquid
2522 3249 2579 3296 ad

1523 3331 1768 3367 mensam
1815 3334 1829 3368 :
1883 3335 1911 3365 n
1981 3318 2095 3367 haec
2146 3320 2579 3386 Chrysostomus.

1521 3387 1709 3439 Voluit
1742 3387 1903 3437 etiam
1956 3387 2009 3437 in
2043 3389 2252 3438 deserto
2292 3390 2393 3439 hoc
2422 3388 2582 3438 mira-

1523 3460 1707 3510 culum
1734 3458 1923 3522 facere,
1948 3469 2010 3509 ut
2044 3460 2369 3526 significaret
2391 3476 2449 3512 se
2474 3476 2581 3511 esse

1525 3534 1699 3593 illum,
1739 3532 1833 3599 qui
1882 3533 2231 3599 quadraginta
2263 3534 2417 3584 annis
2447 3533 2581 3599 pavit

1523 3606 1788 3669 populum
1825 3602 1882 3652 in
1924 3603 2152 3664 dcaertO,
2193 3605 2288 3671 qui
2352 3605 2581 3671 patribus

1527 3685 1639 3724 erat
1704 3674 2027 3740 promissus3
2080 3675 2228 3736 item,
2259 3675 2315 3726 in
2370 3677 2578 3742 signum

1527 3747 1712 3807 futuri,
1738 3747 1867 3813 quia
1896 3747 1952 3797 in
1981 3747 2199 3814 regione
2225 3760 2278 3799 et
2293 3760 2431 3799 statu
2457 3747 2579 3797 mul-

1527 3828 1726 3882 torum,
1756 3817 1851 3867 ubi
1881 3832 1980 3867 nec
2010 3820 2321 3880 seminatur,
2358 3833 2451 3869 nec
2480 3832 2580 3866 me-

1529 3889 1677 3948 titur,
1707 3889 1873 3954 pascit
1892 3889 2035 3939 Deus
2055 3905 2234 3940 servos
2257 3906 2398 3941 su05.
2416 3888 2575 3942 Unde,

1529 3962 1826 4012 secundum
1864 3962 2224 4028 Theophilum,
2264 3961 2591 4013 addiscimus.
