2757 4413
816 337 916 390 DE
942 335 1131 390 FILIO
1163 336 1428 389 REGULI
1455 333 1759 388 SANATO.

2299 332 2401 400 573

971 718 1306 789 CAPUT
1367 717 1614 788 LXIII

806 914 913 985 De
946 914 1048 1008 fil
1050 913 1121 984 io
1170 913 1439 1007 Reguli
1486 923 1757 984 sanam.

1049 1108 1084 1170 J
1091 1130 1234 1173 oan.
1280 1130 1415 1193 cap.
1454 1130 1519 1193 4.

238 1404 261 1439 r
289 1391 635 1440 Anvmsnrss
676 1404 731 1439 m
770 1389 919 1440 Caua
958 1388 1228 1438 Gamalam:
1262 1387 1269 1395 ‘

180 1460 420 1522 Cnmsro,
450 1475 693 1511 Accessi-r
719 1475 787 1510 An
814 1474 922 1509 suu
956 1460 1225 1509 Rscunus.

178 1559 235 1569 -
267 1532 469 1582 Deinde
506 1537 634 1598 post
683 1530 818 1581 duos
867 1529 984 1581 dies
1026 1529 1228 1595 quibus

177 1601 431 1652 Dominus
456 1602 613 1653 Jesus
642 1601 844 1651 mansit
865 1600 1008 1666 apud
1039 1601 1227 1651 Sama-

177 1674 383 1735 titanos,
431 1674 574 1725 exiit
614 1674 753 1736 inde,
786 1672 990 1723 scilicet
1033 1672 1101 1722 de
1127 1674 1227 1723 Sa-

178 1746 342 1806 maria,
387 1745 723 1796 confirmatis
775 1744 1122 1795 Samaritanis
1168 1744 1225 1794 in

175 1816 281 1879 fide,
308 1823 360 1868 et
393 1817 528 1867 abiit
563 1818 617 1867 in
643 1816 949 1880 Galilaeam,
979 1817 1074 1867 ubi
1103 1815 1226 1866 fue-

174 1899 244 1938 rat
266 1888 502 1939 nutritus
527 1905 541 1939 :
565 1903 661 1954 per
696 1888 857 1955 quod,
879 1886 1224 1954 significatur,

173 1962 301 2025 quod
366 1961 425 2011 in
482 1960 589 2010 fine
645 1961 837 2021 seculi,
899 1959 1225 2010 confirmatis

172 2031 423 2081 Gentibus
461 2030 519 2079 in
555 2029 660 2081 fide
703 2041 755 2081 et
776 2030 1012 2092 veritate,
1046 2046 1225 2082 rever-

172 2110 298 2152 tetur
330 2103 399 2152 ad
429 2102 645 2152 Judaeos
679 2102 1082 2153 convertendos.
1133 2103 1228 2154 Ve-

171 2173 331 2240 uitque
396 2173 589 2225 iterum
639 2173 693 2225 in
754 2173 911 2225 Cana
957 2174 1222 2237 Gamaeae,

174 2247 265 2308 nbi,
301 2247 359 2297 in
390 2246 617 2313 nuptiis,
643 2246 787 2311 fecit
806 2262 1001 2313 aquam
1028 2249 1222 2311 vinum,

172 2330 337 2366 coram
364 2317 652 2382 discipulis
678 2316 811 2368 suis.
840 2319 920 2368 Et
949 2324 1067 2369 erat
1106 2318 1227 2383 qui-

171 2386 284 2436 dam
310 2387 580 2452 Regulam,
620 2387 777 2454 cujus¹
793 2388 958 2454 filius
976 2389 1227 2455 infirma-

170 2456 314 2507 batur
354 2458 757 2522 capharnaum.
800 2460 931 2523 Hic,
961 2474 1079 2510 cnm
1124 2474 1226 2509 au·-

166 2528 323 2579 disset
354 2530 542 2579 Jesum
583 2528 650 2578 ad
688 2538 865 2594 partes
891 2529 997 2580 sibi
1026 2530 1226 2580 vicinas

167 2600 450 2662 advenisse,
489 2601 626 2651 abiit
673 2600 749 2650 ad
792 2615 909 2651 eum
952 2601 1008 2652 in
1060 2603 1223 2662 Cana,

167 2670 249 2719 ubi
288 2686 417 2721 eum
465 2679 685 2721 noverat
721 2686 855 2731 esse,
898 2678 955 2722 et
989 2673 1227 2738 rogabat

168 2753 271 2790 enm
305 2748 363 2792 ut
392 2741 753 2803 descenderet,
794 2741 992 2791 scilicet
1022 2741 1079 2791 in
1119 2743 1225 2792 Ca—

167 2810 475 2873 phau-naum,
506 2825 628 2877 quae
672 2820 785 2861 erat
830 2811 887 2861 in
929 2812 1088 2862 basso
1138 2828 1228 2862 re-

168 2894 336 2947 spectu
366 2884 470 2934 loci
503 2884 559 2933 in
590 2899 698 2949 quo
715 2884 869 2934 Jesus
888 2893 1001 2934 erat
1012 2900 1028 2946 3
1062 2890 1118 2935 et
1140 2899 1228 2934 sa-

166 2963 307 3005 naret
373 2956 797 3023 praesentialiter·
836 2956 1021 3023 filium
1071 2957 1221 3024 eju-5,

165 3037 315 3088 quem
361 3027 639 3091 diligebat,
674 3026 830 3092 quasi
884 3041 994 3076 non
1046 3038 1226 3093 posset

162 3108 359 3159 sanare,
390 3096 499 3145 nisi
543 3111 779 3162 praesens
815 3105 971 3147 esset.
1016 3097 1224 3148 Secun-

160 3164 283 3215 dum
332 3167 703 3234 Theophilum,
737 3168 838 3218 iste
867 3168 1108 3234 Regulus
1135 3168 1224 3218 in-

159 3237 335 3288 terfuit
395 3239 657 3288 miraculo
696 3238 831 3288 facto
876 3239 931 3288 in
997 3238 1222 3305 nuptiis,

157 3311 369 3374 quando
408 3312 659 3362 Christus
697 3319 890 3377 aquam
937 3312 996 3362 in
1036 3312 1223 3362 vinum

159 3382 405 3444 mutavit3
441 3382 570 3448 quia
598 3392 724 3434 tunc
758 3383 1000 3443 credidit,
1031 3384 1124 3434 sed
1153 3393 1225 3433 ta-

156 3464 275 3501 men
333 3453 542 3503 Christi
601 3453 938 3504 divinitatem
997 3453 1224 3519 perfecte

155 3537 262 3573 non
297 3525 574 3591 cognovit.
610 3526 821 3576 Dicitur
842 3536 1022 3576 autem
1053 3526 1224 3591 Regu-

154 3597 235 3648 lus
262 3600 660 3666 multipliciter.
690 3602 808 3652 Uno
838 3601 1000 3652 modo
1030 3615 1223 3667 parvus

152 3669 281 3733 Rex,
303 3673 401 3740 qui
433 3689 597 3739 parvo
633 3683 828 3740 praeest
843 3690 1026 3741 regn0‚
1044 3682 1096 3724 et
1121 3674 1222 3724 hoc

153 3746 315 3796 modo
343 3762 455 3796 non
489 3745 751 3812 accipitur
792 3746 902 3806 hic,
939 3746 1067 3813 quia
1094 3755 1222 3797 tunc

151 3816 416 3881 temporis
460 3832 569 3866 non
608 3826 721 3867 erat
760 3818 873 3867 Rex
910 3817 968 3867 in
1011 3817 1218 3878 Judaea3

155 3879 388 3935 Romani
426 3887 575 3937 enim
603 3886 842 3937 volentes
869 3886 1110 3954 frangere
1130 3887 1221 3937 Ju-

157 3952 395 4008 daeorum
433 3958 766 4024 superbiam,
793 3958 1133 4012 abstulerunt
1153 3957 1223 4009 ab

1334 1387 1412 1439 eis
1449 1389 1651 1456 regiam
1688 1388 2024 1455 dignitatem,
2055 1405 2283 1455 regnum
2310 1390 2398 1440 Ju-

1333 1460 1463 1509 daeae
1517 1461 1572 1510 in
1620 1469 1850 1526 quatuor
1896 1459 2208 1509 tetrarchias
2257 1460 2400 1509 divi-

1334 1531 1540 1591 dentes,
1599 1531 1665 1582 ad
1729 1532 2131 1598 praecavendum
2207 1546 2395 1581 eorum

1334 1602 1703 1653 rebellionem.
1740 1630 1801 1640 —
1828 1602 1949 1652 Alio
1995 1602 2176 1662 mod0‚
2214 1616 2398 1651 secun·

1333 1672 1465 1723 dum
1495 1674 1957 1741 Chrysostomum,
1984 1673 2183 1723 dicitur
2210 1673 2396 1739 Regu-

1333 1745 1438 1809 lus,
1467 1744 1663 1811 aliquis
1716 1745 1781 1795 de
1810 1745 1975 1811 stirpe
2020 1746 2165 1812 regia
2191 1761 2287 1795 seu
2315 1759 2398 1810 ge-

1335 1816 1482 1866 neris
1541 1816 1778 1867 existens
1841 1817 2064 1884 regalis3
2137 1833 2236 1868 nec
2293 1818 2398 1867 hoc

1332 1890 1495 1939 modo
1525 1889 1785 1956 accipitur
1811 1890 1915 1941 hic.
1938 1919 1999 1929 —
2020 1890 2207 1941 Tertio
2236 1889 2397 1939 modo

1330 1959 1529 2009 dicitur
1552 1960 1752 2027 aliquis
1780 1962 2036 2027 Regulus,
2068 1977 2255 2027 regum
2285 1959 2398 2010 offi-

1331 2030 1498 2092 cialis,
1529 2040 1582 2081 et
1625 2033 1729 2082 isto
1775 2034 1937 2083 modo
1983 2033 2239 2098 accipitur
2267 2031 2392 2094 hic3

1331 2101 1459 2166 quia
1486 2112 1597 2153 erat
1623 2102 1872 2154 officialis
1902 2102 2265 2169 Imperatoris,
2306 2102 2396 2151 de-

1333 2181 1546 2238 putatus
1572 2174 1638 2224 ad
1669 2174 1964 2225 custodiam
1994 2173 2247 2236 Galilaeoe,
2280 2186 2398 2238 pro·

1331 2254 1448 2310 pter
1468 2245 1613 2311 quod
1641 2245 1890 2295 manebat
1917 2244 1975 2294 in
2000 2244 2393 2309 Capharnaum,

1331 2331 1456 2382 quae
1509 2325 1620 2367 erat
1662 2316 1980 2382 metropolis
2018 2316 2166 2366 illius
2210 2324 2390 2378 terrae3

1330 2389 1414 2438 vel
1441 2388 1578 2438 forte
1607 2388 1802 2455 aliquis
1837 2389 1905 2438 de
1939 2387 2142 2437 familia
2166 2385 2395 2436 Herodis

1330 2460 1653 2523 Tetrarchae,
1689 2460 1897 2525 pollens
1933 2460 2111 2525 aliqua
2139 2457 2397 2524 principa·

1332 2542 1420 2581 tus
1464 2530 1741 2596 dignitate.
1775 2530 2012 2595 Regulus
2043 2529 2160 2587 iste,
2193 2527 2393 2579 auditis

1333 2602 1605 2652 miraculis
1659 2601 1882 2661 Christi,
1938 2600 2171 2666 speravit
2216 2600 2283 2650 ab
2330 2615 2393 2650 eo

1333 2674 1617 2739 impetrare
1638 2673 1922 2723 sanitatem
1950 2672 2048 2721 filii
2075 2672 2178 2732 sui,
2207 2683 2260 2722 et
2289 2687 2395 2722 cre-

1330 2743 1469 2793 didit
1516 2743 1697 2809 ipsum
1758 2758 1914 2809 posse
1977 2757 2162 2792 sanare
2219 2742 2394 2793 filium

1330 2829 1491 2864 suum
1515 2829 1546 2863 a
1573 2829 1681 2879 quo
1723 2814 1948 2863 salutem
1991 2812 2265 2878 quaesivit3
2298 2812 2391 2862 sed

1332 2884 1389 2934 in
1413 2884 1517 2934 fide
1542 2884 1808 2934 dubitavit
1834 2884 1891 2933 in
1916 2882 2041 2941 hoc,
2074 2884 2218 2948 quod
2249 2898 2392 2949 prae·

1331 2954 1556 3005 sentiam
1611 2955 1725 3019 ejus
1774 2953 2073 3019 requirens,
2127 2969 2237 3002 non
2288 2953 2392 3002 nisi

1328 3023 1614 3090 praesentia
1662 3023 1924 3091 corporali
1977 3033 2031 3073 et
2079 3032 2221 3074 tactu
2267 3038 2393 3074 eum

1330 3111 1489 3163 posse
1537 3110 1721 3146 sanare
1788 3096 2021 3162 putavit3
2086 3111 2195 3145 non
2250 3096 2395 3146 enim

1330 3168 1535 3234 ubique
1559 3176 1874 3233 praesentem
1905 3182 2028 3217 eum
2065 3182 2181 3216 esse
2216 3165 2395 3216 credi-

1329 3240 1428 3303 dit,
1469 3240 1609 3290 sicut
1652 3238 1927 3299 Centurio,
1964 3238 2059 3305 qui
2102 3239 2176 3289 ait
2215 3255 2229 3287 t
2272 3239 2392 3288 Do-

1328 3310 1486 3371 mine,
1516 3323 1616 3359 non
1650 3322 1765 3358 sum
1790 3309 1992 3375 dignus
2018 3313 2074 3358 ut
2102 3309 2269 3357 intres
2296 3306 2400 3356 sub

1331 3386 1522 3430 tectum
1546 3393 1733 3440 meum,
1761 3381 1855 3429 sed
1884 3385 2084 3428 tantum
2109 3379 2196 3428 dic
2214 3378 2394 3438 verbe,

1329 3456 1381 3500 et
1398 3449 1679 3499 sanabitur
1696 3461 1837 3516 puer
1856 3462 2018 3499 meus.

1393 3536 1424 3570 2
1482 3522 1690 3571 Rasum
1751 3535 2127 3570 nist-*mannan
2173 3532 2389 3580 Anomr,

1327 3609 1494 3644 samu
1535 3609 1709 3643 rum«
1751 3609 1955 3643 mmm«.
1997 3622 2058 3632 —
2085 3594 2393 3658 Agnoscens

1327 3667 1508 3732 itaque
1542 3665 1811 3716 Dominus
1839 3680 1930 3716 cor
1960 3663 2268 3722 diffidentiS,
2306 3675 2396 3711 ar-

1328 3739 1446 3804 guit
1485 3738 1764 3788 hominem
1803 3738 1857 3788 in
1886 3738 1991 3788 fide
2017 3735 2277 3801 tepidum,
2300 3732 2394 3782 di-

1327 3826 1451 3861 cens
1485 3828 1500 3863 ε
1534 3811 1666 3862 Nisi
1691 3810 1872 3876 signa,
1915 3808 2114 3859 scilicet
2153 3821 2393 3857 commu·

1328 3884 1436 3945 nia,
1511 3890 1565 3935 et
1618 3881 1901 3949 prodigia,
1969 3880 2175 3931 scilicet
2233 3879 2389 3945 signa

1327 3956 1527 4022 majora
1558 3969 1677 4022 quae
1720 3963 1850 4004 sunt
1880 3953 1995 4004 sine
2031 3952 2294 4019 exemplo,
2324 3965 2393 4001 eo
