2757 4413
683 308 777 359 DE
801 265 1159 359 tNVITA'lts
1184 309 1281 358 AD
1309 308 1579 359 COENAM
1610 308 1937 362 MAGNAM.

187 424 516 490 inexpletus.
566 423 682 483 Vel,
733 423 1134 489 compelluntur
1167 422 1258 472 in-

186 505 326 548 tmre
370 492 633 552 haeretici,
684 491 780 558 qui
829 507 924 558 per
959 491 1254 542 Ecclesiam

187 565 369 632 puniti
414 565 773 630 resipiscunt;
823 566 908 615 vel
948 563 1258 630 quicunque

184 637 298 697 alii,
326 637 423 703 qui
456 637 621 700 hujus
642 636 827 685 mundi
850 634 1257 685 adversitatibus

185 709 364 772 fracti,
397 709 466 758 ad
497 708 594 757 Dei
628 723 866 758 amorem
896 708 1134 758 redeunt.
1168 708 1260 757 Fe-

186 783 260 834 lix
286 782 603 841 necessitaS,
633 796 753 847 quae
783 782 848 831 ad
874 781 1097 831 meliora
1114 796 1256 830 com-

185 853 368 920 pellit!
402 851 562 902 Multi
590 852 736 902 enim
763 852 858 919 qui
893 851 948 901 in
979 850 1259 901 securitate

188 934 239 976 et
274 922 634 990 prosperitate
675 924 879 973 mundo
917 922 1123 982 vivunt,
1168 921 1258 971 in·-

187 1005 363 1047 stante
421 994 735 1044 adversitate
779 1003 829 1044 et
874 993 1141 1060 periculo,
1193 992 1256 1042 ad

189 1069 367 1119 Deum
418 1067 655 1133 fugiunt.
716 1067 872 1117 Unde
921 1066 1257 1133 Chrysosto-

188 1153 310 1188 mus
357 1156 374 1188 .·
429 1156 458 1183 «
509 1138 679 1187 Multo
729 1136 1049 1187 laboriosius
1081 1145 1160 1185 est
1199 1136 1256 1185 in

190 1210 479 1261 securitate
526 1208 981 1274 concupiscentias
1025 1209 1255 1270 vincere,

188 1297 356 1348 quam
378 1281 440 1330 in
463 1281 696 1346 periculo
716 1281 931 1338 divitias
950 1296 1107 1347 posse
1131 1296 1259 1330 con-

185 1360 450 1402 temnere.
492 1353 607 1416 Ipse
637 1351 784 1401 enim
835 1351 998 1403 timor
1038 1351 1254 1418 periculi

187 1422 406 1486 adjuvat
441 1421 701 1481 animum,
731 1431 783 1472 et
831 1421 990 1472 facile
1023 1421 1257 1472 vincitur

185 1492 475 1545 delectatio
531 1493 839 1559 corporalis.
910 1494 1054 1552 Quot
1111 1493 1255 1543 enim

186 1576 316 1615 sunt
345 1565 442 1631 qui
483 1566 538 1615 in
579 1566 858 1617 securitate
892 1583 1002 1616 non
1038 1566 1256 1616 fuerunt

185 1637 428 1686 contenti
456 1652 712 1702 pauperes
736 1652 885 1700 esse3
908 1647 961 1687 et
986 1647 1164 1687 tamen
1187 1636 1259 1686 vi-

181 1704 375 1755 dentes
389 1707 828 1771 persecutionem,
841 1706 1013 1772 magis
1022 1704 1258 1757 contenti

177 1777 411 1832 fuerunt
451 1780 595 1831 bona
638 1795 736 1831 sua
781 1779 1065 1843 dimittere,
1095 1795 1266 1847 quam,

181 1852 390 1921 perire!
425 1852 550 1902 Illos
579 1853 708 1902 tales
740 1852 916 1904 sciens
947 1852 1110 1917 Deus,
1144 1850 1258 1903 fre-

183 1933 421 1992 quenter
444 1923 685 1988 praecidit
711 1922 925 1973 divitias
958 1938 1164 1986 eorum,
1197 1932 1258 1973 ut

182 2014 217 2049 a
263 1995 730 2048 sollicitudinibus
758 1995 974 2046 relevati
1018 1996 1259 2046 securius

183 2078 242 2120 et
269 2065 472 2117 melius
509 2076 858 2131 permaneant
885 2066 997 2116 Deo
1026 2083 1040 2116 ε
1078 2086 1105 2115 n
1146 2066 1258 2117 haec

187 2139 638 2208 chrysostomus,
684 2137 879 2204 Liquet
915 2153 1058 2204 erg0‚
1095 2149 1158 2189 ut
1184 2139 1260 2190 ait

188 2211 523 2276 GregoriuS,
572 2211 719 2277 quod
756 2210 850 2262 alii
888 2221 1159 2276 vocantur,
1206 2220 1261 2261 et

185 2283 382 2335 venire
423 2292 794 2343 contemnunt,
836 2291 897 2333 ut
923 2282 1019 2348 qui
1051 2283 1257 2333 donum

183 2355 495 2408 intellectus
532 2353 824 2420 accipiunt,
870 2354 964 2404 sed
1008 2355 1259 2405 eumdem

185 2425 534 2478 intellectum
566 2424 821 2490 operibus
860 2440 973 2475 non
1013 2440 1259 2492 sequun-

184 2509 326 2561 tur;
378 2497 469 2548 alii
510 2506 767 2547 vocantur
814 2507 868 2547 et
913 2497 1158 2556 veniunt,
1199 2507 1259 2548 ut

183 2569 290 2637 qui
348 2577 610 2634 acceptam
672 2567 971 2617 intellectus
1032 2567 1258 2635 gratiam

183 2639 464 2708 operando
524 2636 843 2704 perficiunt;
903 2636 994 2688 alii
1059 2636 1260 2687 intrare

182 2713 610 2778 compelluntur,
632 2721 693 2761 ut
711 2726 849 2777 quos
867 2709 1109 2761 Ecclesia
1132 2719 1260 2761 tem·

182 2785 450 2855 poraliter
473 2784 650 2851 punit.

249 2873 296 2923 4
346 2857 742 2906 Punzsnum
780 2869 999 2905 Tauron
1028 2870 1097 2904 An
1144 2869 1260 2904 cca-

180 2948 307 2984 naa
347 2945 632 2980 coeLssrnu
677 2943 1048 2979 amima-urun-
1090 2955 1151 2967 --
1196 2928 1260 2979 ln

183 3004 308 3058 fine
335 3012 514 3053 autem
537 3001 920 3062 concludendO,
943 2999 1257 3067 subjungit:

182 3079 337 3130 Dico
364 3082 538 3126 autem
569 3075 736 3137 vobis,
767 3075 918 3140 cujus
944 3072 1121 3124 dicere
1166 3072 1268 3140 ine

184 3147 424 3200 fallibile
475 3156 584 3209 est,
627 3145 770 3211 quod
816 3159 966 3195 nemo
1018 3143 1260 3194 virorum

186 3218 433 3279 illorum,
461 3217 554 3283 qui
581 3215 760 3267 vocati
793 3220 916 3266 sunt
943 3224 998 3266 et
1025 3229 1083 3265 se
1109 3228 1262 3265 excus-

2316 315 2423 385 737

1365 432 1542 473 santes
1595 422 1779 473 venire
1825 425 2131 486 noluerunt,
2177 433 2423 495 gustabit

1363 507 1569 544 coenam
1589 509 1778 558 meam,
1809 495 1921 545 imo
1956 512 2050 547 nec
2071 498 2298 565 videbit3
2330 503 2425 554 sed

1363 566 1545 616 Sancti
1591 578 1808 633 gustant
1851 578 1907 620 et
1944 569 2131 622 vident
2173 573 2335 625 etiam
2366 577 2423 627 in

1367 640 1633 702 praesenti,
1665 642 1963 692 secundum
2004 643 2139 694 illud
2171 647 2374 700 Psalmi
2409 668 2423 701 :

1366 708 1596 760 Gustate
1644 719 1697 762 et
1751 713 1922 764 videte
1960 716 2206 781 quoniam
2240 722 2425 772 suavis

1363 785 1447 828 est
1463 780 1742 832 Dominus.
1764 784 2038 848 Implenda
2066 796 2144 836 est
2165 788 2307 838 enim
2336 790 2425 841 do-

1366 864 1489 900 mus
1509 850 1605 900 Dei
1634 868 1859 902 numero
1898 856 2418 924 praedestinatorum3

1363 921 1460 970 sed
1506 923 1724 988 superbi
1754 935 2070 990 peccatores,
2111 927 2203 993 qui
2247 933 2418 982 vocati

1363 991 1544 1042 venire
1576 993 1881 1055 noluerunt,
1916 996 2121 1062 seipsos
2151 999 2424 1068 irrecupe-

1365 1062 1605 1112 rabiliter
1654 1077 1973 1116 excusarunt
2004 1085 2017 1117 :
2050 1068 2162 1119 haec
2202 1082 2423 1123 senten-

1364 1134 1440 1184 tia
1467 1134 1707 1200 Domini,
1733 1146 1794 1186 ut
1823 1137 1894 1187 ait
1924 1139 2246 1206 GregoriuS,
2277 1146 2426 1197 valde

1364 1205 1608 1257 timenda
1635 1218 1733 1259 est.
1756 1209 1930 1259 Nemo
1956 1225 2082 1275 ergo
2102 1215 2284 1265 venire
2307 1232 2428 1267 con-

1364 1288 1586 1340 temnat,
1635 1297 1702 1331 ne
1755 1282 1885 1330 dum
1931 1294 2148 1334 vocatus
2194 1299 2424 1351 excusat,

1365 1368 1489 1402 cum
1521 1355 1749 1405 voluerit
1781 1354 1979 1405 intrare
2008 1373 2117 1406 non
2147 1360 2330 1412 valeat.
2359 1364 2425 1413 Et

1365 1433 1505 1474 certe
1544 1426 1638 1491 qui
1670 1441 1779 1476 non
1824 1426 2117 1488 intraverit,
2148 1429 2429 1485 famelicus

1365 1505 1418 1545 et
1454 1495 1634 1546 inanis
1682 1512 1713 1546 a
1741 1496 2021 1548 refectione
2049 1498 2247 1551 divinae
2289 1503 2427 1554 frui-

1363 1564 1529 1616 tionis
1579 1576 1631 1616 et
1669 1567 1893 1618 visionis
1938 1571 2250 1621 remanebit.
2296 1574 2427 1625 Ecce

1366 1652 1528 1702 quam
1580 1638 1939 1703 periculosum
1981 1651 2062 1690 est
2090 1652 2429 1696 contemnere

1366 1709 1739 1762 invitationem
1799 1714 1921 1763 Jesu
1968 1713 2208 1765 Christi!
2270 1717 2427 1769 Tales

1366 1784 1514 1835 enim
1543 1801 1573 1835 a
1600 1785 1886 1838 refectione
1923 1788 2041 1853 ejus
2078 1788 2136 1840 in
2174 1792 2429 1855 praesenti

1365 1873 1460 1923 per
1491 1857 1734 1922 gratiam,
1776 1868 1829 1908 et
1870 1858 1926 1908 in
1972 1857 2155 1908 futuro
2186 1876 2279 1925 per
2307 1863 2428 1928 glo-

1365 1929 1502 1979 riam
1532 1940 1807 1979 merentur
1847 1930 2073 1980 excludi.
2107 1933 2232 1983 Haec
2264 1932 2429 1999 igitur

1366 2000 1569 2061 omnia,
1613 2011 1667 2051 et
1720 2001 1785 2051 ad
1837 2015 1960 2067 quae
1997 2004 2171 2052 vocati
2220 2019 2431 2067 sumus,

1365 2071 1648 2138 diligenter
1700 2071 2134 2134 consideremus3
2193 2084 2246 2124 et
2292 2091 2430 2140 prae-

1366 2142 1537 2194 sentia
1580 2141 1949 2208 despicientes,
1998 2144 2064 2192 ad
2107 2143 2287 2194 futura
2330 2161 2435 2199 nos

1367 2229 1746 2282 praeparemus.
1782 2214 1938 2265 Unde
1957 2215 2381 2282 chrysostomus
2411 2235 2429 2269 .·

1368 2304 1396 2331 (ι
1428 2286 1841 2335 Permaneamus
1870 2284 2034 2350 igitur
2070 2287 2437 2338 custodientes.

1365 2372 1482 2407 eam
1524 2369 1687 2421 quam
1744 2354 1900 2404 initio
1958 2356 2295 2423 suscepimus
2342 2357 2429 2408 di-

1365 2426 1621 2492 gnitatem
1659 2435 1714 2475 et
1756 2423 1935 2494 sutura
1974 2426 2215 2492 quotidie
2264 2443 2428 2493 regna

1364 2512 1703 2564 quaeramus3
1761 2497 2052 2564 omniaque
2119 2501 2427 2565 praesentia,

1365 2568 1586 2618 umbras
1614 2582 1730 2618 esse
1759 2583 1977 2634 prorsus
2003 2584 2062 2618 ac
2091 2569 2297 2619 somnia
2337 2570 2428 2634 ju-

1364 2643 1626 2693 dicemus.
1658 2643 1845 2708 Neque
1873 2642 2040 2703 enim,
2075 2643 2121 2693 si
2136 2644 2250 2693 Rex
2271 2653 2435 2694 terre·
2472 2657 2475 2660 ·

1366 2729 1471 2765 nus
1498 2712 1713 2780 aliquis,
1745 2728 2026 2763 assumens
2054 2723 2106 2764 te
2140 2728 2427 2778 pauperem

1364 2802 1425 2837 ac
1464 2784 1793 2844 mendicum,
1824 2795 2039 2850 repente
2074 2784 2177 2835 sibi
2207 2785 2431 2851 adopta-

1365 2867 1445 2908 ret
1474 2857 1533 2908 in
1566 2856 1763 2917 filium,
1808 2866 1866 2907 tu
1886 2858 1992 2922 jam
2022 2858 2087 2908 ad
2116 2857 2320 2923 tugurii
2350 2858 2433 2910 tui

1365 2928 1655 2995 respiceres
1674 2927 1954 2979 vilitatem.
1991 2929 2065 2978 lta
2093 2944 2238 2979 nunc
2265 2928 2432 2995 igitur

1366 2998 1507 3050 nihil
1555 2998 1901 3064 praesentium
1952 3008 2105 3064 putes
2155 3013 2272 3050 esse
2306 3015 2434 3065 pre-

1365 3069 1587 3120 tiosum.
1635 3069 1817 3135 Longe
1843 3069 2044 3135 quippe
2070 3070 2271 3135 majora
2297 3080 2426 3122 sunt

1365 3142 1433 3192 ad
1476 3156 1598 3207 quae
1642 3150 1862 3191 vocatus
1903 3156 1960 3191 es
1994 3142 2312 3208 capessenda
2354 3157 2367 3190 ε
2400 3159 2433 3187 w

1367 3213 1484 3265 haec
1514 3214 1957 3281 Chrysostomus.

1180 3460 1455 3513 ORATIO
1466 3485 1467 3490 =

249 3662 494 3716 Domine
515 3659 642 3710 Jesu
667 3655 898 3721 (mrim,
921 3659 1016 3725 qui
1035 3672 1232 3709 omnes·
1249 3656 1506 3709 homines
1523 3657 1712 3709 volens
1727 3657 1904 3709 salvos
1929 3654 2066 3714 fieri,
2087 3652 2441 3704 refectionem

188 3736 436 3791 coelestis
463 3731 810 3784 beatitudinis
835 3732 1092 3782 omnibus
1127 3731 1465 3797 preparasti,
1497 3741 1550 3782 et
1586 3733 1787 3782 multos
1813 3730 1879 3780 ad
1908 3744 2026 3779 eam
2055 3726 2240 3777 multis
2262 3725 2445 3777 modis
2500 3778 2504 3784 ,

187 3809 420 3870 vocasti,
461 3821 529 3857 ne
554 3820 660 3866 me,
700 3804 979 3869 miserum,
1024 3805 1271 3855 excludas
1300 3805 1364 3855 ab
1391 3805 1483 3855 illa
1519 3805 1686 3871 gratia
1711 3802 1962 3871 generali,
1992 3815 2161 3867 quam
2180 3799 2441 3851 omnibus

188 3880 391 3935 venisti
435 3874 721 3944 impartiri,
769 3884 824 3926 et
873 3876 942 3926 da
980 3875 1118 3926 mihi
1142 3876 1345 3926 calcare
1371 3890 1593 3927 omnem
1623 3874 1932 3941 superbiam
1976 3882 2028 3923 et
2066 3870 2437 3932 ambitionem,

191 3952 474 4006 avaritiam
501 3957 553 4000 et
580 3947 936 4014 cupiditatem,
975 3946 1459 4014 concupiscentiam
1492 3947 1668 3999 carnis
1711 3955 1764 3998 et
1791 3946 2119 4011 voluptatem
2140 3981 2155 4009 ,
2208 3959 2275 3995 ne
2323 3943 2440 3996 haec
