2757 4413
356 301 463 366 718
942 312 1178 378 PRIMAE
1212 318 1460 372 PARTIS
1492 323 1726 378 CAPUT
1757 331 1989 388 LXXIX.

347 414 476 466 tiam
506 419 708 487 docere,
739 426 882 482 fossa
916 449 1147 504 namque
1184 449 1264 490 est
1291 442 1402 491 hu-

269 498 271 500 ’
348 487 496 539 milis
537 500 698 560 terra3
748 511 949 555 stercus
993 518 1169 560 autem
1219 515 1404 565 sordes

345 570 490 620 sunt,
531 574 582 614 et
638 575 898 626 memoria
950 591 1305 649 peccatorum,
1352 597 1404 637 et

343 627 576 684 fructum
612 640 756 694 dant.
808 647 949 706 Quid
990 652 1136 702 enim
1173 667 1402 708 stercore

341 705 653 762 sordidius?
710 717 776 766 Et
825 728 1003 771 tamen
1054 725 1099 774 si
1155 742 1217 777 eo
1267 730 1421 791 bene.

341 773 525 834 utariS,
547 781 679 843 quid
701 782 1056 842 fructuosius?
1078 795 1231 846 Unde
1256 797 1400 849 idem

341 841 645 910 Gregorius
689 870 707 902 .·
758 874 785 901 «
836 858 919 909 Ex
963 871 1193 917 stercore
1237 868 1402 935 igitur

337 914 404 963 ad
456 917 688 972 fructum
719 929 990 984 reviviscit
1039 933 1221 1001 arbor,
1270 943 1400 1006 quia

336 987 403 1037 de
452 994 878 1054 consideratione
918 1010 1114 1072 peccati
1154 1013 1220 1062 ad
1259 1014 1397 1065 bona

337 1072 394 1109 se
433 1076 592 1127 opera
630 1074 921 1128 resuscitat.
979 1098 1003 1125 >2
1055 1082 1151 1132 Vel
1171 1121 1184 1143 ,
1231 1084 1396 1135 fossio

335 1141 416 1180 est
442 1147 774 1197 peccatorum
805 1150 1125 1217 recogniti0;
1156 1168 1397 1220 peccator

334 1203 481 1254 enim
525 1223 735 1273 peccata
766 1233 861 1269 sua
889 1226 1143 1288 cooperit,
1180 1231 1270 1278 sed
1311 1230 1394 1280 fo-

333 1274 530 1330 diendo
554 1283 758 1338 videbit
779 1292 1234 1350 abominationem
1267 1319 1392 1366 pec-

331 1358 586 1417 catorum,
623 1367 675 1407 et
712 1360 834 1412 inde
871 1369 1160 1422 erubescet.
1189 1374 1394 1425 Sterco-

329 1420 464 1471 ratio
501 1433 697 1493 autem,
727 1437 809 1485 vel
844 1437 960 1490 fimi
995 1445 1281 1509 appositi0,
1310 1459 1392 1499 est

259 1522 260 1527 =
328 1496 519 1546 mortis
566 1506 889 1573 recordati0;
933 1511 988 1562 in
1033 1526 1204 1566 morte
1241 1519 1388 1569 enim

326 1561 733 1626 hom0.stercus
774 1579 1019 1645 efficitur,
1064 1597 1116 1636 et
1162 1593 1388 1653 putredo

325 1633 458 1701 ipsa,
512 1659 746 1713 namque
791 1656 982 1708 mortis
1042 1662 1303 1712 memoria
1356 1681 1387 1715 a

323 1723 532 1774 peccato
585 1735 883 1789 praeservat,
932 1727 989 1778 in
1036 1732 1179 1782 bono
1226 1750 1385 1800 opere

328 1782 595 1848 sollicitat,
626 1801 678 1839 et
705 1795 929 1856 gratiam
959 1799 1055 1849 Dei
1090 1815 1381 1857 conservat.

325 1849 423 1900 Per
465 1856 708 1909 arborem
764 1864 923 1915 etiam
977 1869 1059 1919 fici
1110 1875 1384 1926 moraliter

320 1930 494 1985 potest
516 1930 768 1991 quaelibet
791 1951 1013 1999 persona
1054 1942 1110 1992 in
1151 1945 1382 1998 Ecclesia

317 1992 417 2042 Dei
447 1997 509 2044 ad
545 1998 974 2060 fructificandum
1022 2015 1255 2079 plantata
1298 2020 1378 2070 si-

316 2067 487 2131 gnari,
518 2082 571 2122 et
610 2091 704 2140 per
731 2088 837 2131 tres
881 2098 1054 2137 annos
1086 2089 1139 2138 in
1179 2092 1380 2157 quibus

316 2152 426 2187 non
456 2140 579 2194 facit
605 2145 856 2215 fructum,
882 2155 1132 2218 juventus
1166 2173 1216 2213 et
1247 2175 1374 2218 aetas

315 2211 492 2263 media
531 2227 582 2267 et
620 2234 828 2274 senecta
863 2225 1109 2296 intelligi,
1160 2247 1375 2301 propter

314 2283 458 2346 quod
500 2291 698 2341 meruit
730 2310 825 2359 per
855 2310 1083 2351 mortem
1142 2305 1208 2354 de
1246 2323 1376 2372 prae-

311 2358 448 2409 senti
474 2362 581 2414 vita
608 2369 809 2419 succidi
826 2387 840 2434 ;
872 2390 966 2438 per
997 2378 1255 2431 cultorem
1285 2398 1374 2433 au-

309 2436 437 2493 tem,
470 2434 708 2501 Angelus
735 2453 916 2494 custos
945 2446 1107 2510 hujus
1134 2450 1371 2504 hominis

306 2501 582 2567 accipitur,
633 2510 727 2574 qui
784 2526 934 2579 rogat
982 2527 1042 2567 ut
1093 2520 1269 2572 adhuc
1312 2525 1366 2574 in

306 2572 456 2622 senio
482 2576 659 2629 vivere
688 2581 1005 2647 dimittatur,
1037 2598 1096 2638 ut
1132 2606 1225 2654 per
1255 2594 1368 2658 ejus

304 2640 641 2708 diligentiam
687 2651 823 2702 circa
873 2656 1033 2705 talem
1086 2659 1363 2714 hominem

305 2725 362 2759 se
394 2720 657 2780 emendet,
689 2731 741 2771 et
778 2722 1085 2791 fructificet;
1120 2730 1364 2798 alioquin

305 2784 623 2850 succidatur,
654 2802 706 2842 et
728 2793 785 2843 in
815 2794 998 2861 ignem
1030 2800 1289 2855 mittatur.

362 2870 399 2918 4
446 2858 574 2909 ITEM
612 2879 903 2917 APPLICATA
945 2886 1253 2925 Rammosxs,
1299 2906 1363 2915 —-

300 2926 484 2979 Potest
526 2933 687 2985 etiam
744 2942 1015 2992 moraliter
1066 2948 1224 2997 arbor
1271 2949 1359 3000 fici

299 2999 403 3050 dici
457 3005 671 3071 religi03
715 3026 878 3075 quam
930 3017 1194 3070 Dominus
1244 3023 1358 3087 ejus

296 3070 391 3135 qui
433 3088 549 3123 eam
600 3090 788 3140 servat,
839 3083 1036 3137 scilicet
1088 3088 1354 3154 ChristuS,

293 3140 520 3195 habebat
551 3148 851 3211 plantatam
890 3156 943 3206 i'n
972 3159 1125 3210 vinea
1152 3176 1266 3227 sua,
1300 3164 1352 3214 id

293 3222 373 3262 est
411 3214 468 3264 in
519 3217 767 3284 Ecclesia,
817 3225 1019 3278 scilicet
1059 3247 1153 3295 per
1192 3235 1355 3285 Anto-

291 3282 463 3345 nium,
496 3302 590 3352 per
622 3292 1009 3360 Augustinum,
1047 3317 1140 3366 per
1176 3305 1351 3355 Bene-

289 3354 495 3406 dictum
542 3360 809 3429 aliosque;
836 3374 887 3416 et
932 3372 1074 3421 venit
1107 3389 1351 3439 quaerens

277 3425 540 3492 fructum,
583 3433 786 3487 scilicet
830 3439 1109 3505 religionis
1144 3455 1197 3494 et
1237 3462 1351 3496 san-

289 3496 485 3549 ctitatis
538 3503 834 3566 profectum
872 3508 929 3558 in
980 3511 1093 3572 illa,
1144 3515 1348 3568 scilicet

281 3568 569 3635 religione;
610 3581 661 3624 et
693 3591 794 3627 non
840 3578 1035 3629 invenit
1073 3582 1178 3633 nisi
1219 3586 1345 3637 folia

225 3695 228 3699 ,
280 3650 507 3706 tantum,
536 3657 587 3696 et
613 3648 750 3699 nihil
785 3652 852 3702 de
879 3654 1096 3705 veritate
1122 3657 1341 3724 religio-

278 3713 381 3773 niS,
412 3728 602 3781 praeter
627 3724 786 3774 verba
814 3736 866 3775 et
891 3729 1207 3779 exteriorem
1237 3730 1339 3782 ha-

272 3785 465 3839 bitum.
515 3793 682 3845 Dixit
731 3805 905 3849 autem
959 3802 1033 3851 ad
1084 3804 1336 3854 cultorem

270 3856 455 3916 vineae,
496 3863 695 3915 scilicet
743 3870 809 3917 ad
850 3882 1048 3921 coetum
1101 3875 1333 3938 praelato-

268 3942 389 3977 rum
421 3943 473 3980 et
504 3933 801 4000 doctorum,
830 3958 1064 4008 quorum
1093 3944 1330 3998 officium

1511 458 1591 499 est
1613 466 1882 506 sarmenta
1910 471 2198 524 amputare,
2229 464 2406 530 spinas
2433 470 2531 519 evel

1511 520 1634 583 lere,
1679 535 1730 575 et
1774 539 1944 580 cetera
1993 533 2304 598 hujusmodi
2333 537 2492 590 facere
2534 561 2546 594 :

1508 594 1653 646 Ecce
1680 604 1788 650 tres
1810 605 1939 653 anni
1965 613 2103 669 sunt,
2130 609 2329 660 scilicet
2357 621 2548 679 tempus

1506 665 1742 732 Antonii,
1768 672 2056 738 Augustini
2095 688 2146 728 et
2173 680 2460 744 Benedicti,
2484 699 2548 735 ex

1507 752 1616 800 quo-
1637 742 1787 793 venio
1817 760 2060 811 quaerens
2070 750 2335 814 fructum,
2367 755 2548 806 scilicet

1505 808 1765 862 virtutum
1803 825 1854 865 et
1892 832 2134 882 operum,
2178 827 2229 871 et
2269 838 2368 873 non
2413 826 2546 877 inve-

1505 881 1593 931 nio
1631 882 1804 946 illum,
1835 887 2001 939 nimis
2040 891 2186 941 enim
2230 909 2394 959 prope
2418 896 2545 946 viam

1505 960 1556 1000 et
1601 955 1867 1007 mundum
1913 969 2044 1020 erat,
2098 972 2151 1011 et
2198 962 2321 1013 ideo
2361 964 2542 1019 fructus

1503 1036 1672 1088 usque
1701 1026 1764 1075 ad
1803 1030 2161 1081 maturitatem
2188 1043 2241 1083 et
2268 1033 2425 1111 finem
2452 1051 2544 1116 serf

1501 1107 1622 1143 vare
1650 1112 1758 1146 non
1786 1110 2006 1164 poterat.
2045 1103 2145 1152 Sed
2190 1112 2367 1154 revera
2406 1121 2538 1155 omni

1500 1164 1752 1231 religioso
1797 1169 1960 1221 timor
1999 1172 2277 1235 incutitur,
2320 1193 2436 1226 cum
2464 1177 2541 1227 hic
2622 1179 2627 1185 '

1498 1235 1695 1287 dicitur
1725 1255 1737 1288 ε
1769 1241 1997 1294 Succide
2023 1260 2157 1311 ergo
2187 1248 2356 1310 illam,
2390 1249 2440 1298 id
2472 1258 2541 1298 est

1497 1307 1870 1361 succidendam
1901 1317 2179 1378 annuntia,
2212 1319 2340 1383 quia
2374 1329 2449 1369 est
2473 1320 2541 1368 in·

1495 1376 1788 1443 fructuosa3
1833 1386 2017 1449 utquid
2052 1394 2256 1438 terram
2290 1388 2538 1455 occupat?

1495 1457 1548 1497 et
1573 1453 1957 1515 temporalibus
1990 1458 2177 1519 utitur,
2217 1460 2342 1526 quia
2376 1462 2534 1510 locum

1492 1535 1654 1584 quem
1705 1533 1879 1585 tenet,
1931 1530 2186 1593 operibus
2243 1532 2394 1581 bonis
2438 1548 2533 1581 non

1494 1606 1717 1648 exercet.
1751 1599 1821 1649 Ut
1847 1601 1995 1651 enim
2029 1604 2157 1654 dicit
2182 1602 2529 1672 'Augustinu8‚

1490 1679 1728 1731 peccator
1768 1688 1876 1722 non
1921 1685 2001 1725 est
2038 1677 2238 1743 dignus
2276 1695 2403 1745 pane
2435 1694 2530 1744 quo

1489 1739 1737 1791 vescitur.
1789 1743 1867 1792 Et
1911 1748 2239 1813 respondens
2284 1750 2526 1815 praelatus,

1486 1808 1615 1872 quia
1641 1812 1840 1875 praelati
1867 1815 2064 1866 debent
2082 1833 2139 1867 se
2156 1835 2424 1884 opponere
2444 1835 2526 1885 pro

1485 1880 1737 1946 subditis,
1771 1885 1935 1949 dixit,
1970 1888 2171 1939 scilicet
2213 1892 2411 1941 orando
2443 1905 2526 1956 pro

1484 1951 1563 2002 eis
1602 1970 1615 2002 ι
1658 1955 1898 2022 Domine,
1931 1960 2137 2012 dimitte
2176 1963 2328 2014 illam
2361 1970 2409 2014 et
2442 1963 2526 2041 hoc

1483 2038 1640 2087 anne,
1679 2025 1877 2079 scilicet
1903 2039 1961 2079 ut
1992 2031 2243 2096 poeniteat
2276 2044 2325 2084 et
2352 2033 2524 2082 fructi-

1481 2093 1617 2146 ficet.
1641 2097 1763 2158 Sed,
1793 2099 1924 2151 heu!
1965 2102 2109 2167 quia,
2139 2120 2390 2154 concesso
2415 2118 2521 2182 spa-

1480 2165 1556 2216 tio
1596 2168 1945 2233 poenitentiae,
1976 2173 2132 2223 multi
2163 2175 2448 2226 abutuntur
2471 2189 2521 2223 in

1478 2240 1745 2303 superbia,
1770 2257 1826 2292 se
1853 2259 1960 2293 non
1979 2247 2336 2308 emendando,
2363 2259 2522 2326 usque·

1478 2309 1601 2359 dum
1638 2312 1859 2377 fodiam
1909 2314 2053 2365 circa
2105 2317 2288 2381 illam,
2339 2318 2522 2367 scihcet

1477 2396 1572 2446 per
1624 2382 2037 2450 increpationem
2101 2390 2433 2440 humiliando
2473 2398 2518 2437 et

1475 2452 1542 2501 ab
1587 2469 1768 2505 amore
1815 2466 2151 2509 terrenorum
2207 2459 2514 2521 revocand03

1476 2523 1569 2588 qui
1604 2526 1751 2575 enim
1794 2528 1946 2591 fodit,
1975 2538 2170 2580 terram
2212 2531 2518 2611 extrahit-et

1472 2592 1692 2655 fossam,
1733 2598 1785 2646 id
1828 2609 1908 2649 est
1952 2601 2331 2663 humilitatem,
2373 2602 2513 2663 fac1t;

1471 2671 1521 2714 et
1564 2667 1769 2719 mittam
1816 2676 2075 2737 stercora,
2116 2674 2317 2725 scilicet
2357 2674 2514 2722 malo-

1471 2752 1591 2787 rum
1638 2755 1758 2806 quae
1805 2741 1930 2793 fecit
1965 2745 2418 2797 abominationem
2467 2752 2512 2793 et

1469 2809 1782 2873 foeditatem,
1821 2825 1873 2865 et
1920 2816 2179 2868 vilitatem
2219 2820 2285 2870 ad
2331 2831 2513 2895 memo·-

1468 2879 1602 2929 riam
1635 2883 1951 2936 reducendo.
1994 2889 2131 2938 Sunt
2158 2900 2337 2940 tamen
2366 2887 2508 2937 multi

1465 2954 1559 3018 qui
1604 2972 1697 3007 nec
1742 2959 1819 3010 sic
1871 2961 2127 3026 poenitere
2174 2965 2387 3022 volunt,
2426 2958 2507 3011 sed

1467 3040 1809 3080 murmurant
1831 3042 2016 3082 contra
2043 3033 2165 3084 illos
2188 3034 2282 3100 qui
2308 3034 2382 3084 eis
2404 3045 2507 3097 pec-

1462 3107 1703 3147 catorum
1728 3115 1950 3151 suorum
1979 3103 2426 3154 abominationem
2446 3099 2503 3149 ad

1462 3170 1777 3220 memoriam
1815 3174 2077 3225 reducunt
2135 3175 2245 3226 sive
2286 3176 2340 3225 in
2378 3185 2503 3253 pra}-

1459 3239 1740 3300 dicatione,
1783 3243 1894 3294 sive
1937 3244 1991 3294 in
2035 3214 2274 3308 lssione,
2314 3247 2418 3297 sive
2454 3258 2501 3291 m

1459 3310 1810 3375 correptione,
1837 3315 1948 3365 sive
1988 3316 2045 3365 in
2074 3318 2426 3378 accusatione;
2454 3323 2498 3364 et

1457 3379 1574 3430 ideo
1603 3380 1905 3433 timendum
1931 3397 2011 3436 est
2039 3388 2116 3438 eis
2142 3405 2209 3439 ne
2238 3388 2496 3440 succidan-

1455 3460 1561 3512 tur,
1595 3454 1721 3519 quia
1758 3457 1929 3507 omnis
1960 3459 2125 3510 arbor
2153 3476 2271 3528 quae
2302 3476 2398 3511 non
2413 3457 2496 3539 sq·

1453 3521 1526 3571 cit
1542 3522 1791 3587 fructum
1826 3527 2012 3578 bonum
2050 3532 2343 3595 excidetur,
2367 3536 2416 3581 et
2446 3540 2493 3609 1¹3

1453 3593 1631 3659 ignem
1686 3598 1939 3651 mittetur.
1992 3602 2126 3654 Tres
2179 3605 2332 3655 etiam
2381 3615 2491 3652 anm

1452 3677 1679 3728 possunt
1717 3670 2018 3735 significare
2063 3676 2165 3725 tria
2209 3688 2324 3727 vota
2353 3688 2491 3725 com-

1450 3737 1634 3787 munia
1655 3740 1806 3789 omni
1837 3743 2106 3808 religioni,
2131 3762 2286 3814 super
2307 3746 2488 3812 quibus

1444 3807 1712 3859 Dominus
1737 3814 2030 3875 quemlibet
2068 3827 2308 3867 nostrum
2339 3818 2486 3866 inter·

1445 3880 1655 3943 rogabit
1682 3897 1805 3931 cum
1845 3886 2116 3936 exactione
2144 3904 2332 3954 magna
2358 3902 2482 3953 quo-

1442 3952 1604 4001 modo
1629 3951 1829 4004 fuerint
1862 3955 2165 4023 observata3
2197 3960 2285 4009 sed
2312 3959 2481 4008 timen-
