2757 4413
361 316 467 383 716

359 430 578 482 Christo
602 433 747 497 quod
771 433 1031 498 quosdam
1060 431 1126 482 de
1155 431 1423 494 Galilaeis,

359 502 564 553 scilicet
586 502 783 568 viginti
811 503 978 563 viros,
1002 503 1134 552 dum
1157 501 1425 552 sacrifica-

361 584 479 624 rent
508 584 560 624 et
600 575 656 624 in
685 586 803 626 actu
839 575 897 625 in
940 574 1211 625 sacrificiis
1259 591 1423 625 occu-

361 647 470 713 pati
521 659 715 710 essent,
760 650 979 700 Pilatus
1029 647 1316 710 interfecit3
1372 655 1427 699 et

360 719 677 784 sanguinem
731 734 911 770 eorum
968 734 1084 769 cum
1137 719 1426 785 sacrificiis

359 791 590 852 miscuit,
621 791 765 856 quia,
792 802 964 842 morte
989 807 1114 841 cum
1150 789 1426 841 sacrificiis

359 866 720 921 concurrente,
764 862 985 928 sanguis
1024 861 1423 912 interfectorum

361 946 485 981 cum
510 933 771 997 sanguine
805 933 1189 984 sacrificiorum
1224 932 1426 983 mixtus

360 1001 482 1052 fuit.
509 1003 817 1053 Secundum
847 1004 1137 1071 Cyrillum,
1168 1004 1256 1054 isti
1277 1013 1426 1053 erant

361 1087 614 1137 sequaces
652 1074 965 1141 dogmatum
987 1074 1153 1125 ·Judae
1197 1074 1426 1133 Galilaei,

358 1144 509 1207 cujus
550 1144 879 1194 mentionem
911 1145 1081 1195 Lucas
1107 1145 1168 1194 in
1196 1144 1426 1195 Actibus

359 1213 742 1277 Apostolorum
766 1214 910 1275 facit,
939 1216 1035 1282 qui
1054 1216 1262 1267 dicebat
1280 1216 1427 1281 quod

358 1283 609 1335 illicitum
641 1294 752 1336 erat
773 1288 800 1337 J
806 1287 970 1338 udaeis
996 1303 1314 1354 cognoscere
1339 1288 1431 1337 ali-

360 1371 523 1422 quem
582 1358 882 1409 Dominum
914 1369 1106 1425 praeter
1148 1360 1351 1424 Deum3
1377 1370 1430 1410 et

361 1429 520 1479 multi
568 1441 954 1482 consenserunt
999 1432 1067 1492 ei,
1111 1431 1169 1482 in
1218 1441 1427 1482 tantum

359 1502 505 1568 quod
531 1504 888 1568 prohibebant
924 1505 1224 1556 oblationes
1254 1515 1428 1556 statu—

358 1582 439 1625 tas
467 1589 498 1629 a
520 1577 720 1641 populo
745 1576 858 1627 fieri
880 1592 976 1642 pro
1001 1578 1170 1631 salute
1197 1577 1428 1627 Romani

360 1644 595 1710 imperii.
627 1647 704 1697 De
728 1663 837 1713 quo
869 1647 1072 1698 Pilatus
1096 1646 1428 1713 indignatuS,

360 1715 506 1765 venit
542 1731 702 1781 super
726 1732 816 1766 eos
844 1716 1218 1777 sacrificanteS,
1247 1733 1432 1767 secun-

359 1787 492 1836 dum
539 1787 704 1836 ritum
752 1804 939 1852 suum,
990 1798 1042 1838 et
1099 1788 1241 1838 inter
1286 1789 1429 1853 ipsas

357 1857 622 1918 victimaS,
653 1873 787 1922 quas
825 1859 932 1908 ritu
973 1859 1129 1924 Legis
1157 1875 1214 1910 se
1242 1860 1431 1910 offerre

361 1925 635 1992 putabant,
666 1942 756 1976 eos
782 1928 1000 1991 occidit3
1030 1930 1102 1979 ita
1141 1930 1286 1996 quod
1314 1946 1435 1979 san-

362 1998 485 2064 guis
550 1999 889 2051 offerentium
943 2002 1139 2053 oblatis
1190 2004 1429 2056 victimis

361 2068 690 2121 misceretur.
731 2072 884 2122 Unde
916 2083 1045 2124 ortae
1077 2085 1203 2125 sunt
1238 2076 1430 2126 inimi-

360 2138 498 2189 citiae
526 2140 667 2191 inter
694 2141 873 2206 ipsum
902 2153 954 2193 et
985 2144 1270 2206 Herodem,
1300 2147 1431 2213 quia

361 2214 569 2266 Galilaei
597 2217 664 2265 de
693 2217 922 2269 Herodis
959 2229 1216 2285 potestate
1257 2231 1427 2273 erant.

361 2286 430 2337 Et
455 2286 582 2353 quia
605 2287 773 2356 aliqui
821 2290 888 2341 de
913 2292 1075 2357 vulgo
1100 2291 1248 2342 illam
1280 2294 1429 2343 occi—

359 2357 570 2409 sionem
651 2360 887 2411 subitam
968 2372 1023 2412 et
1101 2362 1427 2414 horrendam

358 2427 714 2486 horribilibus
765 2432 994 2497 peccatis
1046 2432 1289 2499 ipsorum
1334 2451 1428 2485 oc-

357 2500 594 2552 cisorum
640 2502 994 2569 imputabant,
1034 2508 1305 2556 credentes
1336 2508 1427 2571 ju-

358 2574 594 2625 stissime
631 2592 722 2626 eos
768 2578 894 2628 talia
920 2594 1108 2644 passos
1148 2595 1281 2638 esse,
1311 2596 1428 2630 nar-

359 2656 609 2696 raverunt
662 2647 767 2697 hoc
830 2649 1117 2708 salvatori,
1183 2651 1426 2701 volentes

359 2716 628 2781 percipere
653 2717 786 2783 quid
818 2717 866 2767 ei
894 2735 1055 2784 super
1082 2719 1185 2769 hoc
1211 2720 1425 2771 videre-

359 2797 462 2837 tur.
533 2789 799 2840 Dominus
858 2801 1035 2841 autem
1088 2807 1197 2841 non
1247 2804 1421 2859 negat,

360 2858 452 2907 sed
494 2860 649 2924 ponit
690 2876 781 2910 eos
821 2873 1118 2927 peccatores
1156 2863 1341 2925 fuisse,
1372 2875 1424 2914 et

359 2940 575 2994 propter
622 2929 724 2979 hoc
785 2932 1034 2996 periisse;
1085 2949 1195 2983 non
1241 2943 1420 2984 tamen

356 2999 546 3049 asserit
589 3000 712 3049 talia
752 3015 867 3051 esse
912 3018 1097 3068 passos
1138 3020 1249 3067 eos,
1295 3014 1421 3054 tan-

357 3069 749 3134 quam-pejores
779 3087 888 3121 non
923 3072 1269 3138 patientibuS,
1295 3075 1425 3140 quia

357 3140 480 3190 talis
530 3155 677 3189 mors
733 3157 842 3191 non
902 3154 981 3193 est
1043 3156 1422 3210 argumentum

358 3210 630 3263 sufficiens
672 3213 816 3277 quod
857 3214 1067 3281 gravius
1116 3228 1422 3282 peccassent

356 3282 543 3334 ceteris
592 3285 879 3347 omnibus,
928 3286 1056 3353 quia
1113 3288 1423 3355 frequenter

354 3355 498 3405 Deus
525 3365 735 3420 peccata
763 3357 942 3407 minus
974 3357 1151 3423 gravia
1185 3359 1342 3425 punit
1365 3360 1421 3409 in

356 3427 601 3492 praesenti
632 3426 757 3488 vita,
796 3438 848 3478 et
889 3429 1130 3495 graviora
1169 3441 1289 3495 post
1333 3430 1420 3481 vi-

355 3506 465 3547 tam
504 3509 818 3563 praesentem
856 3499 1033 3548 differt
1072 3500 1284 3565 gravius
1330 3518 1423 3566 pu-

355 3566 567 3618 nienda.
603 3569 825 3634 Mystice
855 3568 1052 3619 Pilatus
1093 3570 1270 3635 signat
1298 3571 1419 3622 dia-

354 3636 568 3698 bolum,
640 3654 850 3705 semper
911 3639 1120 3689 animas
1183 3642 1421 3693 occidere

353 3717 629 3773 paratum;
673 3708 893 3774 sanguis
949 3710 1201 3774 exprimit
1248 3728 1421 3777 pecca·

353 3787 502 3838 tum,
552 3788 603 3829 et
651 3778 907 3830 sacrificia
952 3780 1116 3830 bonas
1161 3782 1417 3834 actiones.

354 3847 580 3908 Galilaei,
597 3849 700 3914 qui
732 3850 1144 3915 interpretantur
1173 3854 1419 3903 transmi-

352 3924 595 3983 granteS,
635 3919 853 3985 signant
891 3921 1055 3986 hujus
1081 3922 1274 3972 mundi
1302 3923 1417 3974 via-

926 319 1164 370 PRLMAE
1197 317 1446 368 PARTIS
1478 314 1712 368 CAPUT
1743 317 1971 370 LXXIX.

1530 441 1697 495 tores3
1735 448 1883 484 mors
1912 450 2130 500 quoque
2154 433 2377 485 istorum
2403 451 2589 503 corpo-

1532 502 1661 552 ralis
1728 504 1906 570 signat
1976 505 2313 570 spiritualem
2368 518 2589 557 mortem
2654 532 2659 549 ·

1531 587 1718 624 eorum
1755 576 1850 641 qui
1879 593 1993 627 non
2021 593 2153 643 pure
2179 577 2414 629 offerunt
2450 581 2593 630 sacri-

1532 644 1669 698 ficia.
1731 649 1934 700 Pilatus
1976 665 2101 716 ergo
2147 651 2466 717 sanguinem
2505 652 2596 705 Ga-

1532 713 1833 781 lilaeomm,
1884 737 2007 770 cum
2075 720 2349 772 sacrificiis
2415 738 2590 773 eorum

1533 787 1754 850 miscet,
1827 791 2046 856 quando
2105 792 2353 843 diabolus
2401 809 2592 859 preces,

1531 859 1918 928 eleemosynaS,
1947 862 2165 928 jejunia,
2194 874 2473 931 ceteraque
2496 865 2590 915 bo-

1534 945 1603 980 na
1667 947 1828 997 opera
1882 932 2124 984 fidelium
2144 974 2158 996 ,
2206 936 2288 985 vel
2328 935 2594 987 mortifera

1534 1002 1709 1052 carnis
1736 1012 1788 1053 et
1817 1005 2092 1070 sanguinis
2119 1006 2489 1067 delectatione,
2514 1007 2591 1056 vel

1534 1072 1644 1123 odii
1698 1076 2081 1138 meditatione,
2134 1079 2217 1128 vel
2254 1078 2471 1128 invidiae
2506 1078 2592 1128 fu-

1535 1160 1671 1205 rore,
1694 1146 1777 1195 vel
1808 1146 2060 1199 humanae
2086 1148 2260 1199 laudis
2288 1148 2592 1208 ambitione,

1533 1216 1617 1266 vel
1651 1216 1869 1269 sinistra
1901 1218 2222 1280 intentione,
2254 1221 2336 1270 vel
2360 1221 2464 1271 alia
2482 1235 2597 1287 qua·

1535 1286 1666 1337 libet
1692 1288 1894 1338 nefaria
1927 1299 2075 1354 peste
2111 1284 2499 1352 commaculat3
2541 1300 2594 1339 ut

1534 1361 1782 1425 quamvis
1817 1362 1995 1413 oblata
2034 1364 2269 1414 Domino
2305 1364 2597 1421 videantur,

1536 1430 1677 1482 nihil
1732 1442 1907 1482 tamen
1966 1435 2179 1498 prosint
2235 1434 2595 1492 offerentibus,

1535 1502 1627 1552 sed
1655 1503 1835 1568 potius
1865 1504 2137 1554 interdum
2170 1505 2303 1556 fiant
2331 1505 2389 1554 in
2425 1519 2597 1570 pecca-

1536 1582 1671 1623 tum.
1706 1575 1785 1624 De
1816 1575 1954 1625 Juda
1975 1574 2143 1634 enim,
2162 1575 2263 1641 ,qui
2289 1575 2434 1625 inter
2456 1572 2597 1624 sacri-

1536 1643 1655 1694 ficia
1690 1645 1916 1710 positus,
1944 1645 2306 1711 proditionem
2331 1643 2594 1696 Dominici

1537 1714 1814 1779 sanguinis
1862 1715 2146 1781 cogitabat,
2194 1715 2462 1781 scriptum
2489 1723 2595 1765 est:

1537 1784 1614 1833 Et
1642 1784 1816 1834 oratio
1843 1785 1959 1850 ejus
1973 1785 2086 1852 fiat
2110 1786 2163 1835 in
2181 1792 2482 1852 peccatum.

1599 1868 1627 1901 ‘z
1674 1854 1943 1904 anxsrus
1996 1855 2211 1904 Junaeos
2279 1871 2387 1905 NON
2448 1869 2594 1904 umus

1535 1942 1878 1987 sesanam-os,
1924 1944 2027 1978 lel
2066 1944 2422 1988 aasmiscmr,
2462 1942 2594 1976 panx-

1535 2013 1706 2048 Tuaos
1739 2014 2014 2048 suffimen.
2041 2027 2101 2037 —-
2136 2000 2201 2049 Et
2225 1999 2299 2048 ait
2337 1997 2596 2049 Dominus

1534 2067 1614 2119 eis
1640 2068 1734 2135 qui
1765 2069 1879 2120 haec
1903 2069 2004 2119 sibi
2027 2070 2371 2128 nuntiabant,
2398 2069 2595 2120 Judaeos

1535 2157 1644 2190 non
1668 2141 1850 2192 minus
1881 2141 1990 2193 illis
2022 2142 2260 2193 Galilaeis
2288 2142 2592 2204 sceleratos;

1534 2221 1587 2263 et
1614 2212 1718 2262 nisi
1749 2214 1815 2264 de
1853 2214 2083 2279 peccatis
2124 2214 2495 2280 poenituerint,
2520 2212 2593 2263 si-

1534 2285 1736 2337 militer
1760 2287 1816 2337 in
1845 2303 2067 2356 corpore
2090 2297 2143 2337 et
2169 2287 2351 2337 anima
2393 2286 2589 2353 peritu-

1532 2373 1640 2408 ros.
1675 2358 1797 2408 Sola
1837 2358 1983 2408 enim
2009 2358 2320 2423 poenitentia
2355 2358 2545 2408 liberat
2567 2370 2595 2405 a

1531 2431 1799 2496 pericu10,
1851 2431 1979 2498 quia
2038 2443 2119 2482 est
2174 2433 2415 2482 secunda
2485 2438 2596 2496 post

1534 2500 1872 2567 naufragium
1895 2502 2091 2552 tabula.
2125 2503 2207 2552 Illi
2243 2501 2473 2569 quidem
2505 2501 2594 2551 Ga-

1531 2574 1689 2636 lilaei,
1740 2592 1846 2625 non
1893 2577 2072 2626 solum
2124 2576 2252 2643 quia
2304 2586 2595 2641 peccatores

1529 2644 1781 2707 fuerunt,
1829 2647 1921 2696 sed
1980 2656 2031 2696 et
2074 2647 2131 2697 in
2168 2656 2431 2696 terrorem
2466 2645 2596 2696 alio-

1531 2734 1651 2768 rum
1701 2719 1877 2784 puniti
1923 2730 2074 2783 sunt;
2123 2720 2250 2787 quia
2289 2719 2591 2786 frequenter

1531 2800 1814 2839 moventur
1841 2789 2092 2840 homines
2125 2791 2188 2840 ad
2227 2790 2590 2856 poenitentiam

1530 2874 1593 2908 ex
1642 2869 1813 2909 morte
1867 2860 2096 2910 aliorum
2141 2860 2360 2910 horrida
2412 2870 2464 2910 et
2509 2874 2590 2909 re-

1527 2931 1763 2996 pentina.
1803 2930 1960 2982 Unde
1989 2931 2413 2999 chrysostomus
2437 2950 2454 2982 .·
2488 2949 2514 2977 α
2536 2931 2593 2980 In

1529 3003 1631 3053 hoc
1657 3013 1835 3054 autem
1874 3004 2109 3053 ostendit
2137 3004 2282 3070 quod
2316 3004 2442 3054 illos
2477 3017 2591 3067 per-

1530 3076 1681 3126 misit
1702 3077 1827 3127 mlia
1861 3077 1989 3142 pati,
2033 3087 2094 3126 ut
2119 3076 2373 3140 viventeS,
2414 3074 2590 3127 alienis

1529 3147 1781 3211 periculis
1840 3147 2043 3206 territi,
2122 3146 2310 3197 fierent
2374 3146 2591 3197 heredes

1529 3217 1696 3283 regni.
1740 3218 1882 3277 Quid
1921 3217 2112 3285 igitur,
2156 3219 2329 3278 dices,
2380 3229 2440 3268 ut
2478 3232 2589 3267 rne-

1528 3288 1632 3337 lior
1670 3303 1769 3353 ego
1825 3287 1983 3347 fiam,
2031 3288 2121 3339 ille
2169 3289 2424 3353 punitur?
2476 3287 2587 3338 Non

1528 3358 1677 3421 ideo;
1719 3359 1811 3407 sed
1856 3358 2081 3424 punitur
2124 3360 2343 3425 quidem
2380 3367 2589 3425 propter

1527 3428 1630 3478 alia
1652 3427 1899 3489 crimina,
1929 3429 1989 3479 fit
2020 3445 2145 3480 vero
2175 3445 2239 3479 ex
2273 3429 2373 3479 hoc
2403 3429 2586 3479 viden-

1527 3498 1673 3549 tibus
1711 3498 1897 3548 salutis
1934 3500 2173 3550 materia.
2204 3519 2231 3546 n
2259 3499 2468 3549 Deinde
2502 3513 2588 3563 po·

1528 3570 1612 3621 nit
1655 3569 1800 3620 aliud
1847 3571 2152 3636 exemplum
2196 3570 2262 3619 de
2318 3569 2502 3619 decem
2538 3576 2587 3617 et

1525 3650 1646 3690 octo
1672 3640 2098 3705 Jerosolymitis‚
2138 3639 2233 3705 qui
2262 3640 2393 3689 dum
2431 3636 2587 3689 aedifi-

1525 3721 1701 3762 carent
1743 3711 2031 3777 quamdam
2088 3711 2281 3762 turrim
2331 3711 2388 3760 in
2429 3710 2582 3764 Siloe.

1523 3784 1705 3835 subito
1747 3783 1942 3834 cedidit
1976 3799 2137 3850 super
2176 3799 2268 3834 eos
2296 3792 2348 3833 et
2380 3795 2588 3850 oppres·

1523 3854 1611 3914 sit,
1645 3854 1928 3921 punitique
1949 3865 2074 3904 sunt
2097 3854 2454 3905 instrumento
2477 3865 2584 3903 suae

1522 3924 1865 3989 offensionis;
1926 3942 2090 3992 quam
2139 3925 2357 3976 ruinam
2417 3921 2580 3990 aliqui
