2757 4413
344 343 449 395 830
1174 339 1393 390 INDEX
1436 338 1770 391 CAPITUM.

491 569 727 621 CAPUT
756 567 940 619 LXXI.
961 595 1022 605 -
1048 566 1133 617 De
1160 564 1397 624 transitu
1419 563 1640 616 Domini
1657 570 1710 615 et
1736 563 2124 633 discipulorum
2148 580 2252 632 per
2283 572 2416 617 sata.

387 754 404 788 1
441 738 702 805 Discipuli
722 740 1017 792 esurientes
1031 739 1119 790 die
1140 739 1257 789 sab·
1547 735 1580 786 6
1609 737 1922 788 Morborum
1953 736 2106 803 origo
2151 752 2227 788 -ex
2266 736 2415 787 cibo-

414 813 520 862 bati
541 813 711 879 spicas
721 815 942 875 venunt,
969 812 1255 865 pharisaeis
1579 822 1701 858 rum
1729 807 1997 858 varietate
2460 804 2552 857 652

412 883 898 935 murmurantibus·
1301 881 1409 952 649
1550 896 1581 947 7
1629 880 1767 930 Gula
1817 895 1928 930 non
1982 879 2161 930 solum
2213 878 2419 947 corpori

384 968 412 1001 2
443 953 696 1004 Christus
718 953 1010 1021 discipulos
1038 963 1255 1006 excusat
1582 963 1755 1017 nocet,
1794 953 1886 1004 sed
1926 962 1978 1004 et
2010 952 2249 1003 animam
2281 952 2423 1002 occi-

413 1024 653 1088 primum
685 1026 927 1092 exempla
956 1026 1190 1077 citando·
1304 1024 1410 1076 650
1582 1025 1679 1077 dit.
2463 1022 2553 1075 653

388 1094 415 1145 3
447 1095 679 1146 Excusat
736 1111 828 1146 eos
878 1098 1112 1148 secundo
1167 1112 1257 1148 se-
1554 1095 1587 1147 8
1616 1097 1700 1147 Ad
1755 1098 2131 1150 debellandum
2181 1098 2427 1164 volupta-

416 1165 593 1231 ipsum
686 1166 891 1217 sabbati
960 1167 1256 1218 Dominum
1348 1179 1349 1182 ’
1582 1178 1663 1219 tes
1699 1167 1882 1234 fugere
1921 1177 2133 1234 oportet
2188 1169 2428 1218 occasio-

415 1236 774 1302 praedicando,
1306 1236 1412 1288 650
1585 1254 1730 1290 nem.
2470 1236 2565 1302 654

385 1322 422 1372 4
452 1308 594 1367 Quid
637 1307 695 1357 in
724 1323 887 1359 sensu
914 1308 1141 1375 mystico
1168 1308 1257 1357 di-
1552 1326 1586 1379 9
1617 1310 1939 1362 Necessariis
1956 1311 2191 1361 contenti
2221 1311 2411 1364 simus.
2471 1309 2565 1374 654

416 1380 604 1446 scipuli
646 1381 899 1432 vellentes
950 1382 1122 1447 spicas
1170 1380 1259 1431 die
1529 1397 1590 1433 ιο
1614 1383 1913 1434 Abstractio
1955 1399 1985 1434 a
2007 1384 2169 1434 rebus
2197 1385 2429 1435 munda-

419 1450 661 1500 sabbati?
1308 1449 1406 1501 651
1585 1453 1672 1504 nis
1694 1453 1754 1503 fit
1785 1454 1959 1504 tribus
1987 1454 2183 1505 modis,
2473 1450 2562 1503 655

389 1520 415 1570 5
444 1520 780 1572 Abstinentia
815 1521 1061 1587 exemplo
1089 1520 1260 1572 disci-
1529 1538 1584 1573 11
1625 1523 1956 1590 Paupertatis
2006 1523 2212 1575 Christi
2252 1524 2430 1575 excel-

421 1592 674 1656 pulorum
701 1592 1127 1643 commendatur.
1309 1590 1413 1642 652
1584 1593 1764 1644 lentia.
2472 1591 2565 1645 656

667 1820 901 1873 CAPUT
932 1823 1140 1873 LXXII.
1169 1853 1230 1863 -
1256 1825 1339 1875 De
1365 1840 1554 1879 manco
1572 1840 1783 1878 manum
1803 1823 2020 1877 aridam
2038 1825 2280 1876 habente.

397 2005 415 2040 1
458 1990 664 2042 Christi
704 1992 947 2044 docentis
996 1994 1261 2061 praeconia
1585 1995 2125 2062 juslibetpeccatoris,
2150 1995 2435 2061 speciatim

420 2060 537 2110 tria·
1308 2064 1415 2134 657
1587 2078 1766 2119 tamen
1791 2066 1933 2133 pigri
1964 2075 2016 2117 et
2047 2066 2223 2132 >avari.
2477 2061 2573 2131 659

392 2147 421 2180 2
457 2132 634 2182 Homo
660 2131 866 2183 habens
903 2150 1125 2185 manum
1149 2134 1262 2186 ari-
1558 2135 1590 2187 5
1644 2137 2038 2187 Pharisaeorum
2105 2135 2318 2186 caecitas
2382 2144 2434 2185 et

419 2203 541 2254 dam
570 2214 799 2265 curatur,
833 2205 1261 2259 Pharisaeorum-
1587 2209 1811 2260 malitia.
2478 2200 2574 2254 660

419 2290 524 2340 que
553 2274 759 2325 malitia
786 2275 1151 2329 confunditur.
1311 2277 1416 2346 657
1556 2280 1589 2331 6
1620 2281 1857 2332 Infirmis
1890 2296 1920 2332 a
1955 2296 2014 2332 se
2042 2279 2239 2330 curatis
2268 2278 2435 2329 Chri-

393 2344 420 2394 3
459 2346 570 2395 Cur
613 2345 864 2396 Christus
914 2347 1159 2398 docuerit
1210 2358 1264 2399 et
1587 2361 1703 2402 stus
1729 2351 2065 2418 praecipiens‚
2101 2365 2171 2400 ne
2209 2349 2435 2415 gratiam

422 2418 677 2471 miracula
698 2430 946 2485 operatus
983 2420 1146 2473 fuerit
1189 2422 1262 2472 li-
1587 2433 1852 2488 receptam
1868 2418 2434 2479 manifestamfaciant‚

422 2491 635 2541 bentius
664 2492 718 2542 in
748 2493 1019 2544 sabbatis?
1311 2493 1417 2564 659
1586 2494 1858 2545 vitandam
1878 2510 1993 2545 esse
2012 2493 2227 2544 laudem
2249 2493 2436 2542 huma·

388 2577 425 2625 4
484 2563 661 2612 Homo
717 2573 932 2613 sanatus
988 2564 1044 2614 in
1097 2579 1259 2616 sensu
1588 2581 1714 2615 nam
1748 2566 1917 2616 docet.
2477 2557 2570 2609 661

422 2632 648 2698 mystico
677 2642 728 2682 et
755 2632 946 2683 morali
980 2631 1152 2698 figura
1183 2643 1264 2685 est
1557 2652 1588 2703 7
1622 2635 1821 2687 Fervor
1834 2636 2006 2687 turbae
2025 2635 2090 2685 ad
2103 2633 2432 2685 audiendum

420 2702 586 2754 totius
633 2704 845 2770 generis
887 2703 1136 2766 humani,
1166 2720 1262 2756 cu-
1588 2706 1684 2757 Dei
1709 2706 1957 2757 verbum.
2482 2698 2577 2751 662

729 2928 965 2981 CAPUT
988 2929 1226 2981 LXXIII.
1247 2959 1309 2970 —
1336 2931 1421 2983 De
1446 2930 1777 2982 daemoniaco
1805 2944 1953 2982 coeco
1976 2934 2028 2980 et
2050 2935 2216 3004 muto.

401 3117 420 3151 1
453 3099 672 3153 Curatio
704 3104 1021 3157 daemoniaci
1062 3108 1184 3159 caeci
1213 3117 1266 3159 et
1591 3108 1729 3158 ritus
1762 3106 2019 3157 Sanctus?
2487 3095 2585 3150 666

424 3174 580 3224 muti.
1314 3177 1417 3229 663
1562 3180 1593 3231 8
1635 3179 1904 3239 ChristuS,
1952 3176 2157 3244 duplici
2211 3174 2438 3234 ratione,

396 3260 424 3293 2
456 3244 653 3310 Figura
681 3256 761 3296 est
790 3247 1033 3299 hominis
1052 3248 1109 3299 in
1138 3264 1266 3316 pec-
1591 3249 1779 3315 probat
1802 3248 1946 3314 quod
1970 3247 2183 3298 daemon
2215 3260 2327 3295 non
2358 3251 2441 3294 est

423 3324 538 3364 cato
586 3317 797 3366 mortali
842 3319 1247 3382 perseverantiS.
1314 3317 1423 3384 664
1589 3331 1735 3372 actor
1753 3320 2018 3371 miraculi.
2489 3311 2585 3378 667

395 3382 422 3434 3
456 3383 699 3444 Quatuor
727 3384 981 3437 beneficia
1007 3387 1265 3453 justifica-
1560 3408 1594 3461 9
1629 3392 1779 3451 Item,
1814 3389 2014 3456 triplici
2046 3390 2267 3452 ratione,
2297 3403 2431 3470 pro-

316 3465 323 3473 ’
424 3462 479 3505 to
503 3456 706 3507 collata.
1314 3457 1424 3524 664
1590 3464 1679 3515 bat
1708 3480 1764 3514 se
1798 3480 1908 3514 non
1938 3479 2055 3514 esse
2078 3462 2277 3513 diaboli
2328 3459 2439 3509 mi·-

391 3525 746 3590 41nsinuatio
776 3526 1042 3578 invidiosa
1072 3528 1267 3579 Phari·
1592 3535 1842 3586 nistrum.
2488 3523 2581 3578 663

410 3593 671 3650 ’διτοΐϋω-
1316 3599 1419 3650 665
1486 3610 1490 3625 ’
1537 3623 1599 3657 10
1630 3607 1775 3667 Quid
1804 3616 1930 3657 sunt
1969 3614 2263 3671 peccatum,
2317 3602 2439 3651 bla-

393 3667 420 3718 5
451 3670 724 3721 Idolorum
751 3671 922 3737 origo,
1315 3671 1419 3723 665
1592 3678 1839 3744 sphemia
1863 3689 1916 3728 et
1941 3675 2162 3742 spiritus
2183 3673 2438 3740 blasphe-

394 3739 428 3791 6
456 3743 743 3793 Daemones
820 3742 1047 3794 diversis
1120 3742 1267 3794 vitiis
1592 3749 1747 3801 miae?
2486 3738 2578 3806 669

423 3823 674 3878 Pl'aesum·
1316 3815 1423 3867 666
1539 3836 1557 3870 1
1576 3835 1594 3870 1
1624 3821 1703 3870 De
1734 3818 2204 3871 irremissibilitate
2234 3815 2434 3882 peccati

395 3900 426 3950 7
454 3886 635 3952 Digito
655 3903 749 3937 cur
773 3900 1110 3955 comparetur
1132 3889 1266 3956 Spi-
1593 3899 1778 3941 contra
1798 3889 2056 3957 Spiritum
2078 3889 2353 3938 Sanctum.
2484 3884 2578 3950 670

2008 4073 2016 4101 l
