2757 4413
783 315 878 367 DE
907 315 1224 367 MULIERE
1254 315 1737 371 SAMARITANA.

156 431 407 492 exaudiri,
439 431 592 498 quasi
627 432 694 481 de
709 431 957 497 proximo
979 431 1220 481 claman-

157 503 298 553 tem?
336 502 402 552 In
424 501 559 550 altis
594 501 825 564 habitat,
866 501 958 552 sed
996 500 1221 552 humilia

158 574 390 640 respicit.
440 573 612 638 Prope
640 582 722 623 est
752 573 1038 623 Dominus.
1075 572 1216 632 Qui-

158 646 288 696 bus?
334 646 496 695 Forte
531 645 692 695 altis?
724 645 824 696 His
860 645 954 711 qui
986 645 1224 695 obtrive-

156 725 345 767 verunt
375 716 504 766 cor?
529 717 662 766 Mira
683 732 768 767 res
795 717 902 767 est!
938 717 1005 767 Et
1024 716 1079 766 in
1096 715 1224 767 altis

156 789 374 849 habitat,
427 797 479 838 et
529 788 832 838 humilibus
877 788 1223 854 propinquat.

156 861 400 912 Humilia
430 861 677 926 respicit,
707 860 926 913 excelsa
968 867 1144 912 autem
1188 874 1226 911 a

160 932 316 998 longe
335 931 628 996 cognoscit.
654 931 927 997 Superbos
954 931 1114 997 longe
1139 929 1226 981 vi-

156 1006 258 1069 det,
285 1021 351 1055 eo
375 1005 485 1054 illis
513 1005 698 1055 minus
729 1004 1083 1071 propinquat,
1114 1018 1224 1070 quo

159 1076 260 1126 sibi
326 1075 575 1125 videntur
635 1074 871 1126 altiores,
934 1074 1226 1135 Quaerebas

158 1163 281 1213 ergo
302 1148 572 1197 montem?
589 1148 878 1208 Descende,
902 1158 963 1198 ut
978 1147 1225 1213 attingas·

160 1219 259 1270 Sed
318 1219 603 1287 ascendere
651 1218 766 1280 vis,
812 1220 1059 1282 ascende;
1115 1218 1228 1269 noli

160 1298 395 1338 montem
437 1303 675 1354 quaerere
704 1306 720 1339 2
752 1289 1107 1349 ascensiones,
1138 1287 1229 1338 in-

163 1362 295 1429 quit,
329 1362 383 1411 in
407 1363 565 1412 corde
592 1363 726 1428 ejus,
751 1363 853 1412 hoc
881 1363 1127 1413 Psalmus
1156 1361 1232 1411 di-

164 1433 249 1493 cit,
270 1433 331 1482 in
350 1432 592 1482 convalle
607 1432 938 1497 plorationi&
956 1431 1231 1483 Convallis

165 1502 523 1554 humilitatem
554 1503 745 1566 habet;
780 1518 906 1568 ergo
952 1503 1099 1553 intus
1135 1517 1231 1568 age

168 1584 350 1624 totum.
391 1574 459 1624 Et
499 1573 547 1623 si
584 1573 723 1624 forte
761 1572 960 1639 quaeris
992 1573 1231 1639 aliquem

168 1647 335 1697 locum
380 1645 572 1703 altum,
603 1644 838 1710 aliquem
885 1645 1062 1694 locum
1101 1659 1231 1696 san-

168 1727 303 1766 ctum
325 1755 338 1776 ‚
407 1715 558 1765 intus
607 1715 803 1765 exhibe
858 1724 909 1765 te
967 1715 1230 1780 templum

166 1790 285 1840 Deo.
323 1787 601 1854 Templum
650 1787 798 1838 enirn
839 1787 946 1839 Dei
990 1793 1231 1837 sanctum

165 1869 251 1925 est,
280 1863 424 1928 quod
463 1862 597 1913 estis
635 1876 748 1912 vos.
798 1862 857 1911 In
902 1862 1107 1926 templo
1146 1860 1229 1911 vis

168 1935 341 1985 orare?
366 1935 428 1984 ln
453 1944 506 1984 te
530 1948 640 1992 ora,
664 1933 757 1982 sed
779 1933 930 1999 prius
953 1943 1067 1984 esto
1089 1942 1232 1983 tem-

167 2008 310 2071 plum
338 2006 459 2056 Dei.
483 2023 513 2052 ³2
550 2006 616 2055 Et
639 2005 716 2055 sic
736 2015 878 2070 patet
899 2007 1044 2070 quod
1065 2005 1231 2055 Chri-

170 2090 278 2129 stus
347 2077 608 2128 instruxit
659 2077 939 2128 mulierem
996 2078 1063 2128 de
1107 2092 1232 2128 vero

167 2151 304 2199 cultu
356 2148 560 2202 divino,
603 2145 661 2196 in
719 2148 964 2214 proximo
1017 2146 1231 2212 futuro;

166 2220 283 2286 quia
306 2217 626 2270 idololatriae
645 2217 900 2269 Gentium
922 2230 973 2270 et
991 2234 1236 2270 caeremo-

167 2291 265 2341 niae
301 2291 616 2341 Judaeorum
674 2290 1042 2340 convertendae
1074 2298 1235 2340 ‚erant

166 2362 217 2412 in
246 2362 589 2429 spiritualem
630 2360 795 2412 Novae
832 2362 989 2427 Legis
1029 2363 1234 2413 cultum

167 2434 430 2486 divinum.

221 2506 253 2556 6
305 2508 481 2565 L0Qu1
535 2523 642 2557 cun
690 2521 923 2556 uum-:na
964 2522 1095 2557 som
1129 2520 1234 2555 nox

165 2592 450 2629 consumu-
482 2580 746 2629 Dominus·
782 2605 845 2616 -
867 2578 946 2627 Et
972 2578 1237 2627 uenientes

164 2651 412 2713 discipuli
447 2651 517 2701 de
547 2651 779 2713 civitate,
817 2665 938 2699 cum
967 2650 1103 2700 cibis
1131 2664 1240 2700 em-

166 2722 280 2786 ptiS,
313 2722 656 2773 mirabantur
695 2720 820 2786 quia
857 2735 974 2771 cum
1017 2720 1239 2771 muliere

170 2792 509 2858 loquebatur,
573 2807 685 2841 non
742 2801 955 2857 propter
1001 2792 1238 2857 aliquam

172 2866 560 2931 suspicionem,
604 2865 696 2915 sed
730 2865 875 2930 quod
896 2864 1018 2914 talis
1045 2873 1098 2914 et
1125 2873 1241 2913 tan-

169 2946 247 2985 tus
274 2937 464 2985 doctor
505 2951 566 2986 ac
604 2934 873 2985 Dominus
905 2935 1054 2985 orbis
1085 2944 1238 2985 terrae

169 3006 416 3071 dignatus
471 3016 556 3056 est
604 3004 804 3072 alloqui
849 3022 1015 3056 unam
1067 3006 1238 3055 solam

168 3078 448 3127 mulierem
474 3077 852 3143 pauperculam
886 3086 938 3127 et
965 3077 1236 3143 gentilem.

168 3150 285 3201 Non
311 3150 670 3210 mirabantur,
692 3151 837 3216 quod
860 3165 983 3199 cum
1016 3149 1241 3200 muliere

166 3222 505 3287 loquebatur,
535 3220 663 3287 quia
697 3220 1018 3270 mulieribus
1062 3236 1241 3286 quan-

164 3293 338 3361 doque
379 3293 535 3360 loqui
584 3302 946 3353 consueverat,
984 3302 1036 3343 et
1080 3308 1244 3358 quan-

167 3363 343 3431 doque
368 3364 427 3414 in
456 3363 715 3414 comitatu
746 3379 835 3419 eas
860 3364 1114 3427 habebat3
1147 3363 1239 3414 sed

164 3435 501 3487 mirabantur
533 3434 888 3496 clementiam,
917 3450 1024 3501 qua
1059 3434 1240 3500 genti-

161 3505 286 3567 lem,
340 3514 398 3555 et
428 3504 789 3570 alienigenam
823 3520 1102 3555 erroneam
1137 3504 1240 3553 do-

163 3576 342 3636 cebat,
382 3574 700 3641 ignorantes
733 3575 1053 3642 mysterium
1093 3574 1239 3640 quod

158 3646 361 3696 mulier
392 3644 497 3695 ista
521 3655 713 3711 typum
751 3655 956 3712 gereret
995 3644 1242 3696 Ecclesiae

160 3717 224 3767 de
265 3716 540 3767 Gentibus
583 3716 794 3777 futurae,
837 3733 1000 3783 quam
1029 3731 1243 3783 quaere-

161 3786 252 3837 bat
304 3787 406 3854 qui
464 3787 611 3838 venit
660 3803 901 3854 quaerere
939 3794 992 3838 et
1034 3787 1242 3839 salvum

156 3859 353 3925 facere
420 3860 566 3925 quod
620 3861 882 3927 perierat.
960 3860 1111 3911 Unde
1169 3862 1245 3911 ait

167 3930 600 3997 chrysostomus
633 3948 651 3981 .·
696 3951 720 3978 κ
754 3931 1084 3983 Mirabantur
1115 3932 1245 3999 qui·

2286 319 2390 388 567

1322 432 1447 483 dem
1474 436 1999 500 superabundantem
2024 436 2227 487 Christi
2246 452 2395 487 man-

1323 505 1666 555 suetudinem
1680 516 1732 556 et
1743 507 2122 568 humilitatem,
2133 508 2391 574 quoniam

1328 574 1400 625 ita
1429 576 1743 642 perspicuus
1764 579 1993 630 existens
2022 579 2280 630 sustinuit
2304 580 2392 629 lo-

1328 648 1423 713 qui
1466 665 1588 700 cum
1632 659 1778 702 tanta
1821 652 2123 703 humilitate
2153 652 2301 719 inopi
2340 662 2395 704 et

1329 721 1697 773 Samaritanae.
1724 742 1752 770 n
1780 724 1955 776 Nemo
1984 730 2157 775 tamen
2177 725 2394 776 illorum

1330 790 1478 840 dixit
1512 790 1564 841 ei
1601 809 1620 842 .-
1663 792 1806 853 Quid
1841 795 2069 859 quaeris,
2126 800 2222 845 aut
2266 794 2396 860 quid

1332 859 1565 926 loqueris
1588 879 1703 915 cum
1727 864 1837 915 ea?
1859 865 2087 916 scientes
2108 867 2252 932 quod
2278 866 2395 931 ejus

1329 932 1530 984 locutio
1551 949 1675 985 cum
1705 937 1930 988 muliere
1956 954 2065 988 non
2091 948 2202 988 erat
2219 937 2396 988 inuti-

1330 1004 1398 1054 lis
1421 1015 1473 1055 et
1496 1021 1648 1066 vana,
1682 1009 1932 1073 quamvis
1969 1010 2072 1060 hoc
2102 1026 2210 1060 non
2241 1009 2396 1060 vide-

1332 1085 1477 1139 rent3
1500 1078 1647 1142 quod
1674 1078 1808 1129 bene
1841 1095 1906 1129 ex
1927 1081 2172 1146 sequenti
2205 1079 2396 1132 effectu

1333 1156 1490 1212 patet.

1397 1234 1429 1284 7
1462 1219 1799 1271 Smnmm
1816 1237 2051 1272 nrnaxAu
2067 1236 2399 1280 ammom-:us

1333 1305 1461 1347 Qun>
1512 1291 1835 1341 smair-mar?
1891 1320 1952 1331 —
2003 1294 2141 1343 Nam
2186 1294 2395 1357 mulier,

1333 1361 1518 1410 edocta
1543 1377 1575 1411 a
1606 1361 1840 1423 ChristO,
1870 1378 1935 1413 ex
1958 1363 2163 1415 fervore
2185 1366 2401 1414 denun-

1335 1432 1506 1482 tiandi
1549 1435 1692 1499 quod
1736 1435 2005 1495 audierat,
2037 1436 2254 1502 reliquit
2286 1437 2398 1503 hy·-

1338 1502 1515 1553 driam
1568 1517 1720 1555 suam
1761 1511 1814 1556 et
1857 1507 1990 1556 abiit
2035 1507 2088 1556 in
2132 1508 2399 1558 civitatem

1335 1575 1655 1627 annuntiare
1728 1578 1795 1628 de
1843 1578 2060 1629 Christo
2101 1579 2397 1645 magnalia,

1336 1664 1566 1699 monens
1603 1649 1747 1700 cives
1788 1652 1967 1716 egredi
2004 1654 2069 1702 ad
2105 1652 2400 1703 videndum

1336 1720 1635 1782 hominem,
1675 1722 1772 1788 qui
1800 1724 1937 1775 dixit
1981 1725 2030 1775 ei
2068 1739 2401 1791 quaecunque

1334 1792 1541 1853 fecerat,
1573 1794 1733 1844 etiam
1763 1796 1983 1848 occulta.
2018 1799 2096 1848 Ex
2119 1813 2228 1862 quo
2259 1804 2401 1862 patet

1335 1863 1451 1926 ejus
1499 1863 1711 1914 devotio
1760 1880 1925 1931 quam
1977 1876 2288 1933 conceperat
2336 1866 2403 1917 de

1335 1935 1557 1986 Christo
1586 1954 1600 1987 :
1632 1938 1758 2003 quia
1780 1938 1948 1989 oblita
1974 1955 2128 2006 aquae
2158 1953 2403 1990 necessa-

1336 2007 1432 2058 riae
1475 2007 1543 2058 ad
1598 2008 1763 2059 vitam
1812 2011 2173 2076 corporalem,
2220 2009 2403 2061 statim

1337 2078 1504 2129 currit
1529 2079 1594 2129 ad
1632 2079 2062 2131 denuntiandum
2086 2096 2279 2148 aquam
2311 2095 2402 2131 sa·

1338 2149 1554 2217 pientia:
1575 2150 1925 2201 necessariam
1946 2151 2012 2200 ad
2043 2152 2209 2202 vitam
2237 2148 2405 2217 spiri-

1339 2222 1558 2281 tualem,
1616 2237 1726 2271 non
1785 2237 1977 2271 curans
2030 2222 2097 2272 de
2143 2220 2402 2287 corporali

1339 2293 1624 2342 commodo
1655 2301 1874 2357 propter
1908 2295 2153 2343 salutem.
2203 2294 2259 2342 In
2294 2306 2405 2358 quo

1339 2366 1502 2415 etiam
1541 2365 1785 2431 sequitur
1815 2367 2121 2432 exemplum
2168 2367 2408 2431 Aposto-

1340 2437 1519 2486 lorum
1561 2436 1675 2501 qui‚
1706 2435 1909 2486 relictis
1949 2437 2207 2499 omnibus,
2240 2434 2410 2486 secuti

1341 2512 1466 2557 sunt
1516 2506 1823 2557 Dominum.
1898 2508 1976 2557 Ex
2030 2507 2132 2556 hoc
2206 2506 2410 2557 discant

1341 2576 1768 2644 evangelizaturi,
1807 2578 1960 2644 prius
1999 2578 2265 2643 deponere
2309 2593 2410 2628 cu-

1342 2664 1456 2698 ram
1509 2657 1563 2698 et
1610 2663 1751 2698 onus
1797 2647 1980 2698 seculi.
2034 2648 2189 2698 Unde
2265 2647 2410 2697 idem

1342 2719 1766 2786 Chrysostomus
1806 2737 1823 2769 .·
1871 2737 1899 2765 «
1958 2718 2105 2768 Sicut
2165 2717 2411 2784 Apostoli

1342 2790 1510 2840 vocati
1539 2789 1863 2838 dimiserunt
1890 2787 2040 2848 retia,
2072 2788 2145 2838 ita
2173 2789 2288 2839 haec
2321 2787 2412 2837 di-

1343 2861 1511 2912 mittit
1562 2860 1829 2928 hydriam,
1870 2870 1923 2912 et
1956 2861 2413 2927 Evangelistarum

1343 2948 1483 3000 opus
1541 2931 1695 2995 facit;
1749 2942 1801 2982 et
1836 2948 1946 2982 non
1996 2948 2168 2982 unum
2201 2941 2413 2982 tantum

1342 3015 1525 3065 vocat,
1588 3006 1681 3055 sed
1728 3005 1995 3056 civitatem
2047 3005 2329 3071 integram.
2383 3022 2413 3051 ν»

1346 3075 1501 3127 Unde
1529 3084 1580 3126 et
1624 3077 1967 3141 Augustinus
1993 3094 2009 3127 .-
2047 3094 2074 3122 «
2120 3075 2417 3141 Oportebat

1344 3157 1526 3198 autem
1575 3155 1637 3197 ut
1682 3146 1900 3197 Christo
1945 3149 2183 3207 credens,
2237 3147 2416 3197 seculo

1347 3217 1700 3280 renuntiaret3
1732 3226 1801 3276 et,
1830 3216 2011 3267 relicta
2036 3217 2244 3283 hydria,
2275 3215 2420 3282 cupi-

1346 3288 1569 3338 ditatem
1652 3287 1945 3337 secularem
2006 3303 2063 3337 se
2132 3286 2417 3353 reliquisse

1345 3364 1750 3420 demonstraret.
1813 3362 2036 3427 Proiecit
2084 3377 2209 3427 ergo
2262 3359 2419 3426 cupi-

1345 3433 1567 3483 ditatem
1622 3441 1675 3481 et
1734 3432 2035 3497 properavit
2098 3431 2420 3481 annuntiare

1345 3502 1639 3554 veritatem.
1663 3501 1883 3552 Discant
1914 3502 2009 3568 qui
2035 3503 2224 3552 volunt
2251 3516 2416 3551 evan·-

1346 3575 1589 3642 gelizare‚
1620 3585 1680 3625 ut
1721 3575 1870 3641 prius
1906 3574 2156 3642 hydriam
2199 3573 2264 3623 ad
2306 3587 2414 3638 pu-

1347 3658 1495 3697 teum
1528 3646 1843 3712 projiciant:
1866 3665 1893 3693 »
1921 3647 2032 3696 haec
2051 3643 2396 3711 Augustinus

1348 3721 1480 3770 Item
1509 3735 1573 3769 ex
1613 3734 1676 3769 eo
1720 3728 1861 3784 patet
1894 3718 2136 3769 mulieris
2169 3714 2381 3766 devo’tio
2402 3747 2418 3771 ,

1347 3790 1477 3856 quia
1499 3806 1610 3840 non
1638 3798 1849 3839 veretur
1866 3788 2014 3838 fateri
2055 3802 2208 3836 suam
2239 3785 2420 3851 turpi-

1349 3860 1612 3921 tudinem,
1659 3869 1720 3908 ut
1752 3873 1844 3909 eos
1869 3859 2097 3909 adducat
2120 3856 2184 3905 ad
2215 3855 2419 3907 Christi

1350 3930 1798 3997 praedicationem.
1864 3929 2018 3980 Unde
2079 3928 2417 3995 Chrysosto-
