2757 4413
332 374 426 425 DE
450 369 983 424 INCREPATIONE
1014 368 1105 419 ET
1134 365 1754 419 CONDEMNAT10NE
1779 365 1806 415 J
1812 364 2202 416 UDAEORUM.

180 491 229 542 in
253 490 338 541 die
349 487 554 556 judicii
575 501 732 553 quam
760 485 936 548 vobis,·
964 483 1091 551 quia
1117 483 1229 533 mi-

178 578 271 615 nus
322 562 621 627 punientur
684 575 848 626 quam
895 573 993 609 vos
1058 556 1227 607 Judaei

180 632 445 692 obstinati,
490 647 614 681 nam
652 629 834 680 minus
886 636 1232 695 peccaverunt

2289 364 2389 416 523

1332 482 1388 533 in
1421 482 1560 534 hanc
1598 482 1754 547 diem,
1783 483 1911 550 quia
1942 483 2195 534 fecissent
2219 483 2393 549 poeni-

1332 553 1576 618 tentiam,
1623 563 1685 604 ut
1737 554 1989 605 Ninivitae
2033 552 2290 617 fecerunt,
2328 554 2396 604 ad

1333 625 1484 675 Jonoe
1526 624 1981 691 praedicationem.
2030 623 2173 675 Dicit
2216 633 2395 675 autem

178 703 268 754 ini.
327 702 574 753 Gentiles
617 701 764 752 enim
811 715 985 766 neque
1036 698 1230 764 Legem
1324 697 1497 762 forte,
1532 712 1642 747 non
1683 698 1748 748 ad
1790 697 2155 748 denotandum
2192 697 2398 748 dubita-

178 775 419 840 scriptam
464 781 794 839 receperunt,
820 785 992 838 neque
1032 767 1232 835 praedi-

178 856 365 897 catores
404 845 735 904 habuerunt,
778 857 951 909 neque
979 839 1235 890 miracula

178 917 445 980 viderunt3
480 916 573 967 sed
599 925 807 966 tantum
834 914 1006 980 legem
1028 920 1230 962 naturae

178 986 485 1053 transgressi
516 995 661 1036 sunt.
685 983 852 1035 Judaei
877 998 1003 1034 vero
1032 980 1234 1032 doctri-

180 1074 292 1109 nam
345 1057 638 1108 audierunt
681 1066 733 1106 et
786 1055 1038 1106 miracula
1080 1053 1234 1104 vide-

179 1140 306 1192 runt,
332 1138 386 1178 et
421 1138 549 1194 post
581 1125 1057 1191 transgressionem
1098 1123 1232 1190 legis

179 1198 424 1249 naturalis
473 1206 526 1247 et
563 1196 793 1262 scriptae,
843 1195 1003 1246 etiam
1061 1195 1231 1259 legem

179 1271 360 1337 gratiae,
401 1280 459 1321 et
499 1269 652 1335 signa
688 1268 1154 1334 parvipenderunt,
1183 1275 1234 1316 et

179 1341 282 1392 ideo
352 1350 582 1408 propter
634 1338 1072 1405 ingratitudinem
1128 1352 1235 1402 pu-

176 1412 393 1474 nientur,
426 1412 523 1462 isti
564 1409 817 1470 severius,
840 1418 893 1460 et
928 1409 1007 1459 illi
1036 1406 1235 1458 remis-

178 1481 301 1546 sius;
347 1482 489 1550 quia
544 1480 758 1547 gravius
795 1489 875 1530 est
921 1478 1086 1529 fidem
1133 1492 1234 1527 au-

178 1553 327 1604 ditam
390 1554 685 1618 repellere,
740 1567 901 1617 quam
974 1549 1115 1601 mori
1176 1548 1233 1598 in

181 1624 504 1676 Gentilitate.
564 1623 631 1672 Et
697 1631 777 1672 est
840 1628 1234 1687 argumentum,

179 1695 306 1759 quod
364 1692 565 1744 ceteris
625 1691 863 1758 paribus,
913 1691 1083 1756 major
1136 1688 1238 1739 erit

179 1779 320 1830 poena
356 1762 822 1825 Christianorum,
859 1776 1022 1828 quam
1054 1758 1239 1809 infide·

179 1835 329 1899 lium;
368 1834 714 1893 clericorum,
757 1847 918 1899 quam
947 1830 1235 1891 laicorum;

181 1907 494 1971 sapientum,
526 1919 690 1971 quam
719 1902 1078 1969 simplicium;
1111 1915 1240 1966 prae-

180 1977 416 2038 latorum,
463 1992 629 2043 quam
674 1975 1033 2026 subditorum.
1063 1974 1236 2023 Nam:

184 2048 273 2099 Cui
316 2048 547 2099 multum
594 2047 844 2097 donatum
894 2051 989 2108 est,
1020 2042 1239 2094 multum

180 2126 439 2184 qua-retur
470 2118 539 2167 ab
581 2132 675 2181 eo;
718 2127 808 2167 et:
839 2116 1092 2167 Potentes
1133 2128 1239 2181 po-

181 2195 334 2241 tenter
363 2194 636 2242 tormenta
660 2189 959 2255 patientur,-
988 2197 1076 2238 et:
1102 2187 1239 2237 Ser-

181 2276 265 2311 vus
302 2263 487 2313 sciens
535 2260 857 2311 voluntatem
894 2257 1119 2310 Domini
1188 2263 1240 2307 et

181 2347 268 2383 non
292 2334 523 2399 faciens
551 2332 746 2399 plagis
794 2330 1071 2397 vapulabit
1096 2329 1238 2379 mul-

181 2403 256 2454 tis.
289 2404 504 2455 Deinde
532 2401 820 2468 separatim
847 2401 1128 2467 exprobrat
1155 2399 1238 2449 ci-

179 2474 311 2525 vitati
348 2474 758 2539 capharnaum,
788 2471 917 2538 quia
943 2470 1238 2521 districtius

179 2546 285 2598 aliis
325 2546 637 2612 judicanda,
697 2560 761 2595 eo
808 2544 955 2610 quod
1021 2543 1160 2593 bona
1207 2558 1239 2593 a

179 2618 400 2669 Domino
462 2627 731 2684 acceperat
768 2616 1062 2679 crebriora;
1107 2614 1236 2665 item

181 2693 292 2757 quia
317 2694 458 2743 duas
500 2691 630 2741 alias
654 2700 916 2757 arguerat,
961 2689 1238 2760 deqomis-

183 2764 317 2816 sione
391 2764 695 2831 poenitendi
757 2773 809 2814 et
876 2761 1202 2828 negligentia
1222 2798 1237 2822 ‚

184 2833 304 2885 hanc
333 2851 467 2887 vero
498 2835 566 2884 de
601 2844 913 2900 contemptu
960 2842 1012 2884 et
1044 2847 1239 2897 super-

183 2905 274 2957 bia.
314 2907 480 2958 Unde
526 2917 578 2956 et
603 2906 725 2957 aliis
757 2904 1119 2956 comminatus
1160 2913 1240 2955 est

183 2992 381 3041 poenam
425 2978 486 3028 in
531 2993 740 3044 genere,
785 2992 909 3027 cum
936 2975 1011 3026 ait
1048 2992 1063 3025 ι
1117 2975 1237 3036 Vae,·

181 3046 293 3098 huic
317 3059 505 3099 autem
543 3048 600 3096 in
655 3045 831 3112 specie
856 3045 1003 3112 quod
1030 3053 1244 3110 apparet

181 3122 289 3186 plus
338 3137 478 3172 esse.
517 3121 659 3172 Dicit
685 3124 812 3187 ergo
845 3136 859 3171 z
896 3121 975 3172 Et
1018 3127 1072 3171 tu
1125 3120 1241 3171 Ca-

176 3194 489 3259 pharnaum,
514 3195 784 3261 ponende,
818 3203 880 3245 ut
909 3208 1089 3259 supra,
1120 3208 1242 3243 con·

182 3266 339 3318 tinens
381 3284 484 3335 pro
525 3276 802 3331 contento;
852 3267 1108 3333 numquid
1150 3282 1240 3317 se-

182 3342 408 3393 cundum
467 3341 782 3407 opinionem
823 3350 970 3391 tuam
1003 3340 1239 3405 usquein

184 3412 357 3463 coelum
385 3410 776 3463 exaltaberis?
804 3410 971 3471 Quasi
998 3410 1236 3460 diceret:

183 3479 320 3546 Non;
352 3483 472 3533 imo
503 3492 719 3548 propter
751 3491 1029 3547 peccatum
1058 3495 1241 3545 super-

184 3549 273 3603 biae
317 3563 371 3603 et
406 3552 810 3618 ingratitudinis
861 3565 1023 3617 usque
1060 3550 1114 3600 in
1155 3550 1240 3600 in-

178 3622 381 3686 fernum
438 3625 739 3676 descendes.
787 3624 971 3674 Nam:
1027 3622 1132 3683 Qui
1182 3635 1240 3672 se

188 3698 405 3762 exaltat,
461 3696 845 3748 humiliabitur.
897 3697 970 3748 Et
1015 3695 1238 3747 subdit:

191 3770 319 3831 Quia
347 3771 399 3821 si
425 3771 476 3821 in
499 3769 770 3831 Sodomis,
801 3769 894 3836 qui
929 3780 1108 3821 tamen
1132 3767 1240 3819 fue-

190 3852 301 3892 runt
328 3841 582 3892 homines
620 3840 858 3906 pessimi,
889 3840 1066 3905 factoe
1091 3839 1241 3905 suis-

195 3917 295 3961 sent
334 3912 558 3963 virtutes
592 3926 717 3978 quae
750 3910 1055 3978 frequenter
1087 3911 1240 3963 factae

195 3991 307 4034 sunt
347 3982 407 4033 in
453 3993 523 4045 te,
545 3984 702 4049 forte
725 3982 1050 4050 mansissent„
1079 3996 1242 4047 usque

1334 768 1536 819 tionem
1564 784 1630 820 ex
1658 778 1804 834 parte
1837 783 1952 829 sua,
1995 769 2087 818 sed
2131 769 2197 820 ad
2220 769 2399 818 deno-

1334 839 1557 890 tandum
1580 839 1988 890 mutabilitatem
2008 839 2162 889 liberi
2190 838 2398 889 arbitrii

1336 927 1401 963 ex
1423 923 1569 979 parte
1588 912 1848 963 hominis.
1885 914 2252 963 Verumtamen
2278 912 2399 963 dico

1337 983 1504 1047 vobiS,
1548 983 1674 1050 quia
1726 990 1888 1035 terrae
1924 984 2279 1035 Sodomorum
2306 998 2400 1034 re-

1337 1053 1556 1104 missius
1606 1055 1712 1105 erit
1777 1054 1830 1105 in
1872 1055 1958 1105 die
1995 1054 2197 1122 judicii
2243 1068 2402 1121 quam

1338 1127 1452 1190 tibi,
1486 1127 1541 1177 id
1571 1137 1653 1177 est
1690 1126 1956 1178 minorem
1993 1142 2209 1192 poenam
2248 1125 2403 1179 susti-

1338 1198 1562 1258 nebunt,
1600 1197 1803 1249 ratione
1839 1197 2259 1261 incredulitatis;
2309 1196 2402 1247 sed

1338 1269 1597 1334 majorem
1656 1268 1863 1319 ratione
1914 1268 2247 1318 enormitatis
2292 1282 2408 1333 pec·

1338 1340 1441 1391 cati
1469 1350 1523 1390 et
1543 1338 1809 1391 criminis.

1401 1408 1435 1460 6
1468 1411 1610 1471 Qum
1642 1425 1966 1462 sturm-'reem-
1993 1424 2078 1461 ωε
2113 1426 2243 1461 ‘rm-:s
2268 1425 2407 1461 crvx-

1336 1499 1501 1534 ·russ
1563 1499 1762 1543 Qtsmus
1819 1499 2154 1534 rupaopsnn
2221 1482 2400 1537 Dour-

1337 1553 1472 1604 nus?
1507 1582 1568 1593 —
1597 1554 1698 1605 Per
1744 1554 1872 1604 istas
1909 1554 2147 1605 civitates
2209 1552 2409 1620 quibus

1340 1625 1592 1676 Christus
1648 1623 1957 1691 frequenter
2014 1624 2407 1692 praedicaverat,

1340 1706 1394 1747 et
1448 1697 1703 1746 miracula
1769 1696 1981 1757 fecerat,
2035 1694 2411 1762 significantur

1341 1769 1421 1820 illi
1450 1769 1544 1836 qui
1573 1768 1878 1836 frequenter
1923 1768 2152 1821 audiunt
2179 1767 2403 1818 verbum

1340 1839 1460 1900 Dei,
1515 1850 1568 1890 et
1617 1840 1799 1891 vident
1846 1841 2088 1906 exempla
2124 1838 2407 1896 virtutum,

1340 1919 1392 1960 et
1419 1918 1597 1960 tamen
1628 1909 1681 1960 in
1726 1909 1957 1976 peccatis
1987 1909 2102 1960 suis
2134 1909 2410 1958 obduran-

1339 1991 1429 2032 tur
1441 1998 1457 2045 ;
1489 1992 1707 2048 propter
1731 1981 1897 2047 quod,
1944 1980 2129 2031 ceteris
2169 1978 2407 2046 paribus,

1341 2053 1555 2118 gravius
1599 2053 1720 2104 aliis
1760 2052 2072 2119 punientur.
2101 2048 2410 2117 specialiter

1340 2132 1520 2174 autem
1567 2139 1663 2190 per
1708 2123 1806 2173 has
1854 2132 1961 2173 tres
2005 2120 2260 2181 civitates,
2283 2118 2410 2170 assi·

1341 2204 1575 2261 gnantur
1634 2192 1737 2245 tria
1795 2192 1853 2244 in
1900 2191 2236 2251 hominibus,
2288 2202 2409 2256 quae

1341 2266 1577 2316 maxime
1632 2274 1915 2330 aggravant
1970 2260 2409 2329 ingratitudinem

1341 2335 1400 2386 in
1442 2336 1544 2387 eis.
1602 2335 1843 2385 Primum
1889 2344 1986 2394 est,
2025 2334 2317 2384 litteratura
2358 2340 2414 2380 et

1341 2405 1615 2471 sapientia,
1654 2406 1798 2471 quod
1828 2419 1924 2470 per
1952 2402 2258 2470 Corozaim,
2284 2414 2407 2467 quae

1341 2479 1711 2543 interpretatur
1798 2482 2057 2527 secretum
2127 2473 2257 2525 mihi
2327 2472 2410 2524 vel

1341 2549 1657 2618 mysterium
1714 2562 1901 2598 meum.
1963 2546 2272 2598 Secundum
2332 2553 2413 2595 est

1341 2622 1489 2674 Ordo
1529 2622 1611 2672 vel
1650 2620 1910 2680 Praelatio,
1939 2619 2085 2686 quod
2115 2634 2208 2685 per
2235 2616 2407 2668 Beth—

1340 2694 1569 2758 saidam,
1619 2708 1741 2760 quae
1797 2691 2175 2758 interpretatur
2221 2688 2411 2740 domus

1334 2766 1598 2833 pecudum
1652 2776 1704 2816 et
1733 2765 1923 2816 domus
1961 2771 2292 2825 venatorum,
2316 2776 2412 2812 seu

1343 2838 1532 2888 domus
1561 2836 1796 2902 frugum
1809 2852 1830 2898 ,·
1861 2844 1988 2885 sunt
2030 2834 2177 2884 enim
2216 2833 2413 2883 domus

1343 2907 1565 2958 Domini
1613 2906 1922 2973 peculiares,
1952 2917 2004 2957 et
2032 2904 2301 2972 refugium
2330 2918 2414 2969 pe-

1343 2981 1562 3041 cudum,
1596 2980 1651 3030 id
1686 2989 1765 3029 est
1806 2979 2147 3030 subditorum
2177 2987 2230 3027 et
2268 2985 2413 3027 cete-

1344 3067 1549 3103 rorum.
1597 3050 1842 3101 Tertium
1885 3059 1965 3100 est
2011 3048 2218 3115 religio,
2264 3044 2412 3113 quod

1345 3138 1440 3188 per
1464 3121 1863 3188 Capharnaum,
1894 3136 2016 3186 quae
2036 3119 2414 3184 interpretatur

1343 3193 1476 3244 villa
1543 3192 1964 3259 pulchritudinis
2016 3205 2111 3241 seu
2164 3186 2413 3239 consola-

1346 3264 1523 3325 tionis,
1601 3263 1684 3313 vel
1734 3276 1874 3328 ager
1920 3259 2298 3329 pinguedinis,
2359 3265 2412 3307 et

1342 3335 1553 3387 utinam
1589 3333 1816 3384 interius
1862 3333 1999 3384 sicut
2041 3327 2307 3382 exterius!
2338 3327 2409 3378 Et

1344 3406 1433 3458 isti
1480 3405 1527 3456 si
1574 3403 1777 3455 inventi
1821 3403 2019 3454 fuerint
2056 3399 2409 3466 negligentes,

1342 3492 1437 3527 seu
1464 3485 1781 3543 peccatores,
1806 3484 1859 3525 et
1890 3472 2109 3524 Christo
2132 3471 2258 3521 Jesu
2284 3469 2412 3519 ino-

1345 3548 1639 3608 bedientes,
1686 3546 1879 3597 durius
1915 3560 2079 3611 quam
2128 3539 2284 3593 ceteri
2338 3553 2413 3589 re-

1342 3623 1671 3687 darguentur
1753 3629 1805 3669 et
1857 3616 2036 3668 acrius
2083 3611 2408 3680 punientur.

1342 3684 1440 3743 Vel
1500 3705 1595 3758 per
1664 3688 1953 3755 Corozaim
2039 3680 2408 3751 significantur

1344 3766 1507 3831 hujus
1559 3763 1722 3815 seculi
1754 3762 2050 3828 sapientes;
2100 3770 2193 3823 per
2243 3751 2412 3803 Beth-

1345 3837 1574 3897 saidam,
1618 3834 1843 3896 divites;
1894 3847 1987 3898 per
2038 3828 2412 3894 Capharnaum

1347 3906 1611 3968 carnales,
1647 3905 1742 3971 qui
1796 3900 2093 3971 specialiter
2133 3896 2411 3950 Christum

1346 3980 1636 4047 repellunt;
1698 3976 1845 4042 sicut*
1887 3974 1994 4025 illae
2038 3970 2277 4024 civitates
2331 3966 2412 4018 fe-
