2757 4413
231 285 308 339 DE
332 280 765 336 REVERSIONE
797 280 1043 334 APOST.
1062 280 1155 332 Ac
1183 276 1513 330 MISSIONE
1543 275 1732 329 LXXII
1764 274 2099 327 DISCIPUL.
2166 272 2270 340 527

129 405 240 473 pulos
251 417 377 463 suos,
398 411 459 453 ut
479 401 680 452 discant
703 415 909 460 omnes,
942 408 995 450 et
1009 415 1117 451 ma-

129 478 230 528 xime
249 475 330 542 qui
348 482 587 539 praesunt,
604 473 749 540 quod
764 471 858 539 qui
877 470 1117 522 laborant

128 550 168 598 in
190 562 316 613 opere
346 556 395 598 et
436 560 681 597 sermone
712 543 950 611 requiem
990 558 1117 609 pro-

129 628 350 670 merentur.
371 617 470 668 Per
490 617 591 668 hoc
611 615 773 666 etiam
798 614 1115 674 ostenditur,

127 690 227 755 quod
271 688 638 754 praedicatores,
685 694 807 752 post
857 683 1116 751 praedica-

128 760 239 809 tionis
270 760 575 819 discursum,
617 756 793 809 redire
831 756 1024 806 debent
1048 754 1114 806 ad

126 829 517 894 contemplationis
545 837 808 879 secretum
831 842 847 890 ;
879 834 931 876 et
958 841 1117 892 opera

126 914 190 951 sua
207 915 355 950 coram
380 900 491 950 Deo
516 898 782 949 discutere
804 905 856 947 et
884 895 1116 962 diligen-

124 981 178 1020 ter
207 970 497 1030 examinare,
532 978 593 1019 ut
620 968 688 1019 de
718 967 876 1018 bonis
917 965 1112 1033 gratias

126 1052 236 1108 agant
259 1052 301 1093 et
335 1045 397 1092 de
436 1040 732 1092 defectibus
766 1039 975 1091 veniam
1014 1053 1114 1105 pe-

128 1123 217 1163 tant.
266 1113 621 1163 Admonemur
666 1110 847 1177 itaque
904 1109 994 1161 hic
1055 1109 1113 1160 in

127 1182 283 1235 Domini
344 1184 492 1235 factis
510 1221 526 1245 ,
585 1191 649 1234 ut
714 1181 1000 1248 aliquando
1048 1181 1115 1231 ab

124 1254 275 1305 actione
294 1254 627 1321 quiescamus
664 1260 717 1302 et
747 1251 814 1302 ad
852 1260 1113 1302 secretum

127 1325 521 1390 contemplationis
577 1333 938 1384 transeamus,
987 1320 1116 1388 quia

125 1392 162 1443 in
195 1396 366 1446 actione
410 1393 665 1447 exteriori
708 1393 941 1460 spatium
980 1408 1115 1443 con-

126 1467 340 1531 templandi
366 1483 472 1518 non
504 1466 785 1516 habemus.
810 1465 945 1525 Quae
976 1480 1113 1516 con-

127 1540 329 1606 templatio
347 1551 480 1593 recte
495 1540 590 1592 hic
608 1539 876 1591 desertum
893 1539 1111 1600 dicitur,

128 1610 212 1674 quia
242 1628 267 1663 a
300 1613 479 1664 multis
504 1612 768 1663 deseritur
800 1620 853 1661 et
882 1625 913 1661 a
931 1609 1113 1676 paucis

128 1679 383 1734 inhabitatur
402 1722 419 1749 ‚
468 1683 531 1734 in
585 1697 693 1749 qua
741 1682 1114 1748 requiescimus

126 1753 323 1818 pusillum,
349 1754 474 1821 quia
495 1768 596 1820 pro
624 1762 807 1803 nostra
832 1751 1113 1820 fragilitate

128 1838 199 1874 non
247 1825 327 1877 diu
379 1825 576 1877 divinae
629 1823 826 1876 visioni
875 1824 1113 1875 valemus

127 1895 333 1961 inhaerere,
376 1915 472 1950 nec
507 1914 607 1965 pro
634 1896 944 1949 necessitate
983 1912 1113 1964 pro-

126 1967 213 2018 ximi
224 1970 345 2022 illius
367 1986 555 2023 curam
573 1969 668 2020 diu
692 1969 1112 2035 proetermittere.

128 2037 263 2091 Taoeas
282 2058 396 2109 ergo
422 2042 490 2093 ad
533 2050 745 2107 tempus
777 2055 808 2091 a
835 2040 1125 2106 proximo-.

129 2122 205 2160 rum
230 2111 571 2173 aedificatione,
601 2121 662 2163 ut
684 2112 915 2176 {tacendo
943 2111 1115 2163 discas

129 2183 289 2246 qualiter
311 2201 401 2238 suo
430 2197 678 2253 tempore
704 2184 906 2236 utiliter
932 2184 1112 2251 eloqui

129 2253 271 2318 valeas5
295 2258 527 2324 rogando
553 2266 732 2307 tamen
761 2256 935 2306 Deum
967 2254 1112 2321 quod

128 2335 189 2386 per
242 2327 457 2393 seipsum
540 2328 781 2393 suppleat
864 2325 1115 2377 cordibus

127 2391 435 2463 proximorum,
456 2399 688 2451 interius
706 2414 766 2449 ea
781 2397 1112 2464 inspirando,

127 2476 147 2512 a
170 2467 323 2530 quibus
349 2470 569 2522 interim
610 2479 662 2521 te
695 2467 977 2529 abstineas,
1003 2467 1115 2528 lin-

127 2547 235 2597 guam
288 2555 372 2605 per
438 2540 718 2593 silentium
793 2538 1112 2590 edomando.

128 2602 229 2657 Unde
270 2611 563 2677 Gregorius
597 2628 618 2662 .-
660 2628 689 2658 α
739 2609 909 2661 Nemo
960 2609 1116 2660 debet

128 2688 280 2755 propter
318 2683 817 2750 contemplationem
857 2681 954 2733 Dei
992 2697 1115 2732 om-

128 2761 217 2824 nino
246 2764 544 2820 postponere
584 2753 945 2805 necessitatem
988 2769 1116 2820 pro·

127 2819 214 2868 nmi
246 2859 258 2881 ‚
319 2840 410 2875 nec
469 2833 685 2891 propter
745 2824 1115 2875 necessitatem

128 2889 419 2948 proximorum
467 2905 812 2946 contemnere
866 2903 1116 2946 contem-

126 2957 346 3036 plationem
378 2967 498 3019 Dei.
529 2966 673 3028 Quid
702 2967 850 3019 enim
879 2968 1112 3034 prodest,

126 3040 155 3075 ⁵1
191 3046 390 3089 amantes
433 3038 791 3104 nosmetipsos
840 3039 1116 3106 relinqua-

128 3112 209 3154 mus
244 3110 498 3172 proximos
532 3110 554 3161 ἰ
608 3111 706 3162 Vel
750 3110 883 3177 quid
927 3126 1117 3163 rursus

129 3175 295 3239 Prodest,
356 3181 401 3232 si
448 3190 689 3233 amantes
739 3182 823 3233 vel
885 3182 1115 3234 zelantes

129 3245 332 3353 P10¹i>1n0s
409 3252 776 3320 relinquamus
810 3273 817 3280 ·
849 3254 1115 3306 nosmeti—

132 3325 238 3373 PSOS.
266 3339 291 3367 n

166 3402 187 3435 2
232 3391 439 3448 Erectio
496 3413 641 3450 Lxxxx
696 3414 1080 3452 mscxrumnuu
1097 3437 1112 3461 ,

132 3468 186 3510 Qm
206 3475 340 3517 mxx
363 3484 469 3519 nrm
497 3485 565 3519 an
593 3484 978 3522 rna-:mcxunuu
1003 3485 1117 3521 urr-

132 3534 295 3587 unnun.
315 3566 371 3576 —-
390 3540 456 3590 Et
468 3540 730 3606 post-hoec
753 3542 1013 3594 Dominus
1030 3542 1117 3594 Je-

136 3602 482 3674 ’Me-signavit,
516 3610 571 3660 id
596 3620 675 3661 est
709 3611 982 3678 signanter
1004 3613 1116 3664 ele-

137 3676 238 3727 Sll‘et
266 3676 324 3726 ab
352 3678 471 3730 aliis
499 3678 760 3743 distinxit,
789 3698 849 3733 ac
880 3681 1117 3734 instituit

139 3743 397 3810 'tringinta
443 3749 581 3801 duos
619 3749 914 3817 discipulos
954 3752 1112 3817 alios,

142 3818 262 3866 preter
288 3818 562 3874 duodecim
600 3824 919 3890 praedictos,
947 3824 1117 3877 insi-

144 3889 245 3939 gnum
280 3894 415 3957 quod
457 3904 577 3962 post
625 3896 830 3952 Christi
876 3913 1115 3958 resurre-

1208 397 1443 449 ctionem
1474 407 1527 448 et
1564 397 1928 448 ascensionem
1957 396 2014 446 in
2053 396 2268 457 coelum,

1207 469 1341 521 fides
1381 468 1585 522 Christi
1625 468 1954 535 praedicanda
1980 476 2090 518 erat
2118 468 2270 518 Gen-—

1206 543 1369 605 tibus,
1408 542 1743 609 septuaginta
1784 542 2012 592 duarum
2054 540 2270 606 lingua·—

1209 630 1359 679 rum;
1388 614 1528 664 sicut
1553 624 1676 664 ante
1698 612 1978 664 duodecim
1998 611 2267 672 tribubus,

1207 684 1501 735 secundum
1541 699 1827 734 numerum
1864 683 2265 749 Apostolorum.

1212 756 1390 807 Prima'
1412 771 1536 822 ergo
1567 755 1749 822 lingua
1774 756 1914 806 inter
1942 769 2132 805 omnes
2158 761 2271 804 erat

1210 826 1483 887 Hebraica,
1531 841 1655 893 quae
1725 835 1908 892 postea
1952 825 2006 875 in
2049 832 2269 890 septua-

1206 898 1355 965 ginta
1419 898 1554 948 duas
1606 896 1712 948 fuit
1764 897 1953 947 divisa.
2004 896 2071 947 Et
2129 895 2268 947 sicut

1206 967 1451 1035 Apostoli
1517 967 1748 1018 formam
1832 966 2268 1018 demonstrabant

1205 1038 1612 1105 Episcoporum,
1651 1037 1706 1088 id
1742 1046 1823 1089 est
1859 1037 2022 1104 primi
2058 1036 2269 1088 ordinis

1204 1121 1256 1163 et
1279 1112 1542 1177 majorum
1588 1110 1951 1175 sacerdotum3
1982 1109 2059 1160 sic
2091 1119 2144 1161 et
2175 1109 2267 1160 isti

1204 1183 1434 1252 figuram
1465 1184 1717 1251 gerebant
1735 1184 2188 1250 presbyterorum,
2211 1181 2266 1231 id

1206 1267 1286 1308 est
1306 1255 1523 1308 secundi
1546 1255 1767 1316 ordinis,
1799 1265 1852 1306 et
1877 1254 2148 1305 minorum
2175 1267 2267 1303 sa-

1204 1328 1498 1389 cerdotum,
1526 1326 1728 1377 scilicet
1746 1335 2068 1377 curatorum.
2085 1325 2145 1374 In
2165 1322 2268 1388 pri·

1206 1397 1313 1449 mis
1356 1407 1539 1449 tamen
1590 1396 1841 1447 Ecclesioe
1889 1394 2227 1462 temporibus
2247 1430 2263 1454 ,

1205 1471 1423 1537 utrique
1441 1469 1752 1537 presbyteri,
1769 1468 1983 1535 utrique
2002 1466 2266 1519 vocaban-

1203 1540 1578 1608 turEpiscopi.
1601 1539 1707 1600 Qui
1747 1555 1873 1601 ergo
1958 1540 2054 1588 Fr·
2078 1557 2118 1585 s·

1205 1621 1332 1664 sunt
1358 1625 1692 1663 successores
1714 1610 2114 1676 Apostoiorum‚
2145 1625 2266 1661 meo

1204 1684 1250 1735 si
1303 1682 1538 1749 gaudent
1582 1682 1648 1731 de
1695 1681 1987 1748 apostolico
2042 1682 2264 1742 honore,

1204 1756 1402 1807 debent
1433 1755 1511 1807 eis
1559 1754 1766 1807 similes
1816 1770 1930 1806 esse
1972 1755 2030 1805 in
2068 1755 2265 1806 labore.

1205 1830 1554 1898 Septuaginta
1581 1844 1798 1897 quoque
1838 1839 2173 1895 consurgunt
2205 1845 2270 1881 ex

1205 1902 1369 1953 ductu
1392 1901 1596 1953 denarii
1618 1917 1712 1968 per
1738 1900 2121 1967 septenarium,
2146 1901 2267 1952 ideo

1203 1971 1513 2038 significant
1564 1970 1935 2037 impletionem
1991 1972 2266 2038 decalogi,

1205 2061 1329 2096 cum
1358 2054 1563 2111 septem
1600 2045 1761 2095 donis
1785 2044 2018 2111 Spiritus
2045 2044 2265 2108 Sancti;

1204 2129 1298 2180 per
1354 2113 1624 2164 binarium
1678 2128 1803 2164 vero
1843 2112 2266 2179 superadditum,

1205 2186 1534 2254 significatur
1571 2187 1803 2238 maxime
1829 2186 2043 2253 gemina
2080 2186 2270 2238 caritas

1204 2257 1409 2309 scilicet
1434 2258 1532 2309 Dei
1557 2267 1610 2308 et
1639 2257 1870 2324 proximi
1894 2274 1908 2307 ε
1929 2271 2052 2324 quae
2087 2256 2269 2308 omnia

1205 2328 1402 2378 debent
1419 2342 1534 2378 esse
1557 2327 1614 2378 in
1642 2327 2074 2392 praedicatoribus
2098 2326 2271 2375 Evan-

1206 2398 1350 2464 gelii.
1370 2398 1451 2449 Et
1477 2397 1625 2448 misit
1641 2397 1766 2448 illos
1793 2398 1958 2459 ὸίηοε,
1991 2397 2067 2446 sic
2085 2396 2265 2458 etiam,

1206 2467 1504 2519 secundum
1548 2467 1853 2533 origenem,
1900 2476 1951 2517 et
1982 2465 2266 2516 duodecim

1206 2538 1320 2589 bini
1348 2549 1402 2590 et
1425 2537 1540 2589 bini
1570 2537 1834 2588 numerati
1863 2535 2097 2597 fuerunt,
2126 2546 2186 2587 ut
2207 2537 2267 2588 in

1205 2627 1392 2663 eorum
1427 2612 1664 2678 catalogo
1707 2611 1992 2662 Matthaeus
2019 2610 2266 2663 ostendit.

1205 2683 1368 2736 Misit
1408 2694 1589 2736 autem
1625 2685 1775 2736 binos
1816 2695 2032 2750 propter
2062 2692 2268 2750 septem

1206 2757 1474 2810 rationes:
1507 2757 1700 2825 primo,
1743 2767 1959 2825 propter
1995 2758 2131 2808 duos
2167 2773 2270 2824 po-

1207 2828 1364 2894 pulos
1397 2829 1797 2890 convertendos,
1827 2828 2134 2879 Judaeorum
2159 2828 2271 2879 sci-

1206 2899 1329 2951 licet
1356 2909 1409 2950 et
1435 2899 1726 2962 Gentium;
1754 2898 2008 2958 secundo,
2054 2907 2271 2965 propter

1207 2971 1432 3022 salutem
1469 2969 1738 3036 duplicem
1775 2969 2114 3035 operandam,
2143 2985 2270 3020 cor-

1206 3041 1353 3108 poris
1414 3040 1613 3092 scilicet
1675 3050 1729 3092 et
1780 3040 1973 3091 animae
2002 3056 2018 3104 ;
2074 3040 2230 3091 tertio
2252 3077 2269 3102 ,

1208 3122 1424 3182 propter
1469 3114 1665 3180 duplex
1722 3114 2035 3165 mandatum
2075 3113 2273 3164 carita-

1206 3186 1291 3250 tis,
1339 3184 1541 3237 scilicet
1583 3184 1682 3236 Dei
1724 3195 1780 3236 et
1829 3183 2087 3252 proximi,
2147 3197 2270 3251 quae

1206 3255 1364 3306 debet
1384 3270 1501 3306 esse
1519 3253 1575 3305 in
1597 3255 1939 3321 praedicatore
1956 3254 2234 3321 Evangelii
2251 3269 2271 3319 3

1207 3336 1419 3393 quarte,
1447 3334 1663 3392 propter
1689 3325 1960 3392 geminam
1993 3324 2275 3392 perfectio·

1209 3412 1352 3457 nem,
1385 3395 1588 3447 scilicet
1614 3395 1737 3447 vitae
1766 3405 1819 3446 et
1853 3395 2090 3447 scientiae
2127 3410 2273 3462 proe-

1206 3466 1428 3536 dicatori
1478 3467 1860 3531 necessariam3
1906 3467 2099 3533 quinto
2140 3482 2274 3533 pro-

1206 3547 1323 3606 pter
1388 3549 1631 3589 mutuam
1696 3538 2153 3589 conservationem
2220 3545 2274 3586 et

1206 3611 1549 3663 securitatem
1578 3611 1850 3673 custodioe‚
1880 3620 1941 3662 ut
1969 3625 2112 3661 unus
2133 3616 2274 3659 esset

1205 3691 1386 3733 custos
1413 3681 1666 3734 castitatis
1692 3682 1911 3733 alterius
1935 3691 1988 3731 et
2006 3681 2272 3731 bonorum

1206 3762 1540 3819 ceterorum}
1571 3764 1739 3817 sexto,
1779 3763 1992 3821 propter
2027 3761 2272 3801 mutuam
2339 3787 2348 3796 .

1207 3825 1628 3878 consolationem
1677 3837 1729 3878 et
1763 3823 2078 3877 societatis·
2115 3837 2273 3873 emo·

1207 3899 1549 3966 Iumentum3
1592 3900 1841 3968 septimo,
1877 3906 2092 3965 propter
2134 3912 2271 3948 con-
