2757 4413
325 236 432 304 498

325 371 426 407 vus
453 369 562 405 non
583 351 718 403 erit?
735 351 856 401 Non
877 350 1020 401 enim
1039 350 1134 416 qui
1152 349 1396 417 coeperit3

327 429 420 480 sed
475 426 566 494 qui
604 423 1062 492 perseveraverit,
1090 423 1176 475 hic
1215 423 1400 475 salvus

334 502 456 552 erit.
1262 529 1267 538 -

393 569 427 621 8
463 570 730 630 Qum-run
759 583 1197 619 mmmmm-run:
1231 582 1403 618 srvi„-

331 658 400 694 TA
423 656 774 692 connum-rm
816 655 868 690 n«
903 654 1144 689 morans
1170 653 1399 689 vmmus.

331 743 392 754 -
442 714 705 773 Quartum
796 711 1245 778 impedimentum
1325 719 1405 760 est

332 785 656 838 confidentia
700 784 878 835 stultae
914 783 1240 844 securitatis,
1274 784 1406 833 dum

335 857 460 926 quis
501 855 723 907 confidit
762 855 821 905 in
867 854 1145 905 securitate
1188 869 1408 905 suarum

337 928 536 981 virium
573 926 654 976 vel
691 925 1027 986 meritorum,
1061 923 1261 991 quibus
1291 923 1411 974 vio-

335 1002 509 1053 lenter
535 999 702 1049 credit
723 997 932 1048 coeleste
957 1013 1183 1064 regnum
1206 996 1415 1048 obtine-

341 1088 417 1133 re,
449 1081 502 1122 et
541 1085 606 1120 ex
642 1069 849 1120 meritis
877 1069 1066 1119 salvari
1108 1071 1272 1135 juste3
1320 1067 1414 1117 sed

342 1144 472 1211 quia
496 1159 604 1192 non
634 1151 826 1208 potest,
852 1157 976 1192 cum
1004 1142 1183 1192 nullus
1208 1138 1417 1190 meritis

343 1217 460 1269 suis
496 1216 561 1266 ad
609 1215 836 1282 gloriam
879 1214 1177 1280 pertingere
1226 1211 1416 1279 possit,

346 1287 454 1340 nisi
481 1285 650 1337 severi
675 1285 880 1336 Judicis
914 1285 1177 1335 sententia
1209 1293 1419 1349 tempe-

346 1368 491 1410 retur
542 1372 634 1423 per
666 1355 1146 1416 emisericordiam,
1207 1368 1421 1405 necesse

348 1439 430 1480 est
456 1438 516 1479 ut
545 1427 876 1494 praemittens
908 1426 1231 1491 legationem
1263 1425 1423 1490 lacry-

351 1513 564 1549 marum
601 1507 654 1548 et
693 1512 920 1562 operum
950 1496 1237 1555 bonorum,
1264 1499 1425 1560 roget

352 1585 416 1622 ea
443 1584 564 1636 quae
589 1568 749 1636 pacis
777 1574 902 1619 sunt
927 1577 980 1618 et
1005 1568 1072 1617 ad
1091 1583 1272 1633 pacem
1300 1565 1426 1617 ani-

359 1656 462 1692 mae
511 1638 805 1706 pertinent;
854 1638 911 1687 in
955 1647 1242 1703 conspectu
1277 1636 1426 1687 enim

355 1714 471 1780 ejus
498 1711 678 1763 omnis
696 1711 863 1760 homo
888 1708 1229 1777 imperfectus
1263 1719 1346 1760 est
1376 1717 1431 1759 et

359 1784 545 1835 nullus
588 1783 779 1848 justus.
823 1781 888 1830 Et
929 1780 1034 1830 hoc
1077 1780 1312 1831 ostendit
1338 1794 1432 1844 per

358 1853 776 1907 similitudinem
798 1853 865 1903 de
899 1869 1023 1919 rege
1042 1854 1253 1904 volente
1287 1867 1434 1904 com-

361 1926 573 1977 mittere
613 1923 801 1974 bellum
842 1923 1313 1973 adversus-alium
1341 1936 1436 1973 re-

363 2011 506 2064 gem,
519 1993 634 2061 qui,
656 2009 779 2044 cum
800 2009 910 2044 non
927 1993 1107 2060 possit
1123 2009 1240 2045 cum
1260 1994 1436 2044 decem

366 2071 603 2122 millibus
667 2083 950 2119 occurrere
1004 2068 1242 2120 venienti
1312 2084 1439 2119 cum

369 2139 563 2208 viginti
609 2139 871 2199 millibuS,
919 2139 1112 2205 quaerit
1152 2155 1352 2205 pacem.
1384 2139 1439 2190 Si

369 2232 463 2268 rex
512 2230 543 2265 a
595 2229 718 2280 rege
761 2221 944 2280 pacem
988 2213 1211 2279 quaerit,
1269 2214 1442 2264 multo

372 2288 549 2353 magis
566 2302 665 2337 nos
693 2285 939 2337 infirmos
962 2302 1085 2337 cum
1114 2286 1226 2337 Deo
1254 2301 1442 2352 pacem

365 2360 566 2411 habere
590 2357 855 2423 congruit.
884 2357 984 2408 Hic
1011 2357 1214 2423 quippe
1248 2356 1445 2423 accipi-

371 2444 460 2483 tur
518 2445 649 2494 rex,
709 2429 1023 2496 quicunque
1067 2430 1184 2481 vult
1230 2428 1445 2496 aggredi

376 2515 575 2558 statum
592 2502 953 2569 perfectionis,
972 2502 1099 2569 quia
1126 2503 1283 2553 debet
1311 2503 1449 2553 bene

377 2590 559 2642 regere
620 2572 957 2639 operationes
1001 2582 1053 2623 et
1101 2572 1449 2639 cogitationes

379 2662 503 2697 suas
530 2660 827 2710 omnesque
850 2659 1041 2694 sensus
1070 2659 1198 2693 suos
1221 2644 1451 2694 interio-

383 2730 469 2766 res
500 2723 552 2764 et
580 2713 900 2775 exteriores3
929 2720 982 2761 et
1009 2712 1174 2762 habet
1199 2712 1454 2762 commit-

383 2798 495 2838 tere
523 2787 725 2836 bellum
757 2786 823 2836 ad
855 2784 1174 2851 rapiendum
1202 2784 1307 2836 sibi
1343 2800 1455 2835 coe-

381 2861 515 2911 leste
536 2873 782 2924 regnum,
802 2857 930 2924 quia
956 2871 1181 2922 regnum
1205 2857 1458 2908 coelorum

387 2930 492 2982 vim
506 2928 734 2995 patitur,
756 2933 808 2977 et
825 2928 1042 2979 violenti
1059 2928 1280 2993 rapiunt
1305 2927 1459 2978 illud.

389 2999 605 3066 Aliquis
645 3009 826 3049 autem
874 2997 1070 3049 dicitur
1112 2998 1268 3065 quasi
1317 3013 1464 3050 com-

390 3070 600 3123 mittere
649 3069 837 3120 bellum
884 3084 1008 3119 cum
1061 3070 1206 3131 De0,
1248 3070 1465 3137 quando

394 3139 616 3192 confidit
647 3155 705 3190 se
730 3156 796 3190 ex
828 3139 1037 3191 meritis
1076 3139 1268 3191 debere
1303 3140 1370 3191 ab
1402 3156 1466 3191 eo

393 3210 605 3263 salvari.
629 3210 733 3261 Sed
760 3210 913 3276 quasi
961 3225 1078 3261 cum
1110 3211 1286 3261 decem
1314 3210 1474 3261 milli·

395 3283 493 3333 bus
518 3281 631 3331 Deo
650 3281 903 3340 occurrit,
931 3280 1026 3347 qui
1052 3281 1208 3331 offert
1237 3296 1398 3348 opera
1418 3291 1472 3332 et

393 3351 788 3403 observantiam
845 3351 1027 3401 decem
1094 3352 1470 3402 mandatorum

394 3437 518 3490 quae
541 3422 777 3473 exterius
805 3420 988 3487 gessit,
1033 3422 1180 3473 Deus
1202 3437 1329 3472 vero
1359 3424 1473 3472 Rex

396 3492 628 3546 coelestis
656 3491 926 3558 duplicem
951 3492 1340 3544 observantiam
1370 3491 1479 3543 exi-

401 3563 484 3631 git
527 3562 596 3614 ab
638 3578 720 3623 eo,
755 3562 993 3613 scilicet:
1022 3563 1397 3614 mandatorum
1426 3572 1479 3615 et

404 3635 778 3696 consiliorum,
804 3636 934 3702 quia
951 3636 1126 3702 prima
1145 3651 1255 3687 non
1279 3636 1483 3688 sufficit

405 3707 472 3757 ad
491 3705 833 3772 perfectionis
852 3715 1051 3757 statum
1074 3706 1480 3773 acquirendum.

407 3777 527 3838 Vel,
584 3777 882 3828 secundum
941 3777 1289 3843 Gregorium,
1336 3778 1483 3829 Deus

411 3849 527 3901 Rex
541 3849 695 3917 quasi
713 3866 837 3903 cum
858 3850 1025 3918 duplo
1050 3849 1282 3904 exercitu
1300 3860 1484 3905 contra

1002 234 1240 284 PRIMAE
1276 232 1525 284 PARTIS
1556 233 1690 284 CAP
1707 233 1805 285 UT
1837 234 1972 286 LIV.

1506 350 1763 417 simplum
1781 351 1945 413 venit,
1970 352 2098 419 quia
2124 371 2240 416 nos,
2266 356 2358 407 vix
2379 356 2437 406 in
2459 359 2586 409 solo

1505 437 1664 488 opere
1704 432 2045 488 praeparatOS,
2092 425 2256 476 simul
2306 428 2371 477 de
2416 444 2590 494 opere

1507 502 1560 543 et
1608 493 1931 558 cogitatione
1983 495 2225 559 discutit;
2298 499 2381 548 vel
2451 500 2591 565 quia

1509 563 1680 613 multo
1704 563 1857 628 plura
1884 579 1941 614 se
1961 581 2057 630 pro
2078 566 2237 617 nobis
2257 568 2595 620 sustinuisse

1510 636 1777 701 allegabit.
1825 637 2102 689 Mittamus
2146 655 2272 706 ergo
2326 643 2392 692 ad
2455 658 2593 693 eum

1512 708 1670 758 nobis
1696 711 2011 775 placandum
2042 712 2379 778 legationem,
2411 731 2600 766 assen-

1513 781 1696 831 tiendo
1715 781 1764 832 ei
1779 782 1835 833 in
1853 784 2191 836 observantia
2207 787 2597 853 consiliorum;

1515 853 1599 902 vel
1638 852 1908 903 offerendo
1955 854 2004 905 ei
2056 871 2280 907 munera
2323 859 2603 926 lacryma-

1518 939 1669 984 rum,
1710 924 2016 974 orationum
2034 963 2047 986 ,
2086 936 2139 976 et
2169 928 2434 979 bonorum
2461 946 2608 996 ope-

1521 1009 1662 1044 rum.
1708 994 1859 1044 Sicut
1900 1010 2027 1061 ergo
2074 998 2465 1062 praemeditatio
2518 1010 2608 1051 est

1525 1067 1820 1117 necessaria
1841 1068 1904 1117 ad
1927 1070 2215 1119 cavendam
2245 1071 2607 1123 inimicorum

1524 1137 1851 1198 irrisionem,
1882 1139 1955 1189 ita
1982 1149 2063 1190 est
2087 1143 2380 1192 necessaria
2405 1144 2471 1192 ad
2503 1144 2613 1194 im-

1523 1210 1838 1276 petrandam
1892 1212 2096 1263 Judicis
2153 1213 2609 1268 misericordiam.

1527 1280 1683 1332 Unde
1708 1280 1825 1331 haec
1846 1281 2146 1334 similitudo
2168 1285 2351 1335 eadem
2373 1295 2451 1336 est
2479 1301 2613 1352 quae

1527 1366 1581 1405 et
1635 1354 1905 1418 superior;
1957 1355 2093 1406 nihil
2140 1358 2288 1407 enirn
2330 1359 2477 1408 aliud
2516 1360 2614 1410 his

1528 1425 1705 1476 verbis
1722 1425 2091 1490 admonemur,
2109 1427 2213 1478 nisi
2232 1440 2293 1479 ut
2305 1431 2445 1480 ultra
2463 1430 2617 1482 vires

1532 1509 1742 1551 nostras
1765 1514 1866 1548 nos
1895 1514 2006 1549 non
2035 1503 2403 1552 extendamuS.

1596 1587 1629 1639 9
1651 1571 1909 1630 Qumrmt
1928 1588 2328 1626 meantum-unt
2351 1592 2364 1625 :
2389 1591 2622 1626 mvrru·

1536 1658 1649 1693 nun
1677 1659 1837 1694 mon.
1862 1672 1925 1682 —
1949 1645 2212 1704 Quintum
2241 1647 2618 1714 impedimen-

1536 1724 1652 1764 tum
1690 1724 1773 1764 est
1806 1729 1958 1765 amor
1984 1716 2301 1768 substantiae
2333 1728 2622 1785 tempora-

1537 1785 1624 1848 lis,
1634 1785 1728 1851 qui
1744 1787 1979 1836 multum
1992 1786 2217 1852 impedit
2232 1789 2625 1854 perfectionem

1540 1866 1593 1905 et
1604 1856 1878 1921 sequelam
1900 1855 2123 1907 Christi.
2147 1858 2302 1909 Unde
2320 1860 2623 1926 subjungit,

1543 1924 1781 1976 inferens
1803 1940 1869 1976 ex
1896 1925 2346 1979 similitudinibus
2381 1931 2631 1995 praemis-

1544 1995 1621 2044 sis
1646 2011 1659 2044 ε
1687 1994 1777 2044 Sic
1804 2011 1930 2062 ergo
1950 1997 2122 2047 omnis
2140 2012 2215 2048 ex
2233 1999 2382 2050 vobis
2402 2001 2494 2066 qui
2514 2015 2626 2053 non

1545 2068 1817 2118 renuntiat
1833 2068 2073 2120 omnibus
2093 2084 2214 2135 quae
2235 2072 2495 2136 possidet,
2518 2088 2628 2125 non

1542 2143 1723 2204 potest
1767 2152 1914 2188 meus
1964 2152 2081 2189 esse
2124 2140 2446 2208 discipulus,
2496 2144 2633 2210 quia

1550 2224 1663 2260 non
1711 2217 1886 2275 potest
1927 2209 2158 2276 quisque
2186 2212 2297 2261 Deo
2326 2214 2525 2263 servire
2554 2215 2635 2265 si·

1551 2284 1667 2336 mul
1712 2293 1765 2334 et
1815 2284 2021 2334 mundo
2034 2300 2049 2347 ;
2105 2295 2412 2351 propterea,
2452 2296 2517 2337 ut
2551 2289 2637 2341 ait

1551 2358 1811 2423 Prosper,
1842 2353 2015 2405 voluit
2044 2355 2187 2405 Deus
2228 2357 2459 2408 cultores
2503 2374 2637 2410 suos

1552 2426 1806 2478 omnibus
1820 2424 2141 2486 renuntiare,
2155 2436 2232 2486 ut,
2254 2429 2466 2479 exclusa
2481 2445 2641 2480 mun·

1554 2498 1609 2548 di
1638 2495 1948 2562 cupiditate,
1987 2496 2168 2547 divina
2214 2498 2272 2547 in
2319 2499 2397 2549 eis
2442 2500 2643 2552 caritas

1557 2567 1730 2634 possit
1755 2565 1937 2631 augeri
1957 2576 2008 2616 et
2026 2567 2233 2633 perfici.
2257 2568 2427 2626 {Unde
2449 2573 2646 2636 Augu-

1558 2638 1732 2689 stinus
1748 2654 1764 2688 .·
1780 2654 1809 2683 «
1824 2636 1981 2687 Disce
1998 2638 2336 2704 nondiligere
2347 2641 2644 2702 mundum,

1560 2718 1621 2759 ut
1665 2707 1837 2757 discas
1902 2707 2125 2773 diligere
2174 2709 2345 2759 Deum
2379 2726 2394 2772 ;
2452 2710 2650 2773 funde,

1562 2779 1911 2846 ut31mp1earis
1922 2796 1937 2844 ;
1952 2791 2145 2845 averte,
2170 2793 2230 2832 ut
2249 2785 2597 2837 convertaris.
2616 2806 2648 2835 n

1566 2852 1791 2906 Dilectio
1811 2869 1937 2920 ergo
1958 2854 2354 2920 temporalium,
2382 2872 2491 2906 non
2524 2872 2654 2923 pos·

1568 2927 1755 2985 sessi0,
1791 2925 1881 2977 hic
1918 2926 2367 2992 reprehenditur;
2402 2927 2548 2994 quia,
2585 2941 2656 2981 ut

1570 2999 1703 3049 dicit
1729 2998 1875 3047 idem
1900 2998 2259 3064 Augustinus)
2286 3015 2396 3049 non
2426 2999 2658 3051 damnat

1573 3072 1716 3121 Deus
1751 3068 1996 3129 divitiaS,
2039 3069 2184 3118 unde
2233 3084 2504 3121 meremur
2533 3086 2659 3122 coe-

1575 3145 1720 3207 lum;
1765 3142 1859 3192 sed
1905 3157 1996 3192 cor
2039 3139 2345 3207 appositum
2376 3144 2523 3209 quod
2560 3159 2660 3196 eas

1578 3230 1689 3265 non
1731 3212 2018 3278 expendit,
2067 3212 2159 3262 sed
2202 3212 2455 3264 recondit.
2493 3214 2663 3265 Unde

1577 3285 1852 3337 Abraham
1881 3283 2076 3349 legitur
2106 3286 2303 3335 multas
2343 3284 2664 3351 possessio-

1582 3371 1677 3407 nes
1716 3353 1999 3414 habuisse,
2038 3364 2090 3405 et
2128 3365 2309 3406 tamen
2345 3355 2449 3406 fuit
2471 3354 2665 3421 perfe-

1581 3438 1717 3479 ctus,
1735 3426 1857 3476 Non
1870 3425 2009 3476 dixit
2020 3426 2068 3476 ei
2084 3427 2375 3478 Dominus:
2390 3428 2669 3495 Relinque

1584 3496 1792 3560 omnia3
1828 3497 1921 3547 sed
1962 3496 2175 3547 ambula
2210 3512 2390 3549 coram
2423 3512 2520 3561 me,
2549 3499 2670 3549 sci-

1585 3569 1707 3621 licet
1725 3568 1951 3635 perfecte
1973 3583 2060 3619 me
2089 3570 2339 3629 amand0,
2368 3575 2420 3619 et
2442 3569 2521 3620 sic
2544 3577 2669 3623 esto

1580 3640 1876 3707 perfectus.
1912 3639 2016 3690 Sed
2048 3638 2178 3705 quia
2209 3638 2426 3690 difficile
2459 3650 2542 3691 est
2571 3640 2672 3691 di—

1586 3710 1745 3761 vitias
1772 3710 1969 3760 habere
2003 3708 2060 3760 in
2099 3724 2219 3760 arca
2244 3725 2338 3775 per
2362 3709 2676 3776 possessio·

1592 3796 1718 3831 nem
1747 3790 1800 3831 et
1832 3795 1941 3831 non
1970 3780 2028 3830 in
2064 3780 2248 3830 animo
2270 3794 2364 3845 per
2399 3796 2674 3843 amorem,

1591 3849 1712 3903 ideo
1738 3850 1973 3905 consulit
1997 3848 2263 3906 Dominus
2286 3850 2466 3916 juveni
2491 3850 2676 3917 diviti,
