2757 4413
352 368 443 420 DE
474 367 1004 421 INCREPATIONE
1040 367 1138 420 ET
1166 367 1783 423 CONDEMNATIONE
1806 370 2228 424 JUDAEORUM.
2312 371 2419 439 519

988 701 1320 774 CAPUT
1375 703 1577 774 LVII

193 956 292 1025 De
334 953 809 1047 increpatione
845 964 913 1024 et
947 953 1510 1026 condemnatione
1554 953 1937 1048 infidelium
1972 955 2408 1028 Judaeorum.

254 1218 273 1254 1
325 1203 575 1255 Domus
611 1218 901 1254 summunt
929 1203 1248 1263 Junaeonmt,

190 1290 318 1335 Quos
334 1292 443 1327 uon
464 1291 632 1326 uovu·
660 1291 985 1326 numento
1012 1275 1249 1336 Jomms,

190 1345 1261 1411 mvaT.—Praemissaigiturcommen-

192 1416 397 1468 datione
407 1417 655 1479 Joannis,
687 1418 918 1483 increpat
939 1423 992 1466 et
1014 1416 1260 1466 condem-

191 1497 277 1538 nat
303 1487 578 1537 Dominus
601 1486 906 1552 superbiam
923 1486 1255 1546 Judaeorum,

192 1559 280 1625 qui
309 1559 699 1625 praedicatione
735 1557 956 1609 Joannis
984 1557 1117 1608 moti
1151 1573 1256 1607 non

192 1642 337 1694 sunt,
378 1632 476 1682 sed
509 1641 562 1681 et
598 1630 771 1696 ipsius
810 1630 1031 1697 Christi¹
1052 1629 1257 1696 praedi-

188 1702 453 1752 nationem
493 1701 869 1766 despexerunt,
906 1710 960 1751 et
983 1709 1260 1766 comparat

189 1789 376 1827 eorum
416 1774 821 1841 generationem
855 1788 1158 1839 perversam
1206 1781 1259 1824 et

190 1846 534 1907 obstinatam,
577 1860 672 1910 per
711 1859 874 1911 quam
912 1853 1021 1895 tam
1055 1843 1258 1909 praedi-

190 1926 369 1967 cantes
395 1931 562 1981 quam
600 1915 877 1965 audientes
903 1915 1260 1980 comprehen-

190 1986 282 2050 dit,
315 1985 513 2052 pueris
550 1984 854 2036 sedentibus
889 1985 944 2035 in
968 1984 1122 2050 foro,
1168 1984 1261 2050 qui

191 2058 475 2108 clamentes
528 2056 912 2122 cooequalibuS‚
966 2055 1022 2105 id
1070 2064 1155 2105 est
1197 2055 1255 2106 in

191 2140 361 2197 partes
376 2130 610 2196 oequales
621 2128 809 2179 divisis
826 2143 885 2178 ac
899 2126 1001 2178 sibi
1019 2126 1255 2179 invicem

193 2199 715 2268 improperantibus„
763 2199 943 2250 dicunt
963 2208 996 2261 ξε
1041 2198 1258 2251 Cecini-

194 2288 304 2324 mus
329 2273 507 2335 vobis,
537 2278 592 2322 et
615 2286 717 2322 non
749 2271 994 2322 saltastis
1004 2287 1026 2333 ;
1061 2271 1258 2322 lamen-

195 2349 458 2409 mimus,
515 2353 568 2397 et
630 2361 731 2397 non
771 2344 1095 2411 planxistis.
1152 2346 1255 2396 Ubi

194 2421 473 2472 sciendum
513 2420 660 2487 quod
694 2418 845 2489 pueri
876 2418 1255 2479 Hebraeorum,

194 2493 255 2543 ad
277 2492 639 2544 exercendum
667 2505 723 2542 se
747 2488 966 2540 inludis
995 2488 1256 2550 honestis,

195 2563 575 2615 inducentibus
620 2562 685 2612 ad
726 2561 951 2612 virtutes
992 2570 1045 2610 et
1088 2569 1258 2611 retra-

196 2633 450 2685 hentibus
482 2648 513 2683 a
538 2631 686 2682 vitiis
704 2669 718 2691 ,
747 2632 906 2682 talem
936 2630 1125 2681 ludum
1154 2630 1258 2680 ha-

196 2703 311 2756 bere
340 2710 758 2754 consueverunt.
787 2700 1173 2752 Dividebantur
1199 2700 1257 2750 in

197 2775 374 2826 medio
432 2772 704 2835 civitatis,
771 2771 827 2822 in
899 2772 1033 2822 duas
1085 2780 1260 2837 partes

197 2846 421 2912 equales
444 2882 459 2906 ,
501 2854 553 2894 et
598 2842 677 2893 illi
721 2841 816 2911 qui
855 2851 1006 2893 erant
1045 2856 1110 2892 ex
1152 2856 1260 2891 una

195 2929 333 2985 parte
352 2919 616 2970 canebant
642 2932 854 2967 carmen
881 2915 1130 2981 lugubre,
1161 2914 1260 2965 de-

196 2989 427 3040 ridentes
479 2986 982 3038 transmutationem
1024 2986 1260 3051 repenti-

197 3074 313 3110 nam
335 3057 812 3125 praesentis·vitae,
850 3065 901 3107 et
937 3066 1120 3123 postea
1153 3054 1258 3106 sibi

198 3143 383 3183 mutuo
422 3130 833 3197 exprobrabant,
859 3138 909 3179 et
937 3129 1261 3179 exsultantes

200 3202 444 3254 dicebant
479 3201 616 3261 aliis,
658 3214 823 3267 quare
851 3199 955 3249 sibi
986 3214 1096 3250 non
1124 3214 1261 3266 gau-

200 3272 415 3337 debant5
459 3282 512 3322 et
550 3287 579 3322 e
617 3270 885 3322 contrario
925 3270 1049 3331 alii,
1096 3285 1261 3337 quare

200 3344 298 3395 sibi
328 3343 708 3410 compatiendo
744 3359 854 3393 non
887 3343 1259 3394 condolebant.

201 3416 267 3469 Et
312 3418 418 3469 hoc
476 3416 634 3467 fiebat
680 3417 746 3468 ad
797 3415 1259 3482 comprimendam

199 3502 380 3538 vanam
438 3485 676 3537 laetitiam
724 3485 1014 3537 hominum
1065 3496 1119 3537 et
1161 3487 1261 3537 de-

199 3554 391 3608 fectum
433 3556 825 3622 compassionis
875 3565 927 3607 et
977 3554 1259 3616 amicitiae‚

199 3630 259 3680 ad
300 3629 536 3681 invicem
583 3629 641 3678 in
686 3629 792 3680 hoc
839 3629 1077 3692 mundo;
1122 3628 1261 3679 sicut

199 3699 438 3751 videmus
473 3699 783 3766 frequenter
819 3698 932 3750 fieri
974 3698 1034 3749 in
1075 3698 1260 3749 eadem

204 3772 430 3835 civitate,
466 3772 579 3823 imo
610 3783 663 3823 et
690 3772 747 3823 in
785 3773 971 3823 eodem
1010 3771 1147 3832 vico,
1174 3773 1260 3823 vel

205 3842 357 3894 etiam
403 3844 588 3894 eadem
639 3843 802 3893 domo
822 3881 837 3908 ,
885 3842 1033 3909 quod
1088 3842 1258 3909 aliqui

207 3913 448 3967 letantur
491 3924 542 3967 et
581 3915 751 3982 aliqui
785 3925 850 3967 ex
877 3915 1128 3982 opposito
1154 3915 1259 3966 tri-

211 3994 439 4048 stantur,
492 3997 546 4039 et
598 3986 918 4055 quandoque
985 3986 1259 4037 modicum

1360 1201 1467 1252 sibi
1516 1201 1749 1253 invicem
1803 1203 2223 1270 compatiuntur.
2284 1204 2423 1257 Huic

1361 1272 1578 1338 negotio
1624 1272 1800 1324 simile
1848 1284 1927 1324 est
1974 1274 2247 1341 negotium
2288 1275 2428 1327 circa

1361 1342 1573 1393 Judaeos
1594 1380 1609 1404 ‚
1649 1352 1701 1392 et
1739 1353 1921 1408 postea
1949 1343 2153 1395 Christi
2183 1355 2426 1411 ternpore

1361 1413 1581 1465 factum.
1638 1414 1792 1464 Multi
1841 1413 1988 1464 enim
2038 1415 2424 1481 Prophetarum

1363 1486 1603 1536 sedentes
1649 1495 1866 1552 propter
1911 1487 2139 1538 docendi
2187 1498 2239 1538 et
2277 1488 2426 1553 judi-

1363 1558 1520 1610 candi
1561 1558 1928 1609 auctoritatem
1972 1560 2025 1610 in
2047 1560 2204 1626 foro,
2246 1559 2302 1610 id
2347 1571 2428 1612 est

1364 1630 1423 1680 in
1478 1630 1736 1691 Ecclesia,
1785 1629 1880 1680 ubi
1917 1631 2001 1681 lex
2040 1640 2094 1681 et
2135 1631 2251 1696 jura
2294 1646 2426 1697 pro-

1363 1710 1601 1764 muntur,
1630 1710 1683 1752 et
1708 1709 1951 1752 canentes
1989 1716 2083 1767 per
2109 1701 2428 1768 gaudiorum

1362 1781 1686 1823 aeternorum
1731 1771 2179 1838 promissionem,
2224 1787 2428 1824 monu-

1364 1855 1519 1896 erunt
1545 1845 1758 1897 Judaeos
1786 1848 2052 1898 exsultare
2079 1862 2177 1913 pro
2210 1862 2305 1913 spe
2334 1846 2427 1898 fu-

1362 1927 1627 1978 turorum,
1698 1927 1751 1968 et
1809 1920 2071 1969 exsultare
2123 1920 2426 1970 noluerunt.

1365 1988 1521 2040 Multi
1565 1989 1725 2040 etiam
1767 1990 2137 2055 lamentantes,
2180 2007 2276 2057 per
2310 2000 2427 2042 tor-

1365 2069 1672 2111 mentorum
1727 2061 2207 2113 comminationem
2230 2100 2245 2123 ,
2306 2077 2429 2112 mo-

1364 2141 1600 2184 nuerunt
1656 2148 1749 2184 eos
1787 2133 1971 2185 dolore
2025 2150 2122 2201 pro
2173 2133 2425 2201 peccatis,

1364 2214 1416 2256 et
1462 2205 1768 2256 noluerunt.
1831 2205 2051 2272 Propter
2109 2206 2211 2257 hoc
2260 2205 2429 2273 igitur

1366 2286 1609 2343 poterant
1645 2292 1736 2327 eos
1766 2292 1985 2343 arguere
2013 2278 2296 2345 Prophetae
2337 2277 2428 2327 di·-

1364 2356 1543 2398 centes
1584 2364 1599 2398 ε
1642 2347 1940 2399 cecinimus
1989 2350 2169 2412 vobiS,
2226 2354 2280 2399 et
2325 2362 2428 2399 non

1363 2417 1628 2482 saltastis,
1657 2419 1722 2469 ad
1755 2418 1939 2468 laudes
1959 2419 2054 2469 Dei
2074 2419 2426 2485 assurgend03

1365 2489 1793 2551 lamentavimus,
1850 2494 1904 2539 et
1946 2502 2049 2539 non
2082 2489 2425 2556 planxistiS,

1363 2558 1727 2625 poenitentiam
1770 2558 1994 2625 agendo.
2036 2558 2093 2608 Id
2122 2569 2203 2609 est
2228 2558 2429 2610 invita-

1363 2629 1543 2681 vimus
1565 2645 1660 2681 vos
1683 2630 1750 2679 ad
1783 2629 2159 2679 exsultandum
2182 2645 2280 2695 pro
2309 2629 2427 2696 spi-

1363 2698 1873 2759 ritualibusbonis,
1904 2709 1957 2750 et
1986 2715 2092 2750 non
2129 2700 2432 2752 exsultastis

1366 2770 1474 2821 nisi
1502 2771 1559 2821 in
1588 2771 1838 2835 terrenis;
1882 2770 2198 2821 monuimus
2226 2772 2292 2822 ad
2320 2786 2428 2838 poe-

1364 2844 1648 2895 nitentiam
1691 2853 1743 2894 et
1783 2860 1892 2894 non
1926 2843 2258 2910 poenituistis
2278 2883 2293 2906 ,
2334 2859 2431 2896 nec

1363 2916 1630 2969 doluistis.
1691 2917 1767 2967 Eo
1816 2917 1979 2967 modo
2026 2917 2188 2968 etiam
2227 2916 2429 2968 factum

1365 3000 1447 3041 est
1484 2999 1726 3055 tempore
1760 2989 1982 3041 Christi.
2010 2990 2244 3040 Joannes
2279 2990 2427 3040 enim

1365 3061 1616 3126 jujunans
1643 3069 1696 3110 et
1721 3060 1995 3111 abstinens
2033 3060 2296 3111 invitabat
2336 3074 2429 3111 eos

1365 3131 1431 3180 ad
1454 3130 1745 3181 dolendum
1768 3146 1866 3196 pro
1892 3135 2137 3197 peccatis,
2166 3140 2220 3181 et
2246 3129 2431 3181 dolore

1364 3202 1675 3263 noluerunt3
1710 3201 1980 3252 Dominus
2022 3212 2201 3253 autem
2240 3215 2431 3252 come-

1364 3272 1499 3322 dens
1523 3280 1574 3322 et
1600 3271 1791 3322 bibens
1814 3287 1937 3323 cum
1967 3272 2045 3324 eis
2062 3271 2317 3323 invitabat
2337 3286 2431 3323 eos

1364 3345 1427 3395 ad
1444 3343 1932 3411 exsultandumfpro
1949 3344 2150 3411 gratiiS,
2169 3343 2299 3410 quia
2313 3357 2433 3394 mos

1365 3414 1766 3465 comedentium
1795 3425 1875 3465 est
1903 3416 2196 3481 exsul-tare,
2232 3423 2284 3465 et
2325 3429 2430 3464 no-

1365 3485 1580 3536 luerunt
1604 3484 1705 3535 hoc
1725 3483 1913 3535 facere.
1940 3485 2055 3535 Sub
2073 3483 2432 3535 similitudine

1364 3573 1491 3625 ergo
1516 3573 1608 3609 eos
1632 3557 1869 3624 increpat
1902 3576 1916 3609 z
1945 3559 2074 3625 quia
2102 3574 2196 3609 nec
2225 3556 2431 3608 habue-

1363 3638 1491 3681 runt
1535 3631 1808 3696 planctum
1856 3626 2304 3695 compunctionis,
2364 3640 2432 3677 ex

1365 3699 1681 3767 poenitentia
1711 3699 1990 3766 praedicata
2013 3715 2043 3750 a
2071 3699 2297 3758 Joanne3
2332 3710 2430 3746 nec

1365 3771 1560 3821 saltum
1596 3769 1986 3829 exsultationis,
2023 3783 2098 3832 exj
2121 3764 2431 3816 misericor-

1363 3842 1453 3893 dia
1501 3840 1743 3893 exhibita
1793 3855 1823 3890 a
1871 3840 2155 3890 Salvatore.
2196 3837 2428 3887 Joannes

1363 3911 1508 3963 enim
1540 3911 1857 3978 proedicabat
1896 3910 2125 3959 lamenta
2163 3906 2428 3974 poeniten-

1363 3983 1476 4049 tiae;
1520 3983 1788 4049 Christus]
1812 3980 2220 4033 exsultationem
2257 3979 2424 4031 mise-
