2757 4413
300 244 415 312 ‘644

313 364 483 415 rando
512 362 751 428 quaerite,
781 376 873 410 seu
904 359 1157 425 operibus
1189 374 1387 408 merea-

319 434 486 493 mini,
514 448 614 483 non
648 433 817 482 cibum
839 431 930 496 qui
956 430 1131 496 perit,
1175 429 1383 479 scilicet

306 504 674 570 corporalem;
726 501 821 551 sed
873 500 966 566 qui
999 506 1282 566 permanet
1328 500 1381 549 in

311 579 477 628 vitam
526 582 810 638 ceter-nam,

307 650 461 709 lem,
506 647 599 713 qui
650 655 898 695 aeternam
946 644 1136 693 tribuit
1195 643 1380 693 vitam.

310 720 502 770 Cibum
568 717 659 783 qui
719 715 864 780 perit
908 721 1163 780 operatur
1205 713 1383 763 omnis

305 791 403 841 ine
434 790 527 857 qui
562 787 918 838 intentionem
948 786 1284 852 spiritualem
1314 785 1381 834 ad

308 861 606 945 temporale
654 859 812 908 refert
853 858 1086 917 lucrum,
1117 857 1255 906 sicut
1301 855 1383 905 illi

304 935 407 1001 qui
453 933 750 983 Dominum
782 931 1140 997 sequebantur
1174 929 1238 978 ad
1275 929 1384 978 hoc

303 1008 458 1075 quod
503 1005 845 1072 corporaliter
874 1013 1241 1071 pascerentur,
1288 1002 1383 1083 qui

303 1087 490 1129 autem
526 1077 763 1127 laborem
809 1076 1136 1141 corporalem
1179 1089 1271 1138 per
1310 1073 1386 1121 in-

312 1149 611 1200 tentionem
652 1147 810 1197 refert
846 1146 910 1196 ad
952 1144 1266 1212 spiritualia,
1289 1143 1381 1192 hic

301 1226 567 1288 operatur
609 1219 779 1269 cibum
820 1218 1039 1284 quinon
1067 1216 1230 1283 perit,
1288 1215 1385 1264 sed

306 1292 403 1357 qui
438 1295 720 1356 permanet
767 1289 820 1339 in
875 1289 1038 1339 vitam
1086 1293 1380 1349 oeternam,
1369 1304 1384 1316 ·

309 1360 400 1412 hic
422 1371 597 1411 autem
630 1361 782 1411 cibus
804 1370 883 1410 est
900 1359 1048 1410 verbi
1070 1358 1168 1408 Dei
1195 1368 1246 1408 et
1270 1373 1383 1423 gra-

303 1431 415 1507 tiae,
434 1449 530 1499 pro
547 1433 701 1497 cujus
716 1431 998 1482 devotione
1022 1429 1174 1496 sequi
1190 1429 1378 1478 debue-

309 1503 430 1555 rant
456 1503 737 1570 praecipue.
770 1503 925 1567 Opus
959 1516 1083 1567 ergo
1116 1509 1382 1559 nostrum,

307 1576 364 1626 id
394 1585 474 1625 est
505 1574 798 1640 principale
841 1572 1082 1622 studium
1114 1582 1166 1621 et
1196 1570 1383 1620 inten-

307 1645 519 1696 tionem
546 1655 803 1703 nostram,
819 1643 1118 1708 dmgarnus
1147 1643 1212 1691 ad
1246 1657 1384 1706 quae-

316 1716 549 1766 rendum
585 1714 767 1764 cibum
808 1713 904 1779 qui
942 1712 1091 1761 ducit
1124 1711 1188 1761 ad
1213 1711 1385 1761 vitam

307 1796 593 1845 aeternam,
630 1783 832 1834 scilicet
876 1783 1015 1832 bona
1066 1781 1382 1847 spiritualia.

311 1857 396 1906 Ad
439 1854 752 1921 temporalia
779 1863 957 1903 autem
991 1868 1102 1902 non
1128 1852 1387 1902 debemus

318 1925 689 1993 principaliter
724 1923 988 1984 accedere,
1024 1924 1117 1973 sed
1147 1938 1388 1972 accesso-

317 1997 396 2048 rie
466 1998 643 2047 solum
696 2010 764 2045 *ea
833 2009 1141 2060 procurare,
1184 1994 1390 2044 ratione

309 2067 561 2133 corporis
612 2064 993 2130 corruptibilis,
1026 2064 1170 2131 quod
1202 2064 1257 2113 in
1292 2065 1392 2114 hac

315 2139 427 2190 vita
456 2147 665 2204 oportet
714 2136 1001 2187 sustentari
1029 2153 1042 2185 ε
1070 2135 1174 2188 Ubi
1206 2135 1390 2202 Chry-

313 2218 585 2263 sostomus
610 2228 626 2261 .·
658 2228 685 2256 (ι
709 2209 871 2269 Quasi
892 2209 1089 2258 diceret
1115 2224 1129 2257 :
1160 2208 1272 2257 Vos
1308 2222 1393 2256 ex-

313 2282 534 2351 quiritis
558 2297 735 2332 escam
755 2280 1135 2345 temporalem3
1158 2295 1257 2344 ego
1292 2294 1390 2328 au-

314 2365 430 2406 tem
477 2370 698 2420 corpora
744 2362 915 2403 vestra
944 2351 1165 2412 nutrivi,
1193 2361 1255 2401 ut
1295 2366 1390 2417 per

312 2428 422 2477 hoc
458 2424 809 2492 exquireretis
852 2423 999 2473 illam
1043 2438 1216 2473 escam
1268 2436 1390 2488 quae

313 2516 427 2549 non
470 2498 839 2563 temporalem,
872 2496 963 2545 sed
1006 2505 1259 2545 aeternam
1303 2494 1395 2543 tri-

317 2570 438 2621 buit
460 2569 643 2620 vitam.
672 2588 699 2614 »
732 2568 796 2617 Et
816 2567 1012 2616 iterum
1041 2582 1056 2614 ε
1081 2583 1109 2611 (ι
1136 2565 1238 2614 Sed
1263 2565 1391 2631 quia

309 2639 540 2706 quidam
572 2653 759 2688 eorum
791 2636 886 2702 qui
912 2636 1104 2686 volunt
1123 2635 1272 2700 pigre
1298 2651 1394 2684 nu-

320 2711 775 2770 triri‚abutuntur
816 2708 919 2758 hoc
945 2707 1127 2767 verb0,
1160 2722 1395 2757 necessa-

317 2785 468 2835 rium
498 2794 578 2834 est
597 2783 848 2833 inducere
876 2782 929 2831 id
960 2782 1104 2848 quod
1136 2790 1216 2830 est
1247 2781 1392 2831 Pau-

326 2854 525 2914 li:Qui
541 2854 860 2919 furabatur,
879 2853 999 2919 jam
1014 2867 1116 2903 non
1137 2852 1397 2917 furetur,-

327 2924 511 2989 magis
539 2929 712 2973 autem
760 2923 963 2972 laboret
989 2922 1233 2972 manibus
1261 2923 1394 2986 suiS,

319 2996 468 3047 unde
509 2996 714 3044 tribuat
748 2993 1111 3044 necessitatem
1147 2993 1396 3058 patienti.

329 3069 437 3118 Sed
467 3076 519 3117 et
548 3065 662 3131 ipse
690 3064 1017 3114 Corinthum
1046 3064 1266 3115 veniens
1289 3081 1401 3114 mo-

327 3140 546 3191 rabatur
580 3135 721 3202 apud
768 3127 1020 3201 Aquilam
1070 3145 1121 3186 et
1176 3135 1400 3186 Priscil-

327 3213 459 3270 lam,
491 3219 542 3259 et
568 3207 904 3289 operabatur.
947 3207 1185 3257 Dicendo
1226 3223 1398 3273 ergo,

329 3283 420 3333 Ne
468 3279 756 3346 operemini
786 3278 955 3328 cibum
990 3279 1081 3343 qui
1101 3280 1262 3345 perit,
1287 3296 1398 3329 non

328 3351 570 3403 insinuat
601 3348 867 3399 Dominus
890 3349 1036 3414 quod
1058 3360 1297 3414 oporteat
1324 3350 1401 3415 pi-

319 3422 534 3492 gritari,
583 3421 674 3471 sed
720 3420 864 3487 quod
912 3429 1152 3486 oporteat
1191 3422 1400 3487 operari

326 3506 383 3547 et
410 3495 561 3557 dare3
584 3493 688 3543 hoc
728 3492 875 3542 enim
905 3502 983 3542 est
1003 3492 1151 3542 cibus
1178 3493 1269 3558 qui
1295 3508 1398 3543 non

312 3568 487 3635 perit.
516 3565 750 3631 Operari
784 3574 962 3615 autem
989 3565 1160 3616 cibum
1193 3565 1285 3630 qui
1311 3580 1400 3630 pe-

325 3639 421 3701 rit,
451 3647 531 3688 est
558 3636 693 3687 affici
721 3635 1050 3686 secularibus
1077 3635 1253 3685 rebu'S.
1286 3637 1403 3686 Hoc

332 3709 501 3774 igitur
529 3708 684 3767 dixit,
726 3707 854 3774 quia
900 3706 978 3756 illi
1027 3707 1235 3756 nullam
1276 3706 1401 3756 fidei

324 3795 517 3830 ⁴<turam
552 3779 850 3844 habebant;
882 3779 974 3830 sed
1025 3779 1202 3828 solum
1246 3779 1399 3828 vole-

331 3850 465 3899 bant
495 3861 736 3902 ventrem
765 3852 988 3917 implere
1001 3849 1146 3901 nihil
1164 3849 1403 3901 laboran-

870 573 1070 623 scilicet
1120 573 1381 638 spiritua-
1412 620 1419 629 ,

929 243 1166 292 PRIMAE
1203 239 1450 290 PARTIS
1482 239 1719 290 CAPUT
1750 239 1911 290 LXX.

1489 367 1588 419 te8‚
1615 366 1666 406 et
1691 356 1795 406 hoc
1823 357 2071 405 decenter
2101 355 2271 405 cibum
2304 355 2396 421 qui
2421 355 2583 422 perit

1489 428 1724 478 vocavit:
1741 447 1768 475 n
1784 427 1901 477 haec
1924 427 2364 493 chrysostomus.
2393 427 2581 486 Quem

1476 501 1674 557 ,cibum
1704 510 2103 566 permanentem
2125 500 2298 555 Filius
2324 501 2582 552 hominis

1489 573 1639 623 dabit
1670 573 1838 633 vobiS‚
1872 573 1927 621 id
1955 583 2035 622 est
2054 582 2271 638 paratus
2316 584 2399 622 est
2428 573 2580 634 dare,

1489 644 1618 709 quia
1644 644 1710 692 ad
1732 643 1835 692 hoc
1853 642 2009 693 venit
2038 643 2094 691 in
2135 643 2406 692 mundum
2446 643 2583 694 mis-

1489 732 1581 766 sus
1607 732 1637 765 a
1669 716 1841 765 Patre.
1869 715 2031 764 Hunc
2058 715 2195 764 enim
2228 714 2434 764 Filium
2466 716 2581 765 ho-

1490 785 1658 835 minis
1707 786 1879 834 Pater
1919 784 2161 849 signavit
2204 785 2372 846 Deam,
2404 785 2465 833 id
2499 795 2586 835 est

1488 858 1553 907 ad
1583 858 1686 907 hoc
1709 857 1894 922 ipsum
1931 855 2228 921 specialiter
2272 857 2586 921 assignavit

1489 938 1541 978 et
1582 927 1836 986 instituit,
1874 926 2139 976 mittendo
2177 926 2233 976 in
2273 927 2581 992 mundum,

1491 1010 1551 1050 ut
1591 1002 1738 1051 daret
1790 1001 1955 1051 vitam
2015 1009 2267 1049 aeternam
2342 1001 2581 1052 mundo.

1492 1072 1646 1138 Unde
1675 1070 1813 1120 infra
1845 1069 1975 1120 dicit
2003 1086 2018 1119 ε
2051 1071 2180 1135 Ego
2224 1071 2299 1120 ad
2327 1071 2429 1121 hoc
2457 1073 2585 1121 veni

1489 1144 1543 1192 in
1584 1142 1852 1202 mundum,
1906 1147 1964 1191 ut
2005 1141 2361 1191 testimonium
2392 1143 2588 1208 perhi-

1490 1213 1876 1264 beamveritati
1889 1231 1911 1277 ,·
1931 1222 1981 1262 et
1995 1212 2097 1262 hoc
2121 1223 2200 1262 est
2229 1213 2355 1262 dare
2387 1214 2586 1265 cibum

1489 1285 1838 1351 spiritualem.
1888 1286 2122 1351 Operam
2163 1301 2289 1350 ergo
2342 1287 2493 1346 date,
2522 1296 2589 1336 ut

1490 1357 1710 1423 possitis
1747 1357 1932 1406 cibum
1963 1356 2296 1422 spiritualem
2353 1357 2586 1409 habere.

1493 1427 1746 1488 Quaeritis
1771 1444 1857 1478 me
1887 1438 2102 1494 propter
2133 1428 2308 1490 aliud;
2343 1429 2591 1495 quaerite

1491 1515 1577 1549 me
1607 1508 1822 1565 propter
1864 1515 1968 1558 me,
1997 1515 2104 1548 non
2145 1509 2364 1565 propter
2403 1501 2585 1561 aliud,

1491 1570 1585 1636 qui
1616 1586 1738 1620 sum
1762 1569 1914 1619 cibus
1945 1584 2266 1634 permanens
2314 1569 2376 1618 in
2404 1569 2587 1620 vitam

1491 1653 1763 1691 aeternam.
1786 1640 2034 1706 Seipsum
2057 1639 2201 1689 enim
2218 1641 2366 1690 hunc
2389 1641 2591 1694 cibum

1492 1712 1751 1775 insinuat,
1797 1720 1861 1761 ut
1895 1710 2076 1760 statim
2108 1710 2323 1775 patebit.
2362 1710 2591 1777 Opera·

1493 1798 1614 1831 mur
1661 1797 1787 1847 ergo
1826 1797 1963 1847 opus
2011 1781 2128 1840 Dei,
2174 1781 2227 1830 id
2294 1791 2377 1830 est
2427 1782 2593 1847 quod

1492 1852 1607 1918 ipse
1644 1861 1893 1917 acceptat,
1926 1861 1978 1901 et
2008 1867 2102 1918 per
2125 1851 2272 1916 quod
2303 1853 2592 1918 consequi

1495 1940 1786 1992 possumus
1814 1924 1970 1973 'hunc
1997 1924 2178 1973 cibum
2208 1923 2302 1989 qui
2328 1940 2451 1973 non
2500 1940 2598 1990 pe-

1495 1997 1598 2060 rit;
1631 1996 1763 2046 dum
1802 2011 1898 2061 per
1924 1995 2084 2045 fidem
2117 2009 2318 2055 veram,
2349 2005 2404 2045 et
2432 1997 2597 2047 bon-a

1495 2083 1654 2133 opera
1683 2082 1782 2117 nos
1806 2067 2031 2116 *Christo
2061 2065 2498 2131 incorporamuS,
2538 2077 2599 2118 et

1497 2139 1761 2189 efficimus
1805 2154 1929 2188 eum
1972 2148 2217 2204 nostrum
2258 2139 2465 2188 mentis
2497 2139 2591 2189 ci-

1498 2210 1648 2270 bum,
1679 2226 1842 2276 quem
1885 2209 1999 2274 ipse
2030 2223 2124 2274 per
2169 2208 2394 2273 gratiam
2422 2209 2594 2275 seip-

1498 2299 1620 2333 sum
1644 2283 1813 2333 nobis'
1827 2284 1932 2345 dat,
1954 2292 2027 2332 ‘ut
2050 2292 2264 2331 maneat
2283 2281 2594 2334 nobiscum

1496 2356 1552 2406 in
1591 2366 1869 2405 aeternum.
1918 2355 2034 2418 Ipse
2093 2353 2241 2403 enim
2289 2363 2368 2402 est
2420 2354 2594 2409 cibus

1493 2446 1602 2496 quo
1632 2430 1815 2480 vivunt
1842 2428 2053 2493 Angeli,
2077 2427 2170 2493 qui
2201 2438 2485 2492 permanet
2525 2430 2593 2481 in

1495 2510 1662 2549 vitam
1692 2510 1964 2549 aeternam.

1562 2572 1588 2622 3
1635 2574 1830 2622 MANNA
1891 2587 2242 2621 coMPARA‘rUR
2296 2571 2593 2625 Enetum-

1498 2660 1647 2703 srxffi,
1673 2658 1780 2700 Qua
1809 2643 2078 2692 Cnmsrus
2106 2657 2257 2691 Noms
2292 2657 2386 2690 ΠΤ
2421 2658 2594 2697 Parus

1499 2730 1672 2765 vrthS.
1702 2741 1762 2750 —
1786 2713 1888 2763 Sed
1949 2712 2114 2763 Judaei
2170 2712 2321 2778 quasi
2372 2712 2593 2779 ing-rati

1501 2787 1566 2837 de
1607 2786 1745 2845 cibe,
1776 2800 1938 2851 quem
1982 2784 2059 2834 eis
2108 2783 2376 2834 Dominus
2407 2786 2595 2837 dede-

1501 2866 1598 2918 rat,
1653 2871 1851 2906 manna
1889 2854 2034 2920 quod
2064 2864 2239 2919 patres
2273 2852 2330 2902 in
2361 2854 2595 2908 deserto

1501 2927 1841 2977 comederant
1896 2923 2265 2991 praeferebant,
2295 2923 2547 2977 dicentes
2574 2945 2591 2978 :

1440 3025 1441 3028 ¹
1503 3001 1702 3049 Patres
1734 2997 1906 3048 nostri
1944 2997 2403 3047 manducaverunt
2426 3013 2594 3050 man-

1505 3085 1574 3119 na
1600 3070 1653 3119 in
1697 3069 1925 3130 deserte,
1973 3068 2111 3117 sicut
2158 3065 2420 3131 scriptum
2452 3079 2589 3120 est:

1503 3142 1707 3191 Panem
1757 3140 1823 3190 de
1871 3139 2001 3189 coelo
2046 3138 2194 3189 dedit
2231 3137 2309 3187 eis
2344 3140 2591 3190 mandu-

1503 3226 1646 3262 care.
1705 3210 1871 3270 Quasi
1929 3210 2165 3259 dicerent
2198 3224 2211 3257 :
2255 3209 2342 3258 Tu
2397 3209 2593 3262 adhuc

1504 3298 1611 3332 non
1654 3281 1823 3331 fecisti
1854 3280 2059 3330 similia
2099 3278 2310 3344 Moysi,
2358 3279 2593 3345 Moyses

1504 3355 1651 3404 enim
1680 3352 1826 3402 dedit
1854 3367 2069 3411 manna,
2095 3361 2146 3401 et
2173 3350 2328 3401 annis
2351 3352 2594 3416 quadra·

1505 3425 1682 3491 ginta3
1740 3433 1806 3473 tu
1851 3432 2029 3473 autem
2086 3437 2279 3488 panem
2338 3421 2591 3474 hordeu-

1504 3512 1676 3558 ceum,
1708 3505 1759 3546 et
1785 3495 1976 3561 pavisti
2009 3509 2107 3545 nos
2139 3494 2304 3544 semel
2338 3502 2585 3546 tantum.

1506 3568 1656 3619 Unde
1700 3567 2043 3632 Augustinus
2089 3583 2106 3616 .-
2151 3582 2180 3611 α
2212 3564 2589 3616 Attendebant

1506 3638 1686 3703 itaque
1714 3636 1892 3701 qualia
1932 3637 2137 3700 majora
2162 3635 2414 3685 volebant
2438 3632 2586 3687 fieri.

1508 3709 1672 3770 Quasi
1715 3708 1940 3759 dicant.
1972 3710 2057 3759 Tu
2087 3706 2360 3775 promittis
2387 3706 2586 3758 cibum

1508 3781 1602 3848 qui
1628 3796 1734 3830 non
1750 3780 1914 3845 perit,
1953 3789 2007 3830 et
2030 3795 2140 3830 non
2176 3777 2308 3828 talia
2335 3778 2587 3843 operaris

1507 3852 1689 3920 qualia
1715 3853 1958 3919 Moyses3
1992 3868 2157 3919 panes
2174 3850 2329 3903 enim
2348 3850 2584 3904 hordea-
