2757 4413
359 293 462 361 578

353 412 520 464 febris
552 420 631 463 est
672 411 886 462 animae.
916 410 1066 462 Sicut
1095 420 1273 463 autem
1297 421 1425 460 sunt

355 485 577 536 diversae
618 483 821 550 species
847 482 1099 544 febrium,
1144 483 1222 534 sic
1260 482 1423 533 etiam

357 552 487 610 sunt
536 559 745 609 diversa
806 571 999 622 genera
1063 567 1422 623 peccatorum.

355 629 540 682 Prima
566 639 645 678 est
674 628 965 693 ephemera,
991 642 1114 694 quae
1136 627 1332 678 dicitur
1356 628 1425 676 ab

357 699 645 766 ephemero
676 698 822 764 pisce
859 697 1089 759 marino,
1114 697 1209 764 qui
1235 698 1423 749 eodem

357 770 445 821 die
468 786 578 836 quo
606 769 856 829 nascitur,
884 768 1146 833 moritur3
1175 778 1228 819 et
1251 769 1428 834 signi-

358 841 481 893 ficat
522 851 727 891 motum
782 839 1096 890 inordinatae
1135 839 1423 905 passioniS‚

359 926 411 968 et
451 915 752 981 specialiter
787 913 1030 964 subitum
1073 914 1167 965 irae
1194 923 1425 972 motum,

358 986 453 1054 qui
482 986 638 1036 debet
665 983 810 1035 finiri
839 995 959 1036 ante
984 986 1114 1036 solis
1159 1000 1425 1043 occasum,

362 1060 656 1111 secundum
695 1058 829 1109 illud
864 1058 1109 1125 Apostoli
1141 1076 1155 1110 ε
1196 1059 1296 1110 Sol
1323 1074 1426 1108 non

361 1130 571 1181 occidat
599 1143 760 1196 super
789 1129 1128 1179 iracundiam
1171 1134 1425 1180 vestram.

362 1230 424 1242 —
445 1201 688 1252 Secunda
713 1200 877 1251 febris
905 1210 986 1251 est
1015 1202 1268 1264 tertiana,
1304 1215 1427 1266 quae

363 1288 475 1324 uno
521 1271 608 1322 die
645 1271 1074 1338 interrumpitur,
1122 1288 1227 1338 qua
1273 1273 1428 1322 labo-

361 1352 483 1394 rant
511 1341 590 1392 illi
619 1342 713 1407 qui
745 1357 868 1392 cum
893 1342 1224 1408 peccaverint
1245 1343 1429 1392 dolent

362 1414 430 1464 de
481 1423 721 1480 peccato;
774 1422 827 1463 et
878 1413 955 1463 sic
1002 1413 1200 1463 habent
1255 1428 1428 1463 unum

363 1484 508 1536 diem
537 1484 880 1549 poenitentiae,
907 1500 1028 1550 quae
1056 1495 1137 1534 est
1157 1483 1429 1542 contritio,

364 1556 457 1607 sed
496 1556 560 1605 ad
605 1555 900 1605 secundum
942 1555 1086 1605 diem
1130 1554 1431 1606 confessio-

367 1629 454 1680 nis
484 1644 593 1679 non
631 1628 964 1694 perveniunt,
1002 1639 1054 1678 et
1085 1629 1206 1678 ideo
1248 1628 1430 1679 statim

366 1700 423 1749 in
472 1699 614 1749 idem
661 1699 902 1750 redeunt.
932 1727 993 1736 —
1039 1698 1221 1750 Tertia
1265 1697 1433 1748 febris

366 1777 448 1820 est
475 1774 762 1834 quartana,
789 1768 885 1818 ubi
931 1770 1039 1819 duo
1078 1769 1191 1819 dies
1231 1768 1433 1834 absque

366 1839 668 1890 accessione
695 1850 838 1890 sunt.
869 1840 1102 1900 Quidam
1130 1840 1278 1890 enim
1315 1849 1434 1905 post

367 1911 726 1962 accessionem
760 1911 980 1976 peccati,
1009 1912 1146 1963 duos
1173 1911 1287 1962 dies
1316 1928 1435 1978 poe-

369 1980 643 2041 nitentiae,
692 1981 896 2031 scilicet
956 1981 1334 2032 contritionem
1385 1992 1436 2032 et

368 2051 766 2103 confessionem
806 2065 1089 2105 assumunt
1126 2072 1141 2106 ε
1181 2055 1274 2105 scd
1308 2055 1438 2121 quia

365 2123 514 2189 juxta
549 2123 834 2174 sacerdotis
872 2124 1156 2175 arbitrium
1184 2125 1250 2176 ad
1292 2126 1436 2176 diem

369 2193 609 2255 tertium,
659 2193 859 2246 scilicet
898 2195 1294 2258 satisfactionis,
1325 2213 1435 2247 non

375 2267 724 2334 perveniunt,
763 2268 884 2319 ideo
919 2284 1106 2320 rursus
1142 2270 1197 2320 in
1239 2270 1436 2336 peccati

373 2338 682 2406 passionem
722 2339 983 2393 incidunt.
1011 2370 1076 2379 —
1117 2341 1320 2402 Quarta
1355 2342 1440 2392 fe-

374 2410 489 2461 bris
517 2420 596 2461 est
620 2411 950 2476 quotidiana,
976 2427 1164 2463 eorum
1192 2412 1440 2464 videlicet

369 2480 467 2548 qui
508 2481 711 2547 absque
752 2482 1074 2535 contritione
1115 2483 1292 2549 aliqua
1331 2484 1442 2533 fre·

373 2559 636 2616 quentant
656 2552 811 2610 mala,
832 2552 926 2619 qui
947 2555 1013 2603 ad
1034 2553 1263 2603 litteram
1288 2553 1440 2603 omni

374 2621 464 2672 die
497 2621 640 2687 gulae
673 2623 933 2683 serviunt,
961 2633 1053 2674 aut
1077 2623 1368 2674 mendaciis
1393 2634 1444 2674 et

371 2690 592 2752 litibus,
633 2707 728 2742 seu
771 2693 963 2760 jurgiis
996 2703 1200 2745 vacant.
1239 2722 1303 2733 —
1337 2696 1442 2744 Sed

377 2763 515 2814 hanc
547 2765 789 2832 sequitur
815 2766 983 2818 febris
1009 2768 1210 2833 quinta,
1243 2769 1445 2820 scilicet

377 2835 651 2915 continua,
677 2838 806 2903 quia
843 2838 1329 2905 frequentationem
1353 2857 1444 2892 se-

379 2914 569 2971 quitur
628 2908 981 2973 continuitas;
1032 2920 1086 2961 et
1142 2912 1241 2962 hac
1298 2911 1446 2962 febre

377 2977 614 3029 maxime
639 2979 882 3031 laborant
909 2981 1170 3035 luxuriosi
1199 2993 1250 3035 et
1278 2983 1445 3034 invidi

382 3056 437 3098 et
474 3047 638 3105 avari,
676 3050 770 3115 qui
824 3061 1042 3118 propter
1095 3055 1448 3105 consuetudi-

382 3132 508 3168 nem
546 3117 834 3170 difficulter
880 3133 1104 3186 possunt
1146 3125 1340 3177 curari.
1360 3150 1448 3164 v—

382 3187 542 3238 Sexta
569 3187 737 3239 febris
765 3200 847 3242 est
874 3192 980 3257 jam
1016 3204 1281 3259 generatae
1312 3211 1449 3246 con-

380 3257 705 3318 suetudinis,
733 3275 855 3326 quae
884 3276 978 3327 per
1005 3264 1231 3315 ethicam
1259 3264 1453 3316 intelli·

383 3328 546 3394 gitur.
571 3328 765 3381 Ethica
802 3332 948 3383 enim
987 3333 1202 3396 dicitur,
1239 3351 1363 3403 quae
1392 3337 1449 3386 in

383 3415 592 3451 morem
633 3410 714 3452 est
757 3403 1010 3468 deducta;
1050 3400 1178 3473 ἔθος
1217 3423 1452 3475 namque

383 3471 566 3525 Graece
590 3488 722 3525 -mos
747 3476 1062 3542 appellatur.
1108 3477 1238 3529 Haec
1271 3489 1451 3531 autem

972 291 1211 343 PRIMAE
1244 289 1499 341 PARTIS
1530 290 1766 342 CAPUT
1800 290 1981 344 LXIII.

1532 409 1697 462 febris
1723 409 1989 460 radicatur
2019 408 2077 459 in
2106 406 2384 467 membris,
2413 415 2469 458 et
2496 422 2598 459 na-

1530 481 1758 533 turalem
1827 479 2206 531 humiditatem
2260 479 2492 529 assumit
2546 487 2603 530 et

1530 552 1832 612 consumit,
1884 561 1938 601 et
1983 549 2292 617 specialiter,
2332 547 2606 616 significat

1531 625 1694 674 seculi
1746 623 2020 675 tristitiam
2061 637 2184 689 quae
2219 637 2341 673 ossa
2376 620 2604 673 exsiccat

1532 705 1583 746 et
1625 705 1854 746 mortem
1883 704 2156 778 operatum
2187 693 2327 743 unde
2365 692 2421 742 in
2465 692 2603 741 Pro-

1530 767 1761 828 verbiis,
1829 766 2055 833 spiritus
2118 765 2293 816 tristis
2352 764 2607 815 exsiccat

1532 852 1677 901 ossa,
1701 837 1755 887 id
1780 847 1859 888 est
1887 838 2053 888 robur
2073 833 2607 899 virtutum.—Septi·

1533 924 1622 960 ma
1645 909 1810 960 febris
1836 918 1917 960 est
1942 914 2121 972 acuta,
2153 923 2273 973 quae
2300 916 2380 957 est
2405 905 2604 956 defen-

1532 983 1616 1033 sio
1661 992 1931 1033 consuetae
1977 982 2083 1047 jam
2131 978 2419 1046 nequitiae,
2473 992 2603 1028 cum

1532 1068 1640 1121 qua
1667 1054 1774 1119 jam
1815 1068 1924 1102 non
1970 1050 2252 1110 erubescit,
2285 1065 2381 1100 nec
2422 1049 2603 1106 timet,

1536 1142 1634 1178 nec
1659 1126 1893 1193 pavescit
1928 1125 2118 1185 facere,
2143 1139 2264 1191 quae
2291 1122 2602 1185 consuevit;

1534 1200 1601 1250 de
1642 1200 1810 1251 salute
1842 1200 1965 1250 talis
1991 1199 2142 1250 valde
2166 1196 2473 1248 timendum
2502 1205 2604 1254 est,

1535 1271 1663 1336 quia
1718 1270 1776 1321 in
1833 1271 1926 1322 tali
1988 1270 2134 1321 febre
2183 1269 2358 1320 solent
2408 1266 2609 1318 medici

1535 1343 1833 1409 desperare.

1599 1430 1630 1480 7
1658 1414 1801 1473 Quin
1832 1429 2051 1464 urst-mr:
2079 1426 2370 1464 meumes-r
2396 1424 2612 1461 nurmx

1536 1500 1809 1534 anvssnrus
1826 1484 2047 1535 Cnmsrt
2067 1499 2120 1533 m
2141 1483 2286 1534 Caua
2304 1478 2610 1532 Gammae?

1537 1558 1725 1608 —Hoc
1745 1556 1933 1607 iterum
1950 1556 2238 1608 secundum
2251 1554 2615 1621 signumfecit

1537 1627 1695 1680 Jesus
1722 1629 1779 1678 in
1824 1629 1971 1679 Cana
2012 1628 2263 1687 Galilaeae,
2291 1626 2387 1677 ubi
2433 1626 2616 1693 primo

1540 1699 1770 1751 mutavit
1811 1714 2006 1766 aquam
2040 1699 2098 1748 in
2146 1698 2356 1758 vinum,
2380 1707 2433 1748 et
2470 1708 2618 1746 nunc

1541 1771 1778 1820 secundo
1847 1767 2050 1819 sanavit
2134 1768 2326 1834 Reguli
2415 1765 2616 1816 filium.

1543 1840 1803 1901 Quamvis
1851 1839 1999 1889 enim
2052 1839 2199 1890 filius
2243 1837 2456 1904 Reguli,
2489 1851 2617 1887 curn

1540 1913 1849 1973 salvaretur,
1893 1912 2272 1978 Capharnaum
2323 1910 2616 1970 fuerit,.le-

1541 1999 1636 2034 sus
1672 1993 1850 2033 tamen
1878 1981 1934 2031 in
1965 1982 2112 2032 Cana
2152 1982 2255 2032 hoc
2281 1981 2503 2048 signum
2531 1979 2620 2030 fe-

1543 2053 1641 2117 cit;
1685 2052 1814 2118 quia
1859 2051 1934 2101 ibi
1982 2052 2329 2117 corporaliter
2362 2050 2618 2109 existens,

1542 2125 1706 2176 verbo
1742 2139 1868 2175 eum
1908 2123 2104 2175 absens
2144 2124 2368 2174 sanavit.
2392 2122 2623 2188 Mystice

1544 2209 1725 2251 autern
1757 2213 1851 2264 per
1877 2196 2146 2264 duplicem
2175 2195 2397 2248 Domini
2424 2195 2625 2246 adven·

1546 2280 1664 2321 tum
1694 2270 1751 2319 in
1781 2268 1930 2319 Cana
1958 2266 2291 2334 significatur
2311 2267 2511 2333 duplex
2533 2266 2625 2317 ef-

1546 2341 1714 2392 fectus
1761 2339 1909 2391 verbi
1952 2339 2049 2390 Dei
2095 2339 2153 2389 in
2195 2348 2393 2389 mente.
2431 2338 2628 2389 Primo

1548 2412 1696 2463 enim
1757 2410 2005 2471 laetificat,
2071 2419 2125 2461 et
2176 2408 2513 2475 significatur
2561 2408 2627 2458 in

1548 2482 1808 2533 miraculo
1846 2480 2001 2541 vini,
2046 2480 2191 2547 quod
2240 2479 2483 2546 laetzficat
2529 2492 2633 2529 cor

1548 2557 1795 2608 hominis.
1823 2555 2066 2606 Secundo
2093 2563 2265 2614 sanat,
2313 2563 2366 2604 et
2394 2553 2499 2603 hoc
2538 2552 2630 2601 si-

1552 2627 1835 2696 gnificatur
1862 2628 1920 2679 in
1941 2643 2067 2679 cura
2093 2626 2313 2677 infirmi.
2348 2626 2501 2680 Item.
2530 2639 2634 2690 per

1551 2699 1655 2749 hoc
1720 2698 2059 2765 significatur
2112 2698 2311 2763 duplex
2359 2696 2638 2749 adventus

1552 2769 1678 2820 Filii
1720 2769 1836 2834 Dei,
1886 2769 2087 2821 scilicet
2132 2768 2360 2835 primus,
2390 2766 2486 2834 qui
2520 2766 2636 2818 fuit

1553 2839 1986 2891 mansuetudinis
2052 2839 2117 2890 ad
2196 2836 2584 2890 laetificandum
2613 2874 2632 2898 ,

1554 2910 1681 2978 quia
1711 2911 1766 2960 in
1796 2910 2070 2961 nativitate
2092 2910 2207 2975 ejus
2224 2909 2465 2974 Angelus
2491 2922 2636 2958 nun·

1554 2983 1706 3035 tiavit
1762 2984 2069 3050 pastoribus
2126 2993 2179 3034 et
2222 2982 2375 3034 omni
2421 2981 2634 3048 populo

1557 3072 1815 3124 magnum
1859 3056 2141 3124 gaudium;
2179 3065 2233 3108 et
2271 3056 2376 3106 hoc
2405 3053 2633 3121 signifi-

1556 3137 1703 3178 catur
1727 3143 1822 3193 per
1850 3127 2060 3179 vinum.
2099 3127 2377 3178 Secundus
2418 3125 2636 3176 adven-

1557 3207 1645 3248 tus
1669 3199 1784 3263 ejus
1811 3198 1869 3249 in
1889 3198 2174 3259 mundum,
2198 3198 2299 3247 erit
2316 3196 2637 3263 majestatiS,

1555 3271 1774 3336 quando
1822 3270 2001 3322 veniet
2048 3271 2236 3321 tollere
2284 3266 2640 3320 infirmitates

1559 3349 1610 3390 et
1636 3341 1967 3406 poenalitates
2007 3350 2234 3400 nostras,
2271 3348 2326 3390 et
2374 3338 2639 3404 configu-

1556 3424 1689 3461 rare
1715 3425 1813 3462 nos
1838 3412 2056 3479 corpori
2098 3410 2366 3463 claritatis
2405 3422 2526 3460 suae
2537 3424 2558 3472 3
2583 3415 2646 3457 et

1561 3480 1665 3533 hoc
1683 3480 2015 3549 significatur
2039 3482 2099 3534 in
2129 3497 2257 3534 cura
2283 3478 2512 3532 infirmi.

1368 3677 1644 3732 ORATIO

446 3828 680 3882 Domine
704 3830 833 3883 Jesu
859 3831 1096 3897 Christe,
1123 3834 1220 3902 qui
1247 3836 1314 3887 de
1345 3838 1547 3889 Judaeae
1587 3839 1844 3907 angelicae
1881 3838 2235 3891 confessionis
2261 3846 2315 3889 et
2348 3837 2547 3890 laudis,
2573 3829 2638 3883 in

387 3899 666 3954 Galilaeam
692 3913 866 3957 rotam
892 3905 1058 3972 hujus
1094 3907 1285 3960 mundi
1314 3909 1598 3972 advenisti,
1644 3912 1905 3979 quoniam
1945 3910 2198 3963 infirmus
2226 3925 2377 3967 sumo
2410 3913 2642 3969 tempo-
