<?xml version="1.0" encoding="UTF-8"?>
<!DOCTYPE html PUBLIC "-//W3C//DTD XHTML 1.0 Transitional//EN"
    "http://www.w3.org/TR/xhtml1/DTD/xhtml1-transitional.dtd">
<html xmlns="http://www.w3.org/1999/xhtml" xml:lang="en" lang="en">
 <head>
  <title>
</title>
<meta http-equiv="Content-Type" content="text/html;charset=utf-8" />
  <meta name='ocr-system' content='tesseract 3.04.00' />
  <meta name='ocr-capabilities' content='ocr_page ocr_carea ocr_par ocr_line ocrx_word'/>
</head>
<body>
  <div class='ocr_page' id='page_1' title='image "./vitajesuchristi01sachgoog_0185.png"; bbox 0 0 2757 4413; ppageno 0'>
   <div class='ocr_carea' id='block_1_1' title="bbox 307 292 2106 353">
    <p class='ocr_par' dir='ltr' id='par_1_1' title="bbox 307 292 2106 353">
     <span class='ocr_line' id='line_1_1' title="bbox 307 292 2106 353; baseline -0.003 -6"><span class='ocrx_word' id='word_1_1' title='bbox 307 297 397 347; x_wconf 91' lang='lat' dir='ltr'>DE</span> <span class='ocrx_word' id='word_1_2' title='bbox 425 295 821 346; x_wconf 80' lang='lat' dir='ltr'><strong>AMBITIONE</strong></span> <span class='ocrx_word' id='word_1_3' title='bbox 870 294 968 344; x_wconf 91' lang='lat' dir='ltr'>ET</span> <span class='ocrx_word' id='word_1_4' title='bbox 1002 293 1409 353; x_wconf 84' lang='lat' dir='ltr'><strong>QUIBUSDAM</strong></span> <span class='ocrx_word' id='word_1_5' title='bbox 1442 292 1619 343; x_wconf 80' lang='lat' dir='ltr'>ALIIS</span> <span class='ocrx_word' id='word_1_6' title='bbox 1645 292 2106 344; x_wconf 86' lang='lat' dir='ltr'><strong>DEFECTIBUS.</strong></span> 
     </span>
    </p>
   </div>
   <div class='ocr_carea' id='block_1_2' title="bbox 121 409 1186 3969">
    <p class='ocr_par' dir='ltr' id='par_1_2' title="bbox 121 409 1186 3969">
     <span class='ocr_line' id='line_1_2' title="bbox 125 409 1164 479; baseline -0.005 -16"><span class='ocrx_word' id='word_1_7' title='bbox 125 414 461 479; x_wconf 80' lang='lat' dir='ltr'>imprecantur</span> <span class='ocrx_word' id='word_1_8' title='bbox 480 411 697 477; x_wconf 79' lang='lat' dir='ltr'>saepiuS‚</span> <span class='ocrx_word' id='word_1_9' title='bbox 729 426 852 461; x_wconf 89' lang='lat' dir='ltr'>cum</span> <span class='ocrx_word' id='word_1_10' title='bbox 878 419 1050 469; x_wconf 89' lang='lat' dir='ltr'>orant,</span> <span class='ocrx_word' id='word_1_11' title='bbox 1074 409 1164 458; x_wconf 91' lang='lat' dir='ltr'>di—</span> 
     </span>
     <span class='ocr_line' id='line_1_3' title="bbox 125 481 1166 547; baseline -0.005 -12"><span class='ocrx_word' id='word_1_12' title='bbox 125 495 287 536; x_wconf 88' lang='lat' dir='ltr'>centes</span> <span class='ocrx_word' id='word_1_13' title='bbox 329 502 342 534; x_wconf 89' lang='lat'>:</span> <span class='ocrx_word' id='word_1_14' title='bbox 387 486 540 535; x_wconf 84' lang='lat' dir='ltr'>Deus</span> <span class='ocrx_word' id='word_1_15' title='bbox 579 498 724 534; x_wconf 85' lang='lat' dir='ltr'>meus</span> <span class='ocrx_word' id='word_1_16' title='bbox 765 497 906 547; x_wconf 83' lang='lat' dir='ltr'>pone</span> <span class='ocrx_word' id='word_1_17' title='bbox 942 481 1067 533; x_wconf 83' lang='lat' dir='ltr'>illos</span> <span class='ocrx_word' id='word_1_18' title='bbox 1109 487 1166 532; x_wconf 83' lang='lat' dir='ltr'>ut</span> 
     </span>
     <span class='ocr_line' id='line_1_4' title="bbox 125 555 1163 639; baseline -0.004 -30"><span class='ocrx_word' id='word_1_19' title='bbox 125 565 308 639; x_wconf 77' lang='lat' dir='ltr'>rotam;</span> <span class='ocrx_word' id='word_1_20' title='bbox 343 565 395 609; x_wconf 81' lang='lat' dir='ltr'>et</span> <span class='ocrx_word' id='word_1_21' title='bbox 433 558 575 608; x_wconf 81' lang='lat' dir='ltr'>sicut</span> <span class='ocrx_word' id='word_1_22' title='bbox 619 557 871 637; x_wconf 57' lang='lat' dir='ltr'>stipulam</span> <span class='ocrx_word' id='word_1_23' title='bbox 905 562 1029 607; x_wconf 82' lang='lat' dir='ltr'>ante</span> <span class='ocrx_word' id='word_1_24' title='bbox 1057 555 1163 621; x_wconf 82' lang='lat' dir='ltr'>sa-</span> 
     </span>
     <span class='ocr_line' id='line_1_5' title="bbox 122 626 1164 692; baseline -0.004 -13"><span class='ocrx_word' id='word_1_25' title='bbox 122 629 235 679; x_wconf 81' lang='lat' dir='ltr'>ciem</span> <span class='ocrx_word' id='word_1_26' title='bbox 271 629 428 678; x_wconf 80' lang='lat' dir='ltr'>venti.</span> <span class='ocrx_word' id='word_1_27' title='bbox 459 628 615 678; x_wconf 83' lang='lat' dir='ltr'>Sicut</span> <span class='ocrx_word' id='word_1_28' title='bbox 648 626 795 691; x_wconf 82' lang='lat' dir='ltr'>ignis</span> <span class='ocrx_word' id='word_1_29' title='bbox 830 626 923 692; x_wconf 84' lang='lat' dir='ltr'>qui</span> <span class='ocrx_word' id='word_1_30' title='bbox 963 627 1164 676; x_wconf 82' lang='lat' dir='ltr'>combu-</span> 
     </span>
     <span class='ocr_line' id='line_1_6' title="bbox 123 698 1164 764; baseline -0.003 -14"><span class='ocrx_word' id='word_1_31' title='bbox 123 702 187 751; x_wconf 81' lang='lat' dir='ltr'>rit</span> <span class='ocrx_word' id='word_1_32' title='bbox 211 701 416 762; x_wconf 82' lang='lat' dir='ltr'>silvam,</span> <span class='ocrx_word' id='word_1_33' title='bbox 450 705 504 750; x_wconf 81' lang='lat' dir='ltr'>et</span> <span class='ocrx_word' id='word_1_34' title='bbox 529 700 667 749; x_wconf 81' lang='lat' dir='ltr'>sicut</span> <span class='ocrx_word' id='word_1_35' title='bbox 681 698 909 764; x_wconf 84' lang='lat' dir='ltr'>flamma</span> <span class='ocrx_word' id='word_1_36' title='bbox 949 698 1164 748; x_wconf 84' lang='lat' dir='ltr'>combu-</span> 
     </span>
     <span class='ocr_line' id='line_1_7' title="bbox 122 769 1165 834; baseline -0.004 -12"><span class='ocrx_word' id='word_1_37' title='bbox 122 786 228 822; x_wconf 84' lang='lat' dir='ltr'>rens</span> <span class='ocrx_word' id='word_1_38' title='bbox 266 776 496 831; x_wconf 84' lang='lat' dir='ltr'>montes,</span> <span class='ocrx_word' id='word_1_39' title='bbox 549 770 625 820; x_wconf 87' lang='lat' dir='ltr'>ita</span> <span class='ocrx_word' id='word_1_40' title='bbox 656 769 997 834; x_wconf 79' lang='lat' dir='ltr'>persequeris</span> <span class='ocrx_word' id='word_1_41' title='bbox 1042 769 1165 818; x_wconf 84' lang='lat' dir='ltr'>illos</span> 
     </span>
     <span class='ocr_line' id='line_1_8' title="bbox 123 840 1166 908; baseline -0.004 -16"><span class='ocrx_word' id='word_1_42' title='bbox 123 843 495 908; x_wconf 77' lang='lat' dir='ltr'>intempestate</span> <span class='ocrx_word' id='word_1_43' title='bbox 525 847 633 903; x_wconf 85' lang='lat' dir='ltr'>tua,</span> <span class='ocrx_word' id='word_1_44' title='bbox 667 846 717 890; x_wconf 86' lang='lat' dir='ltr'>et</span> <span class='ocrx_word' id='word_1_45' title='bbox 740 840 794 889; x_wconf 83' lang='lat' dir='ltr'>in</span> <span class='ocrx_word' id='word_1_46' title='bbox 825 840 910 889; x_wconf 85' lang='lat' dir='ltr'>ira</span> <span class='ocrx_word' id='word_1_47' title='bbox 940 845 1031 889; x_wconf 81' lang='lat' dir='ltr'>tua</span> <span class='ocrx_word' id='word_1_48' title='bbox 1060 846 1166 889; x_wconf 87' lang='lat' dir='ltr'>tur·</span> 
     </span>
     <span class='ocr_line' id='line_1_9' title="bbox 123 908 1168 975; baseline -0.002 -14"><span class='ocrx_word' id='word_1_49' title='bbox 123 912 252 961; x_wconf 80' lang='lat' dir='ltr'>babis</span> <span class='ocrx_word' id='word_1_50' title='bbox 273 926 384 963; x_wconf 78' lang='lat' dir='ltr'>eos·</span> <span class='ocrx_word' id='word_1_51' title='bbox 412 909 588 975; x_wconf 84' lang='lat' dir='ltr'>Imple</span> <span class='ocrx_word' id='word_1_52' title='bbox 602 910 784 975; x_wconf 82' lang='lat' dir='ltr'>facies</span> <span class='ocrx_word' id='word_1_53' title='bbox 806 924 986 960; x_wconf 87' lang='lat' dir='ltr'>eorum</span> <span class='ocrx_word' id='word_1_54' title='bbox 1016 908 1168 975; x_wconf 84' lang='lat' dir='ltr'>igno-</span> 
     </span>
     <span class='ocr_line' id='line_1_10' title="bbox 121 980 1166 1045; baseline 0.001 -16"><span class='ocrx_word' id='word_1_55' title='bbox 121 981 292 1043; x_wconf 76' lang='lat' dir='ltr'>minia5</span> <span class='ocrx_word' id='word_1_56' title='bbox 308 987 361 1029; x_wconf 82' lang='lat' dir='ltr'>et</span> <span class='ocrx_word' id='word_1_57' title='bbox 379 986 622 1045; x_wconf 83' lang='lat' dir='ltr'>quaerent</span> <span class='ocrx_word' id='word_1_58' title='bbox 646 994 828 1030; x_wconf 87' lang='lat' dir='ltr'>nomen</span> <span class='ocrx_word' id='word_1_59' title='bbox 855 985 1014 1040; x_wconf 84' lang='lat' dir='ltr'>tuum,</span> <span class='ocrx_word' id='word_1_60' title='bbox 1047 980 1166 1030; x_wconf 91' lang='lat' dir='ltr'>Do-</span> 
     </span>
     <span class='ocr_line' id='line_1_11' title="bbox 122 1055 1166 1105; baseline -0.001 0"><span class='ocrx_word' id='word_1_61' title='bbox 122 1056 255 1105; x_wconf 76' lang='lat' dir='ltr'>mine.</span> <span class='ocrx_word' id='word_1_62' title='bbox 305 1055 649 1105; x_wconf 81' lang='lat' dir='ltr'>Erubescant</span> <span class='ocrx_word' id='word_1_63' title='bbox 698 1060 749 1104; x_wconf 87' lang='lat' dir='ltr'>et</span> <span class='ocrx_word' id='word_1_64' title='bbox 792 1055 1166 1104; x_wconf 84' lang='lat' dir='ltr'><em>conturbentur</em></span> 
     </span>
     <span class='ocr_line' id='line_1_12' title="bbox 122 1124 1166 1188; baseline 0 -14"><span class='ocrx_word' id='word_1_65' title='bbox 122 1126 164 1174; x_wconf 79' lang='lat' dir='ltr'>in</span> <span class='ocrx_word' id='word_1_66' title='bbox 190 1125 418 1176; x_wconf 83' lang='lat' dir='ltr'>seculum</span> <span class='ocrx_word' id='word_1_67' title='bbox 450 1124 620 1174; x_wconf 82' lang='lat' dir='ltr'>seculi</span> <span class='ocrx_word' id='word_1_68' title='bbox 628 1140 649 1186; x_wconf 91' lang='lat'><em>;</em></span> <span class='ocrx_word' id='word_1_69' title='bbox 682 1130 735 1174; x_wconf 83' lang='lat' dir='ltr'>et</span> <span class='ocrx_word' id='word_1_70' title='bbox 771 1125 1166 1188; x_wconf 82' lang='lat' dir='ltr'>confundantur·</span> 
     </span>
     <span class='ocr_line' id='line_1_13' title="bbox 123 1196 1166 1264; baseline -0.002 -16"><span class='ocrx_word' id='word_1_71' title='bbox 123 1204 163 1248; x_wconf 77' lang='lat' dir='ltr'>et</span> <span class='ocrx_word' id='word_1_72' title='bbox 189 1203 430 1264; x_wconf 84' lang='lat' dir='ltr'>pereant.</span> <span class='ocrx_word' id='word_1_73' title='bbox 471 1196 577 1247; x_wconf 90' lang='lat' dir='ltr'>Ubi</span> <span class='ocrx_word' id='word_1_74' title='bbox 621 1206 746 1247; x_wconf 90' lang='lat' dir='ltr'>nota</span> <span class='ocrx_word' id='word_1_75' title='bbox 786 1196 1051 1251; x_wconf 82' lang='lat' dir='ltr'>visionem</span> <span class='ocrx_word' id='word_1_76' title='bbox 1100 1197 1166 1247; x_wconf 92' lang='lat' dir='ltr'>de</span> 
     </span>
     <span class='ocr_line' id='line_1_14' title="bbox 122 1267 1165 1335; baseline 0 -16"><span class='ocrx_word' id='word_1_77' title='bbox 122 1271 334 1335; x_wconf 89' lang='lat' dir='ltr'>quodam</span> <span class='ocrx_word' id='word_1_78' title='bbox 372 1267 632 1318; x_wconf 90' lang='lat' dir='ltr'>Pontifice</span> <span class='ocrx_word' id='word_1_79' title='bbox 656 1269 821 1319; x_wconf 88' lang='lat' dir='ltr'>nimis</span> <span class='ocrx_word' id='word_1_80' title='bbox 843 1270 906 1318; x_wconf 94' lang='lat' dir='ltr'>ad</span> <span class='ocrx_word' id='word_1_81' title='bbox 932 1270 1165 1319; x_wconf 85' lang='lat' dir='ltr'>carnales</span> 
     </span>
     <span class='ocr_line' id='line_1_15' title="bbox 123 1339 1168 1405; baseline -0.001 -16"><span class='ocrx_word' id='word_1_82' title='bbox 123 1341 304 1390; x_wconf 86' lang='lat' dir='ltr'>amicos</span> <span class='ocrx_word' id='word_1_83' title='bbox 358 1339 578 1398; x_wconf 83' lang='lat' dir='ltr'>affecto,</span> <span class='ocrx_word' id='word_1_84' title='bbox 637 1354 754 1404; x_wconf 85' lang='lat' dir='ltr'>quae</span> <span class='ocrx_word' id='word_1_85' title='bbox 813 1339 992 1389; x_wconf 89' lang='lat' dir='ltr'>statim</span> <span class='ocrx_word' id='word_1_86' title='bbox 1048 1348 1168 1405; x_wconf 90' lang='lat' dir='ltr'>post</span> 
     </span>
     <span class='ocr_line' id='line_1_16' title="bbox 125 1411 1166 1476; baseline 0 -15"><span class='ocrx_word' id='word_1_87' title='bbox 125 1423 332 1463; x_wconf 88' lang='lat' dir='ltr'>mortem</span> <span class='ocrx_word' id='word_1_88' title='bbox 395 1413 512 1476; x_wconf 85' lang='lat' dir='ltr'>ejus</span> <span class='ocrx_word' id='word_1_89' title='bbox 567 1422 778 1462; x_wconf 87' lang='lat' dir='ltr'>ostensa</span> <span class='ocrx_word' id='word_1_90' title='bbox 832 1422 911 1462; x_wconf 90' lang='lat' dir='ltr'>est</span> <span class='ocrx_word' id='word_1_91' title='bbox 955 1411 1166 1463; x_wconf 88' lang='lat' dir='ltr'>cuidam</span> 
     </span>
     <span class='ocr_line' id='line_1_17' title="bbox 127 1482 1166 1548; baseline 0.001 -17"><span class='ocrx_word' id='word_1_92' title='bbox 127 1483 303 1548; x_wconf 84' lang='lat' dir='ltr'>Legato</span> <span class='ocrx_word' id='word_1_93' title='bbox 331 1482 582 1532; x_wconf 84' lang='lat' dir='ltr'>Ecclesiae</span> <span class='ocrx_word' id='word_1_94' title='bbox 614 1482 671 1531; x_wconf 91' lang='lat' dir='ltr'>in</span> <span class='ocrx_word' id='word_1_95' title='bbox 712 1482 797 1531; x_wconf 91' lang='lat' dir='ltr'>via</span> <span class='ocrx_word' id='word_1_96' title='bbox 826 1483 931 1546; x_wconf 85' lang='lat' dir='ltr'>jam</span> <span class='ocrx_word' id='word_1_97' title='bbox 972 1482 1166 1548; x_wconf 74' lang='lat' dir='ltr'>posito,</span> 
     </span>
     <span class='ocr_line' id='line_1_18' title="bbox 129 1555 1171 1615; baseline 0 -11"><span class='ocrx_word' id='word_1_98' title='bbox 129 1555 352 1615; x_wconf 89' lang='lat' dir='ltr'>Quodam</span> <span class='ocrx_word' id='word_1_99' title='bbox 385 1555 535 1604; x_wconf 91' lang='lat' dir='ltr'>enim</span> <span class='ocrx_word' id='word_1_100' title='bbox 562 1571 736 1613; x_wconf 86' lang='lat' dir='ltr'>mane,</span> <span class='ocrx_word' id='word_1_101' title='bbox 760 1571 882 1605; x_wconf 92' lang='lat' dir='ltr'>cum</span> <span class='ocrx_word' id='word_1_102' title='bbox 906 1555 1048 1605; x_wconf 92' lang='lat' dir='ltr'>idem</span> <span class='ocrx_word' id='word_1_103' title='bbox 1080 1556 1171 1605; x_wconf 90' lang='lat' dir='ltr'>Le-</span> 
     </span>
     <span class='ocr_line' id='line_1_19' title="bbox 130 1626 1168 1690; baseline 0.002 -16"><span class='ocrx_word' id='word_1_104' title='bbox 130 1634 261 1690; x_wconf 86' lang='lat' dir='ltr'>gatus</span> <span class='ocrx_word' id='word_1_105' title='bbox 296 1626 552 1675; x_wconf 83' lang='lat' dir='ltr'>excitatus</span> <span class='ocrx_word' id='word_1_106' title='bbox 581 1641 611 1675; x_wconf 93' lang='lat' dir='ltr'>a</span> <span class='ocrx_word' id='word_1_107' title='bbox 637 1641 829 1675; x_wconf 92' lang='lat' dir='ltr'>somno</span> <span class='ocrx_word' id='word_1_108' title='bbox 858 1627 1018 1676; x_wconf 84' lang='lat' dir='ltr'>vellet</span> <span class='ocrx_word' id='word_1_109' title='bbox 1045 1641 1168 1676; x_wconf 87' lang='lat' dir='ltr'>ora-</span> 
     </span>
     <span class='ocr_line' id='line_1_20' title="bbox 131 1697 1172 1760; baseline 0.002 -14"><span class='ocrx_word' id='word_1_110' title='bbox 131 1713 181 1746; x_wconf 93' lang='lat' dir='ltr'>re</span> <span class='ocrx_word' id='word_1_111' title='bbox 215 1708 271 1748; x_wconf 91' lang='lat' dir='ltr'>ut</span> <span class='ocrx_word' id='word_1_112' title='bbox 317 1707 685 1760; x_wconf 88' lang='lat' dir='ltr'>consueverat,</span> <span class='ocrx_word' id='word_1_113' title='bbox 734 1697 1039 1748; x_wconf 89' lang='lat' dir='ltr'>submissus</span> <span class='ocrx_word' id='word_1_114' title='bbox 1093 1707 1172 1748; x_wconf 88' lang='lat' dir='ltr'>est</span> 
     </span>
     <span class='ocr_line' id='line_1_21' title="bbox 133 1767 1172 1833; baseline 0.002 -17"><span class='ocrx_word' id='word_1_115' title='bbox 133 1768 326 1831; x_wconf 91' lang='lat' dir='ltr'>quidam</span> <span class='ocrx_word' id='word_1_116' title='bbox 363 1769 552 1827; x_wconf 76' lang='lat' dir='ltr'>lectus„</span> <span class='ocrx_word' id='word_1_117' title='bbox 590 1767 646 1817; x_wconf 90' lang='lat' dir='ltr'>in</span> <span class='ocrx_word' id='word_1_118' title='bbox 682 1767 959 1833; x_wconf 89' lang='lat' dir='ltr'>superficie</span> <span class='ocrx_word' id='word_1_119' title='bbox 997 1768 1172 1818; x_wconf 90' lang='lat' dir='ltr'>aureis</span> 
     </span>
     <span class='ocr_line' id='line_1_22' title="bbox 138 1839 1172 1904; baseline 0.002 -17"><span class='ocrx_word' id='word_1_120' title='bbox 138 1840 326 1903; x_wconf 82' lang='lat' dir='ltr'>tapetiis</span> <span class='ocrx_word' id='word_1_121' title='bbox 384 1839 796 1904; x_wconf 85' lang='lat' dir='ltr'>circumseptus,</span> <span class='ocrx_word' id='word_1_122' title='bbox 858 1839 911 1888; x_wconf 89' lang='lat' dir='ltr'>in</span> <span class='ocrx_word' id='word_1_123' title='bbox 965 1854 1172 1890; x_wconf 90' lang='lat' dir='ltr'>camera</span> 
     </span>
     <span class='ocr_line' id='line_1_23' title="bbox 136 1909 1170 1976; baseline -0.001 -18"><span class='ocrx_word' id='word_1_124' title='bbox 136 1909 214 1959; x_wconf 88' lang='lat' dir='ltr'>ubi</span> <span class='ocrx_word' id='word_1_125' title='bbox 240 1910 559 1976; x_wconf 85' lang='lat' dir='ltr'>quiescebat,</span> <span class='ocrx_word' id='word_1_126' title='bbox 593 1910 648 1958; x_wconf 92' lang='lat' dir='ltr'>in</span> <span class='ocrx_word' id='word_1_127' title='bbox 683 1925 792 1975; x_wconf 93' lang='lat' dir='ltr'>quo</span> <span class='ocrx_word' id='word_1_128' title='bbox 824 1910 1057 1959; x_wconf 89' lang='lat' dir='ltr'>residere</span> <span class='ocrx_word' id='word_1_129' title='bbox 1085 1909 1170 1961; x_wconf 88' lang='lat' dir='ltr'>vi-</span> 
     </span>
     <span class='ocr_line' id='line_1_24' title="bbox 138 1982 1170 2048; baseline 0.002 -18"><span class='ocrx_word' id='word_1_130' title='bbox 138 1983 332 2033; x_wconf 82' lang='lat' dir='ltr'>debatur</span> <span class='ocrx_word' id='word_1_131' title='bbox 362 1983 476 2048; x_wconf 89' lang='lat' dir='ltr'>ipse</span> <span class='ocrx_word' id='word_1_132' title='bbox 504 1982 806 2041; x_wconf 77' lang='lat' dir='ltr'>defunctuS,</span> <span class='ocrx_word' id='word_1_133' title='bbox 840 1983 904 2032; x_wconf 91' lang='lat' dir='ltr'>ad</span> <span class='ocrx_word' id='word_1_134' title='bbox 949 1983 1170 2033; x_wconf 92' lang='lat' dir='ltr'>modum</span> 
     </span>
     <span class='ocr_line' id='line_1_25' title="bbox 140 2052 1172 2118; baseline 0.001 -17"><span class='ocrx_word' id='word_1_135' title='bbox 140 2052 383 2103; x_wconf 87' lang='lat' dir='ltr'>Pontificis</span> <span class='ocrx_word' id='word_1_136' title='bbox 424 2062 671 2115; x_wconf 84' lang='lat' dir='ltr'>ornatus3</span> <span class='ocrx_word' id='word_1_137' title='bbox 708 2062 760 2103; x_wconf 93' lang='lat' dir='ltr'>et</span> <span class='ocrx_word' id='word_1_138' title='bbox 801 2053 857 2102; x_wconf 91' lang='lat' dir='ltr'>in</span> <span class='ocrx_word' id='word_1_139' title='bbox 902 2069 1032 2118; x_wconf 87' lang='lat' dir='ltr'>gyro</span> <span class='ocrx_word' id='word_1_140' title='bbox 1059 2053 1172 2117; x_wconf 82' lang='lat' dir='ltr'>ejus</span> 
     </span>
     <span class='ocr_line' id='line_1_26' title="bbox 141 2124 1173 2188; baseline 0.001 -17"><span class='ocrx_word' id='word_1_141' title='bbox 141 2124 273 2172; x_wconf 88' lang='lat' dir='ltr'>multi</span> <span class='ocrx_word' id='word_1_142' title='bbox 305 2125 367 2173; x_wconf 92' lang='lat' dir='ltr'>de</span> <span class='ocrx_word' id='word_1_143' title='bbox 398 2138 591 2188; x_wconf 86' lang='lat' dir='ltr'><em>genere</em></span> <span class='ocrx_word' id='word_1_144' title='bbox 620 2139 720 2173; x_wconf 91' lang='lat' dir='ltr'>suo</span> <span class='ocrx_word' id='word_1_145' title='bbox 759 2138 852 2188; x_wconf 92' lang='lat' dir='ltr'>per</span> <span class='ocrx_word' id='word_1_146' title='bbox 887 2138 1009 2173; x_wconf 91' lang='lat' dir='ltr'>eum</span> <span class='ocrx_word' id='word_1_147' title='bbox 1044 2138 1173 2188; x_wconf 89' lang='lat' dir='ltr'>pro-</span> 
     </span>
     <span class='ocr_line' id='line_1_27' title="bbox 143 2193 1168 2258; baseline 0.002 -16"><span class='ocrx_word' id='word_1_148' title='bbox 143 2194 251 2243; x_wconf 85' lang='lat' dir='ltr'>moti</span> <span class='ocrx_word' id='word_1_149' title='bbox 290 2204 340 2245; x_wconf 91' lang='lat' dir='ltr'>et</span> <span class='ocrx_word' id='word_1_150' title='bbox 379 2193 553 2254; x_wconf 89' lang='lat' dir='ltr'>ditati,</span> <span class='ocrx_word' id='word_1_151' title='bbox 591 2194 841 2245; x_wconf 85' lang='lat' dir='ltr'>choream</span> <span class='ocrx_word' id='word_1_152' title='bbox 880 2194 1168 2258; x_wconf 80' lang='lat' dir='ltr'>ducebant3</span> 
     </span>
     <span class='ocr_line' id='line_1_28' title="bbox 143 2266 1171 2331; baseline 0.001 -17"><span class='ocrx_word' id='word_1_153' title='bbox 143 2275 186 2314; x_wconf 88' lang='lat' dir='ltr'>et</span> <span class='ocrx_word' id='word_1_154' title='bbox 205 2266 481 2316; x_wconf 84' lang='lat' dir='ltr'>cantilenas</span> <span class='ocrx_word' id='word_1_155' title='bbox 521 2266 777 2331; x_wconf 87' lang='lat' dir='ltr'>lugubres</span> <span class='ocrx_word' id='word_1_156' title='bbox 808 2275 1088 2316; x_wconf 77' lang='lat' dir='ltr'>cantantes·</span> <span class='ocrx_word' id='word_1_157' title='bbox 1116 2266 1171 2315; x_wconf 88' lang='lat' dir='ltr'>in</span> 
     </span>
     <span class='ocr_line' id='line_1_29' title="bbox 142 2336 1174 2402; baseline 0.002 -18"><span class='ocrx_word' id='word_1_158' title='bbox 142 2336 266 2386; x_wconf 88' lang='lat' dir='ltr'>hunc</span> <span class='ocrx_word' id='word_1_159' title='bbox 307 2337 526 2386; x_wconf 90' lang='lat' dir='ltr'>modum</span> <span class='ocrx_word' id='word_1_160' title='bbox 571 2336 968 2402; x_wconf 84' lang='lat' dir='ltr'>proclamabant</span> <span class='ocrx_word' id='word_1_161' title='bbox 1003 2354 1017 2386; x_wconf 77' lang='lat' dir='ltr'>z</span> <span class='ocrx_word' id='word_1_162' title='bbox 1056 2338 1174 2386; x_wconf 88' lang='lat' dir='ltr'>Ma-</span> 
     </span>
     <span class='ocr_line' id='line_1_30' title="bbox 143 2409 1172 2475; baseline 0.003 -18"><span class='ocrx_word' id='word_1_163' title='bbox 143 2409 305 2459; x_wconf 87' lang='lat' dir='ltr'>ledicta</span> <span class='ocrx_word' id='word_1_164' title='bbox 349 2410 635 2475; x_wconf 91' lang='lat' dir='ltr'>promoti0‚</span> <span class='ocrx_word' id='word_1_165' title='bbox 685 2420 737 2459; x_wconf 89' lang='lat' dir='ltr'>et</span> <span class='ocrx_word' id='word_1_166' title='bbox 779 2410 1024 2460; x_wconf 89' lang='lat' dir='ltr'>exaltatio</span> <span class='ocrx_word' id='word_1_167' title='bbox 1065 2421 1172 2469; x_wconf 89' lang='lat' dir='ltr'>tua,</span> 
     </span>
     <span class='ocr_line' id='line_1_31' title="bbox 144 2479 1173 2546; baseline 0.002 -17"><span class='ocrx_word' id='word_1_168' title='bbox 144 2488 191 2528; x_wconf 81' lang='lat' dir='ltr'>tu</span> <span class='ocrx_word' id='word_1_169' title='bbox 213 2480 348 2529; x_wconf 91' lang='lat' dir='ltr'>enim</span> <span class='ocrx_word' id='word_1_170' title='bbox 378 2496 435 2530; x_wconf 91' lang='lat' dir='ltr'>es</span> <span class='ocrx_word' id='word_1_171' title='bbox 464 2479 781 2546; x_wconf 83' lang='lat' dir='ltr'>perditionis</span> <span class='ocrx_word' id='word_1_172' title='bbox 821 2490 1015 2530; x_wconf 86' lang='lat' dir='ltr'>nostrae</span> <span class='ocrx_word' id='word_1_173' title='bbox 1048 2497 1173 2531; x_wconf 89' lang='lat' dir='ltr'>cau-</span> 
     </span>
     <span class='ocr_line' id='line_1_32' title="bbox 144 2550 1174 2617; baseline 0.002 -18"><span class='ocrx_word' id='word_1_174' title='bbox 144 2564 203 2599; x_wconf 81' lang='lat' dir='ltr'>sa.</span> <span class='ocrx_word' id='word_1_175' title='bbox 239 2550 326 2600; x_wconf 90' lang='lat' dir='ltr'>llle</span> <span class='ocrx_word' id='word_1_176' title='bbox 370 2566 495 2600; x_wconf 90' lang='lat' dir='ltr'>vero</span> <span class='ocrx_word' id='word_1_177' title='bbox 539 2551 956 2616; x_wconf 86' lang='lat' dir='ltr'>circumquaque</span> <span class='ocrx_word' id='word_1_178' title='bbox 998 2551 1174 2617; x_wconf 71' lang='lat' dir='ltr'>respi-</span> 
     </span>
     <span class='ocr_line' id='line_1_33' title="bbox 145 2619 1176 2680; baseline 0.002 -11"><span class='ocrx_word' id='word_1_179' title='bbox 145 2619 282 2680; x_wconf 86' lang='lat' dir='ltr'>ciens,</span> <span class='ocrx_word' id='word_1_180' title='bbox 324 2621 757 2671; x_wconf 88' lang='lat' dir='ltr'>maledictionem</span> <span class='ocrx_word' id='word_1_181' title='bbox 812 2621 1060 2671; x_wconf 88' lang='lat' dir='ltr'>similiter</span> <span class='ocrx_word' id='word_1_182' title='bbox 1098 2622 1176 2671; x_wconf 89' lang='lat' dir='ltr'>eis</span> 
     </span>
     <span class='ocr_line' id='line_1_34' title="bbox 146 2694 1176 2760; baseline 0 -15"><span class='ocrx_word' id='word_1_183' title='bbox 146 2694 522 2760; x_wconf 87' lang='lat' dir='ltr'>imprecabatur,</span> <span class='ocrx_word' id='word_1_184' title='bbox 543 2696 729 2746; x_wconf 91' lang='lat' dir='ltr'>dicens</span> <span class='ocrx_word' id='word_1_185' title='bbox 757 2712 770 2746; x_wconf 75' lang='grc' dir='ltr'><strong><em>ε</em></strong></span> <span class='ocrx_word' id='word_1_186' title='bbox 799 2695 1059 2746; x_wconf 91' lang='lat' dir='ltr'>Maledicti</span> <span class='ocrx_word' id='word_1_187' title='bbox 1080 2712 1176 2746; x_wconf 88' lang='lat' dir='ltr'>vos</span> 
     </span>
     <span class='ocr_line' id='line_1_35' title="bbox 147 2766 1177 2832; baseline 0.002 -18"><span class='ocrx_word' id='word_1_188' title='bbox 147 2779 171 2814; x_wconf 86' lang='lat' dir='ltr'>a</span> <span class='ocrx_word' id='word_1_189' title='bbox 204 2767 323 2826; x_wconf 90' lang='lat' dir='ltr'>De0,</span> <span class='ocrx_word' id='word_1_190' title='bbox 379 2766 508 2831; x_wconf 89' lang='lat' dir='ltr'>quia</span> <span class='ocrx_word' id='word_1_191' title='bbox 551 2777 768 2832; x_wconf 89' lang='lat' dir='ltr'>propter</span> <span class='ocrx_word' id='word_1_192' title='bbox 811 2782 906 2817; x_wconf 88' lang='lat' dir='ltr'>vos</span> <span class='ocrx_word' id='word_1_193' title='bbox 951 2767 1177 2817; x_wconf 84' lang='lat' dir='ltr'>traditus</span> 
     </span>
     <span class='ocr_line' id='line_1_36' title="bbox 147 2838 1175 2904; baseline 0.001 -17"><span class='ocrx_word' id='word_1_194' title='bbox 147 2851 241 2888; x_wconf 84' lang='lat' dir='ltr'>sum</span> <span class='ocrx_word' id='word_1_195' title='bbox 275 2839 384 2903; x_wconf 87' lang='lat' dir='ltr'>igni</span> <span class='ocrx_word' id='word_1_196' title='bbox 420 2848 696 2904; x_wconf 89' lang='lat' dir='ltr'>perpetuo.</span> <span class='ocrx_word' id='word_1_197' title='bbox 729 2839 793 2888; x_wconf 89' lang='lat' dir='ltr'>Et</span> <span class='ocrx_word' id='word_1_198' title='bbox 831 2838 946 2888; x_wconf 87' lang='lat' dir='ltr'>haec</span> <span class='ocrx_word' id='word_1_199' title='bbox 974 2838 1175 2902; x_wconf 79' lang='lat' dir='ltr'>dicenS,</span> 
     </span>
     <span class='ocr_line' id='line_1_37' title="bbox 147 2909 1179 2974; baseline 0.002 -16"><span class='ocrx_word' id='word_1_200' title='bbox 147 2909 512 2974; x_wconf 86' lang='lat' dir='ltr'>coopertorium</span> <span class='ocrx_word' id='word_1_201' title='bbox 570 2924 791 2958; x_wconf 92' lang='lat' dir='ltr'>aureum</span> <span class='ocrx_word' id='word_1_202' title='bbox 844 2909 1082 2968; x_wconf 89' lang='lat' dir='ltr'>elevavit,</span> <span class='ocrx_word' id='word_1_203' title='bbox 1129 2920 1179 2960; x_wconf 92' lang='lat' dir='ltr'>et</span> 
     </span>
     <span class='ocr_line' id='line_1_38' title="bbox 149 2978 1179 3030; baseline 0.002 -3"><span class='ocrx_word' id='word_1_204' title='bbox 149 2978 333 3029; x_wconf 86' lang='lat' dir='ltr'>flamma</span> <span class='ocrx_word' id='word_1_205' title='bbox 380 2980 447 3029; x_wconf 87' lang='lat' dir='ltr'>de</span> <span class='ocrx_word' id='word_1_206' title='bbox 485 2981 619 3029; x_wconf 93' lang='lat' dir='ltr'>lecto</span> <span class='ocrx_word' id='word_1_207' title='bbox 662 2995 784 3029; x_wconf 92' lang='lat' dir='ltr'>cum</span> <span class='ocrx_word' id='word_1_208' title='bbox 835 2979 985 3028; x_wconf 91' lang='lat' dir='ltr'>fumo</span> <span class='ocrx_word' id='word_1_209' title='bbox 1033 2978 1179 3030; x_wconf 87' lang='lat' dir='ltr'>foeti-</span> 
     </span>
     <span class='ocr_line' id='line_1_39' title="bbox 148 3051 1178 3115; baseline 0.005 -17"><span class='ocrx_word' id='word_1_210' title='bbox 148 3051 342 3102; x_wconf 90' lang='lat' dir='ltr'>dissimo</span> <span class='ocrx_word' id='word_1_211' title='bbox 375 3051 646 3115; x_wconf 81' lang='lat' dir='ltr'>ascendit3</span> <span class='ocrx_word' id='word_1_212' title='bbox 689 3061 740 3101; x_wconf 92' lang='lat' dir='ltr'>et</span> <span class='ocrx_word' id='word_1_213' title='bbox 784 3051 860 3101; x_wconf 90' lang='lat' dir='ltr'>sic</span> <span class='ocrx_word' id='word_1_214' title='bbox 903 3051 1038 3101; x_wconf 86' lang='lat' dir='ltr'>visio</span> <span class='ocrx_word' id='word_1_215' title='bbox 1068 3052 1178 3103; x_wconf 91' lang='lat' dir='ltr'>dis-</span> 
     </span>
     <span class='ocr_line' id='line_1_40' title="bbox 150 3121 1181 3187; baseline 0.003 -17"><span class='ocrx_word' id='word_1_216' title='bbox 150 3122 314 3184; x_wconf 88' lang='lat' dir='ltr'>paruit.</span> <span class='ocrx_word' id='word_1_217' title='bbox 363 3123 490 3171; x_wconf 87' lang='lat' dir='ltr'>Haec</span> <span class='ocrx_word' id='word_1_218' title='bbox 530 3130 708 3171; x_wconf 92' lang='lat' dir='ltr'>autem</span> <span class='ocrx_word' id='word_1_219' title='bbox 754 3121 891 3171; x_wconf 89' lang='lat' dir='ltr'>visio</span> <span class='ocrx_word' id='word_1_220' title='bbox 932 3123 1181 3187; x_wconf 89' lang='lat' dir='ltr'>praedicto</span> 
     </span>
     <span class='ocr_line' id='line_1_41' title="bbox 150 3191 1181 3258; baseline 0.003 -17"><span class='ocrx_word' id='word_1_221' title='bbox 150 3191 335 3257; x_wconf 84' lang='lat' dir='ltr'>LegatO,</span> <span class='ocrx_word' id='word_1_222' title='bbox 368 3194 575 3258; x_wconf 88' lang='lat' dir='ltr'>Angelo</span> <span class='ocrx_word' id='word_1_223' title='bbox 619 3193 723 3242; x_wconf 91' lang='lat' dir='ltr'>sibi</span> <span class='ocrx_word' id='word_1_224' title='bbox 756 3192 1032 3255; x_wconf 89' lang='lat' dir='ltr'>referente,</span> <span class='ocrx_word' id='word_1_225' title='bbox 1063 3194 1181 3244; x_wconf 91' lang='lat' dir='ltr'>ideo</span> 
     </span>
     <span class='ocr_line' id='line_1_42' title="bbox 150 3262 1183 3328; baseline 0.003 -17"><span class='ocrx_word' id='word_1_226' title='bbox 150 3273 332 3312; x_wconf 85' lang='lat' dir='ltr'>ostensa</span> <span class='ocrx_word' id='word_1_227' title='bbox 380 3262 502 3322; x_wconf 82' lang='lat' dir='ltr'>fuit,</span> <span class='ocrx_word' id='word_1_228' title='bbox 550 3273 607 3312; x_wconf 80' lang='lat' dir='ltr'>ut</span> <span class='ocrx_word' id='word_1_229' title='bbox 659 3263 773 3328; x_wconf 92' lang='lat' dir='ltr'>ipse</span> <span class='ocrx_word' id='word_1_230' title='bbox 827 3277 858 3312; x_wconf 88' lang='lat' dir='ltr'>a</span> <span class='ocrx_word' id='word_1_231' title='bbox 912 3262 1183 3315; x_wconf 89' lang='lat' dir='ltr'>similibus</span> 
     </span>
     <span class='ocr_line' id='line_1_43' title="bbox 152 3333 1185 3401; baseline 0.005 -20"><span class='ocrx_word' id='word_1_232' title='bbox 152 3333 429 3394; x_wconf 84' lang='lat' dir='ltr'>abstineret,</span> <span class='ocrx_word' id='word_1_233' title='bbox 465 3334 593 3401; x_wconf 86' lang='lat' dir='ltr'>quia</span> <span class='ocrx_word' id='word_1_234' title='bbox 634 3335 870 3385; x_wconf 89' lang='lat' dir='ltr'>defuncti</span> <span class='ocrx_word' id='word_1_235' title='bbox 913 3351 1185 3387; x_wconf 89' lang='lat' dir='ltr'>successor</span> 
     </span>
     <span class='ocr_line' id='line_1_44' title="bbox 152 3404 1185 3474; baseline 0.002 -19"><span class='ocrx_word' id='word_1_236' title='bbox 152 3404 338 3457; x_wconf 82' lang='lat' dir='ltr'>futurus</span> <span class='ocrx_word' id='word_1_237' title='bbox 392 3418 546 3458; x_wconf 89' lang='lat' dir='ltr'>esset.</span> <span class='ocrx_word' id='word_1_238' title='bbox 595 3408 722 3457; x_wconf 87' lang='lat' dir='ltr'>Post</span> <span class='ocrx_word' id='word_1_239' title='bbox 771 3409 901 3468; x_wconf 86' lang='lat' dir='ltr'>haec,</span> <span class='ocrx_word' id='word_1_240' title='bbox 950 3409 1185 3474; x_wconf 92' lang='lat' dir='ltr'>quodam</span> 
     </span>
     <span class='ocr_line' id='line_1_45' title="bbox 153 3478 1184 3558; baseline 0.003 -33"><span class='ocrx_word' id='word_1_241' title='bbox 153 3485 394 3558; x_wconf 82' lang='lat' dir='ltr'>tempore,</span> <span class='ocrx_word' id='word_1_242' title='bbox 451 3478 671 3544; x_wconf 89' lang='lat' dir='ltr'>quidam</span> <span class='ocrx_word' id='word_1_243' title='bbox 738 3479 974 3530; x_wconf 87' lang='lat' dir='ltr'>Pontifex</span> <span class='ocrx_word' id='word_1_244' title='bbox 1028 3479 1184 3537; x_wconf 82' lang='lat' dir='ltr'>aliuS,</span> 
     </span>
     <span class='ocr_line' id='line_1_46' title="bbox 157 3548 1185 3627; baseline 0.005 -33"><span class='ocrx_word' id='word_1_245' title='bbox 157 3548 452 3627; x_wconf 82' lang='lat' dir='ltr'>promotioni</span> <span class='ocrx_word' id='word_1_246' title='bbox 526 3548 821 3598; x_wconf 88' lang='lat' dir='ltr'>carnalium</span> <span class='ocrx_word' id='word_1_247' title='bbox 888 3549 1185 3599; x_wconf 86' lang='lat' dir='ltr'>amicorum</span> 
     </span>
     <span class='ocr_line' id='line_1_47' title="bbox 161 3616 1184 3683; baseline 0.006 -19"><span class='ocrx_word' id='word_1_248' title='bbox 161 3616 303 3666; x_wconf 89' lang='lat' dir='ltr'>nimis</span> <span class='ocrx_word' id='word_1_249' title='bbox 331 3617 587 3678; x_wconf 54' lang='lat' dir='ltr'>intentus„</span> <span class='ocrx_word' id='word_1_250' title='bbox 618 3635 739 3668; x_wconf 89' lang='lat' dir='ltr'>cum</span> <span class='ocrx_word' id='word_1_251' title='bbox 765 3635 827 3669; x_wconf 83' lang='lat' dir='ltr'>ex</span> <span class='ocrx_word' id='word_1_252' title='bbox 856 3620 1184 3683; x_wconf 85' lang='lat' dir='ltr'>infirmitate,</span> 
     </span>
     <span class='ocr_line' id='line_1_48' title="bbox 162 3685 1186 3757; baseline 0.008 -22.008"><span class='ocrx_word' id='word_1_253' title='bbox 162 3685 206 3734; x_wconf 88' lang='lat' dir='ltr'>in</span> <span class='ocrx_word' id='word_1_254' title='bbox 233 3704 328 3753; x_wconf 90' lang='lat' dir='ltr'>qua</span> <span class='ocrx_word' id='word_1_255' title='bbox 361 3705 451 3753; x_wconf 90' lang='lat' dir='ltr'>per</span> <span class='ocrx_word' id='word_1_256' title='bbox 490 3690 728 3740; x_wconf 90' lang='lat' dir='ltr'>medicos</span> <span class='ocrx_word' id='word_1_257' title='bbox 764 3692 1034 3757; x_wconf 90' lang='lat' dir='ltr'>neglectus</span> <span class='ocrx_word' id='word_1_258' title='bbox 1064 3692 1186 3744; x_wconf 89' lang='lat' dir='ltr'>fue-</span> 
     </span>
     <span class='ocr_line' id='line_1_49' title="bbox 164 3760 1186 3844; baseline 0.01 -39"><span class='ocrx_word' id='word_1_259' title='bbox 164 3767 242 3820; x_wconf 83' lang='lat' dir='ltr'>rat,</span> <span class='ocrx_word' id='word_1_260' title='bbox 279 3760 431 3809; x_wconf 89' lang='lat' dir='ltr'>morti</span> <span class='ocrx_word' id='word_1_261' title='bbox 469 3770 605 3811; x_wconf 89' lang='lat' dir='ltr'>esset</span> <span class='ocrx_word' id='word_1_262' title='bbox 622 3761 990 3844; x_wconf 83' lang='lat' dir='ltr'>propinquus,</span> <span class='ocrx_word' id='word_1_263' title='bbox 1033 3764 1186 3829; x_wconf 92' lang='lat' dir='ltr'>quasi</span> 
     </span>
     <span class='ocr_line' id='line_1_50' title="bbox 170 3825 1185 3902; baseline 0.011 -27"><span class='ocrx_word' id='word_1_264' title='bbox 170 3825 219 3875; x_wconf 88' lang='lat' dir='ltr'>de</span> <span class='ocrx_word' id='word_1_265' title='bbox 242 3831 396 3880; x_wconf 89' lang='lat' dir='ltr'>salute</span> <span class='ocrx_word' id='word_1_266' title='bbox 430 3833 666 3898; x_wconf 91' lang='lat' dir='ltr'>corporis</span> <span class='ocrx_word' id='word_1_267' title='bbox 696 3843 747 3883; x_wconf 92' lang='lat' dir='ltr'>et</span> <span class='ocrx_word' id='word_1_268' title='bbox 774 3833 967 3884; x_wconf 88' lang='lat' dir='ltr'>animae</span> <span class='ocrx_word' id='word_1_269' title='bbox 994 3835 1185 3902; x_wconf 92' lang='lat' dir='ltr'>despe-</span> 
     </span>
     <span class='ocr_line' id='line_1_51' title="bbox 174 3902 1186 3969; baseline 0.011 -22"><span class='ocrx_word' id='word_1_270' title='bbox 174 3911 287 3959; x_wconf 81' lang='lat' dir='ltr'>rans,</span> <span class='ocrx_word' id='word_1_271' title='bbox 321 3902 447 3953; x_wconf 84' lang='lat' dir='ltr'>dixit</span> <span class='ocrx_word' id='word_1_272' title='bbox 499 3905 742 3969; x_wconf 88' lang='lat' dir='ltr'>pluribus</span> <span class='ocrx_word' id='word_1_273' title='bbox 789 3905 1186 3959; x_wconf 88' lang='lat' dir='ltr'>circumstanti-</span> 
     </span>
    </p>
   </div>
   <div class='ocr_carea' id='block_1_3' title="bbox 288 4017 1120 4085">
    <p class='ocr_par' dir='ltr' id='par_1_3' title="bbox 288 4017 1120 4085">
     <span class='ocr_line' id='line_1_52' title="bbox 288 4017 1120 4085; baseline 0.013 -19"><span class='ocrx_word' id='word_1_274' title='bbox 288 4017 413 4068; x_wconf 67' lang='lat' dir='ltr'>era</span> <span class='ocrx_word' id='word_1_275' title='bbox 436 4020 556 4072; x_wconf 73' lang='lat' dir='ltr'>Jesu</span> <span class='ocrx_word' id='word_1_276' title='bbox 588 4023 828 4085; x_wconf 69' lang='lat' dir='ltr'>Catus-rx,</span> <span class='ocrx_word' id='word_1_277' title='bbox 858 4039 1029 4076; x_wconf 75' lang='lat' dir='ltr'>‘rouus</span> <span class='ocrx_word' id='word_1_278' title='bbox 1058 4027 1120 4078; x_wconf 85' lang='grc' dir='ltr'>ΙΙ.</span> 
     </span>
    </p>
   </div>
   <div class='ocr_carea' id='block_1_4' title="bbox 1270 291 2327 548">
    <p class='ocr_par' dir='ltr' id='par_1_4' title="bbox 1270 291 2327 548">
     <span class='ocr_line' id='line_1_53' title="bbox 2215 291 2322 360; baseline 0.009 -18"><span class='ocrx_word' id='word_1_279' title='bbox 2215 291 2322 360; x_wconf 85' lang='lat'>627</span> 
     </span>
     <span class='ocr_line' id='line_1_54' title="bbox 1271 409 2327 461; baseline -0.001 0"><span class='ocrx_word' id='word_1_280' title='bbox 1271 411 1372 461; x_wconf 92' lang='lat' dir='ltr'>bus</span> <span class='ocrx_word' id='word_1_281' title='bbox 1424 421 1477 461; x_wconf 88' lang='lat' dir='ltr'>et</span> <span class='ocrx_word' id='word_1_282' title='bbox 1510 410 1853 461; x_wconf 89' lang='lat' dir='ltr'>audientibus</span> <span class='ocrx_word' id='word_1_283' title='bbox 1900 428 1914 461; x_wconf 72' lang='grc' dir='ltr'>ε</span> <span class='ocrx_word' id='word_1_284' title='bbox 1964 409 2153 460; x_wconf 89' lang='lat' dir='ltr'>Medici</span> <span class='ocrx_word' id='word_1_285' title='bbox 2198 410 2327 460; x_wconf 85' lang='lat' dir='ltr'>abs-</span> 
     </span>
     <span class='ocr_line' id='line_1_55' title="bbox 1270 481 2326 548; baseline -0.003 -14"><span class='ocrx_word' id='word_1_286' title='bbox 1270 485 1509 534; x_wconf 88' lang='lat' dir='ltr'>tulerunt</span> <span class='ocrx_word' id='word_1_287' title='bbox 1578 483 1714 533; x_wconf 90' lang='lat' dir='ltr'>mihi</span> <span class='ocrx_word' id='word_1_288' title='bbox 1782 499 2004 548; x_wconf 90' lang='lat' dir='ltr'>corpus,</span> <span class='ocrx_word' id='word_1_289' title='bbox 2066 492 2119 533; x_wconf 92' lang='lat' dir='ltr'>et</span> <span class='ocrx_word' id='word_1_290' title='bbox 2171 481 2326 532; x_wconf 89' lang='lat' dir='ltr'>amici</span> 
     </span>
    </p>
   </div>
   <div class='ocr_carea' id='block_1_5' title="bbox 1269 554 2349 3482">
    <p class='ocr_par' dir='ltr' id='par_1_5' title="bbox 1269 554 2349 3482">
     <span class='ocr_line' id='line_1_56' title="bbox 1269 554 2328 620; baseline 0 -16"><span class='ocrx_word' id='word_1_291' title='bbox 1269 554 1524 605; x_wconf 87' lang='lat' dir='ltr'>animam.</span> <span class='ocrx_word' id='word_1_292' title='bbox 1574 554 1705 604; x_wconf 90' lang='lat' dir='ltr'>Ecce</span> <span class='ocrx_word' id='word_1_293' title='bbox 1753 555 1965 620; x_wconf 87' lang='lat' dir='ltr'>qualem</span> <span class='ocrx_word' id='word_1_294' title='bbox 2012 554 2328 605; x_wconf 89' lang='lat' dir='ltr'>retributio-</span> 
     </span>
     <span class='ocr_line' id='line_1_57' title="bbox 1272 625 2330 692; baseline 0 -17"><span class='ocrx_word' id='word_1_295' title='bbox 1272 641 1395 675; x_wconf 92' lang='lat' dir='ltr'>nem</span> <span class='ocrx_word' id='word_1_296' title='bbox 1444 626 1509 676; x_wconf 92' lang='lat' dir='ltr'>de</span> <span class='ocrx_word' id='word_1_297' title='bbox 1563 625 1751 675; x_wconf 90' lang='lat' dir='ltr'>amicis</span> <span class='ocrx_word' id='word_1_298' title='bbox 1797 626 2003 687; x_wconf 88' lang='lat' dir='ltr'>habuit,</span> <span class='ocrx_word' id='word_1_299' title='bbox 2059 643 2196 692; x_wconf 88' lang='lat' dir='ltr'>quos</span> <span class='ocrx_word' id='word_1_300' title='bbox 2250 627 2330 676; x_wconf 85' lang='lat' dir='ltr'>sic</span> 
     </span>
     <span class='ocr_line' id='line_1_58' title="bbox 1270 697 2330 762; baseline -0.002 -14"><span class='ocrx_word' id='word_1_301' title='bbox 1270 698 1549 748; x_wconf 87' lang='lat' dir='ltr'>carnaliter</span> <span class='ocrx_word' id='word_1_302' title='bbox 1588 697 1776 747; x_wconf 85' lang='lat' dir='ltr'>dilexit</span> <span class='ocrx_word' id='word_1_303' title='bbox 1816 707 1868 747; x_wconf 91' lang='lat' dir='ltr'>et</span> <span class='ocrx_word' id='word_1_304' title='bbox 1915 697 2206 762; x_wconf 79' lang='lat' dir='ltr'>promovit3</span> <span class='ocrx_word' id='word_1_305' title='bbox 2252 697 2330 747; x_wconf 87' lang='lat' dir='ltr'>sic</span> 
     </span>
     <span class='ocr_line' id='line_1_59' title="bbox 1269 770 2325 837; baseline -0.003 -15"><span class='ocrx_word' id='word_1_306' title='bbox 1269 782 1322 822; x_wconf 91' lang='lat' dir='ltr'>et</span> <span class='ocrx_word' id='word_1_307' title='bbox 1353 771 1514 822; x_wconf 90' lang='lat' dir='ltr'>hodie</span> <span class='ocrx_word' id='word_1_308' title='bbox 1562 771 1717 821; x_wconf 90' lang='lat' dir='ltr'>multi</span> <span class='ocrx_word' id='word_1_309' title='bbox 1758 770 1990 837; x_wconf 86' lang='lat' dir='ltr'>religiosi</span> <span class='ocrx_word' id='word_1_310' title='bbox 2042 771 2325 821; x_wconf 85' lang='lat' dir='ltr'>carnalita-</span> 
     </span>
     <span class='ocr_line' id='line_1_60' title="bbox 1271 841 2328 908; baseline -0.001 -16"><span class='ocrx_word' id='word_1_311' title='bbox 1271 853 1377 892; x_wconf 89' lang='lat' dir='ltr'>tem</span> <span class='ocrx_word' id='word_1_312' title='bbox 1420 841 1585 892; x_wconf 89' lang='lat' dir='ltr'>nimis</span> <span class='ocrx_word' id='word_1_313' title='bbox 1622 852 1922 908; x_wconf 79' lang='lat' dir='ltr'>sequentes,</span> <span class='ocrx_word' id='word_1_314' title='bbox 1964 858 2072 891; x_wconf 90' lang='lat' dir='ltr'>non</span> <span class='ocrx_word' id='word_1_315' title='bbox 2111 857 2171 891; x_wconf 91' lang='lat' dir='ltr'>ea</span> <span class='ocrx_word' id='word_1_316' title='bbox 2207 856 2328 906; x_wconf 83' lang='lat' dir='ltr'>quae</span> 
     </span>
     <span class='ocr_line' id='line_1_61' title="bbox 1270 913 2328 980; baseline -0.002 -16"><span class='ocrx_word' id='word_1_317' title='bbox 1270 914 1493 980; x_wconf 91' lang='lat' dir='ltr'>spiritus</span> <span class='ocrx_word' id='word_1_318' title='bbox 1517 923 1567 964; x_wconf 92' lang='lat' dir='ltr'>et</span> <span class='ocrx_word' id='word_1_319' title='bbox 1595 913 1688 964; x_wconf 92' lang='lat' dir='ltr'>Dei</span> <span class='ocrx_word' id='word_1_320' title='bbox 1714 923 1859 972; x_wconf 87' lang='lat' dir='ltr'>sunt,</span> <span class='ocrx_word' id='word_1_321' title='bbox 1885 915 1976 963; x_wconf 91' lang='lat' dir='ltr'>sed</span> <span class='ocrx_word' id='word_1_322' title='bbox 2007 928 2128 979; x_wconf 85' lang='lat' dir='ltr'>quae</span> <span class='ocrx_word' id='word_1_323' title='bbox 2153 913 2328 963; x_wconf 89' lang='lat' dir='ltr'>carnis</span> 
     </span>
     <span class='ocr_line' id='line_1_62' title="bbox 1271 985 2328 1046; baseline -0.002 -10"><span class='ocrx_word' id='word_1_324' title='bbox 1271 995 1323 1037; x_wconf 92' lang='lat' dir='ltr'>et</span> <span class='ocrx_word' id='word_1_325' title='bbox 1342 986 1541 1036; x_wconf 89' lang='lat' dir='ltr'>diaboli</span> <span class='ocrx_word' id='word_1_326' title='bbox 1568 996 1713 1046; x_wconf 91' lang='lat' dir='ltr'>sunt,</span> <span class='ocrx_word' id='word_1_327' title='bbox 1746 987 1802 1036; x_wconf 90' lang='lat' dir='ltr'>in</span> <span class='ocrx_word' id='word_1_328' title='bbox 1832 986 2185 1035; x_wconf 88' lang='lat' dir='ltr'>electionibus</span> <span class='ocrx_word' id='word_1_329' title='bbox 2214 985 2328 1035; x_wconf 88' lang='lat' dir='ltr'>suis</span> 
     </span>
     <span class='ocr_line' id='line_1_63' title="bbox 1269 1058 2328 1124; baseline -0.001 -15"><span class='ocrx_word' id='word_1_330' title='bbox 1269 1059 1508 1124; x_wconf 89' lang='lat' dir='ltr'>sapiunt,</span> <span class='ocrx_word' id='word_1_331' title='bbox 1560 1068 1611 1108; x_wconf 91' lang='lat' dir='ltr'>et</span> <span class='ocrx_word' id='word_1_332' title='bbox 1674 1059 1845 1124; x_wconf 87' lang='lat' dir='ltr'>magis</span> <span class='ocrx_word' id='word_1_333' title='bbox 1898 1058 2109 1123; x_wconf 89' lang='lat' dir='ltr'>corpori</span> <span class='ocrx_word' id='word_1_334' title='bbox 2162 1073 2328 1124; x_wconf 89' lang='lat' dir='ltr'>quam</span> 
     </span>
     <span class='ocr_line' id='line_1_64' title="bbox 1270 1129 2329 1195; baseline -0.002 -15"><span class='ocrx_word' id='word_1_335' title='bbox 1270 1130 1465 1180; x_wconf 87' lang='lat' dir='ltr'>animae</span> <span class='ocrx_word' id='word_1_336' title='bbox 1491 1129 1764 1195; x_wconf 90' lang='lat' dir='ltr'>providere</span> <span class='ocrx_word' id='word_1_337' title='bbox 1786 1129 1999 1179; x_wconf 89' lang='lat' dir='ltr'>solliciti</span> <span class='ocrx_word' id='word_1_338' title='bbox 2028 1140 2172 1179; x_wconf 91' lang='lat' dir='ltr'>sunt.</span> <span class='ocrx_word' id='word_1_339' title='bbox 2196 1130 2329 1179; x_wconf 90' lang='lat' dir='ltr'>Mul-</span> 
     </span>
     <span class='ocr_line' id='line_1_65' title="bbox 1270 1202 2330 1268; baseline -0.001 -15"><span class='ocrx_word' id='word_1_340' title='bbox 1270 1204 1309 1253; x_wconf 80' lang='lat' dir='ltr'>ti</span> <span class='ocrx_word' id='word_1_341' title='bbox 1355 1203 1502 1253; x_wconf 91' lang='lat' dir='ltr'>enim</span> <span class='ocrx_word' id='word_1_342' title='bbox 1540 1202 1716 1268; x_wconf 88' lang='lat' dir='ltr'>potius</span> <span class='ocrx_word' id='word_1_343' title='bbox 1754 1202 1961 1268; x_wconf 90' lang='lat' dir='ltr'>eligunt</span> <span class='ocrx_word' id='word_1_344' title='bbox 1989 1203 2192 1252; x_wconf 92' lang='lat' dir='ltr'>bonum</span> <span class='ocrx_word' id='word_1_345' title='bbox 2231 1219 2330 1252; x_wconf 89' lang='lat' dir='ltr'>co-</span> 
     </span>
     <span class='ocr_line' id='line_1_66' title="bbox 1271 1275 2327 1342; baseline -0.001 -16"><span class='ocrx_word' id='word_1_346' title='bbox 1271 1292 1458 1342; x_wconf 90' lang='lat' dir='ltr'>quum,</span> <span class='ocrx_word' id='word_1_347' title='bbox 1496 1276 1588 1341; x_wconf 91' lang='lat' dir='ltr'>qui</span> <span class='ocrx_word' id='word_1_348' title='bbox 1623 1275 1927 1326; x_wconf 85' lang='lat' dir='ltr'>carnalibus</span> <span class='ocrx_word' id='word_1_349' title='bbox 1963 1276 2327 1338; x_wconf 89' lang='lat' dir='ltr'>voluptatibus</span> 
     </span>
     <span class='ocr_line' id='line_1_67' title="bbox 1270 1349 2328 1415; baseline 0 -15"><span class='ocrx_word' id='word_1_350' title='bbox 1270 1366 1455 1400; x_wconf 92' lang='lat' dir='ltr'>eorum</span> <span class='ocrx_word' id='word_1_351' title='bbox 1489 1349 1789 1409; x_wconf 89' lang='lat' dir='ltr'>satisfaciat,</span> <span class='ocrx_word' id='word_1_352' title='bbox 1830 1366 1992 1415; x_wconf 92' lang='lat' dir='ltr'>quam</span> <span class='ocrx_word' id='word_1_353' title='bbox 2025 1350 2202 1399; x_wconf 89' lang='lat' dir='ltr'>virum</span> <span class='ocrx_word' id='word_1_354' title='bbox 2233 1350 2328 1400; x_wconf 92' lang='lat' dir='ltr'>de-</span> 
     </span>
     <span class='ocr_line' id='line_1_68' title="bbox 1270 1421 2329 1485; baseline -0.002 -13"><span class='ocrx_word' id='word_1_355' title='bbox 1270 1432 1476 1479; x_wconf 88' lang='lat' dir='ltr'>votum,</span> <span class='ocrx_word' id='word_1_356' title='bbox 1524 1422 1617 1485; x_wconf 86' lang='lat' dir='ltr'>qui</span> <span class='ocrx_word' id='word_1_357' title='bbox 1662 1421 1986 1472; x_wconf 89' lang='lat' dir='ltr'>utilitatibus</span> <span class='ocrx_word' id='word_1_358' title='bbox 2025 1421 2329 1470; x_wconf 89' lang='lat' dir='ltr'>animarum</span> 
     </span>
     <span class='ocr_line' id='line_1_69' title="bbox 1274 1491 2331 1558; baseline -0.001 -17"><span class='ocrx_word' id='word_1_359' title='bbox 1274 1491 1529 1558; x_wconf 88' lang='lat' dir='ltr'>proficiat,</span> <span class='ocrx_word' id='word_1_360' title='bbox 1559 1503 1618 1542; x_wconf 91' lang='lat' dir='ltr'>ut</span> <span class='ocrx_word' id='word_1_361' title='bbox 1646 1493 1723 1542; x_wconf 87' lang='lat' dir='ltr'>sic</span> <span class='ocrx_word' id='word_1_362' title='bbox 1751 1492 1913 1542; x_wconf 92' lang='lat' dir='ltr'>simul</span> <span class='ocrx_word' id='word_1_363' title='bbox 1943 1508 2068 1542; x_wconf 89' lang='lat' dir='ltr'>cum</span> <span class='ocrx_word' id='word_1_364' title='bbox 2105 1491 2196 1540; x_wconf 91' lang='lat' dir='ltr'>illo</span> <span class='ocrx_word' id='word_1_365' title='bbox 2225 1492 2331 1540; x_wconf 88' lang='lat' dir='ltr'>du·-</span> 
     </span>
     <span class='ocr_line' id='line_1_70' title="bbox 1275 1563 2335 1628; baseline 0 -15"><span class='ocrx_word' id='word_1_366' title='bbox 1275 1575 1395 1614; x_wconf 88' lang='lat' dir='ltr'>cant</span> <span class='ocrx_word' id='word_1_367' title='bbox 1421 1564 1476 1613; x_wconf 91' lang='lat' dir='ltr'>in</span> <span class='ocrx_word' id='word_1_368' title='bbox 1505 1563 1663 1613; x_wconf 91' lang='lat' dir='ltr'>bonis</span> <span class='ocrx_word' id='word_1_369' title='bbox 1692 1563 1805 1614; x_wconf 91' lang='lat' dir='ltr'>dies</span> <span class='ocrx_word' id='word_1_370' title='bbox 1829 1579 1980 1625; x_wconf 91' lang='lat' dir='ltr'>suos;</span> <span class='ocrx_word' id='word_1_371' title='bbox 2008 1573 2059 1612; x_wconf 90' lang='lat' dir='ltr'>et</span> <span class='ocrx_word' id='word_1_372' title='bbox 2086 1563 2238 1628; x_wconf 88' lang='lat' dir='ltr'>quasi</span> <span class='ocrx_word' id='word_1_373' title='bbox 2269 1563 2335 1613; x_wconf 85' lang='lat' dir='ltr'>de</span> 
     </span>
     <span class='ocr_line' id='line_1_71' title="bbox 1274 1633 2337 1699; baseline -0.001 -15"><span class='ocrx_word' id='word_1_374' title='bbox 1274 1635 1376 1684; x_wconf 88' lang='lat' dir='ltr'>alia</span> <span class='ocrx_word' id='word_1_375' title='bbox 1416 1635 1525 1685; x_wconf 85' lang='lat' dir='ltr'>vita</span> <span class='ocrx_word' id='word_1_376' title='bbox 1565 1635 1845 1699; x_wconf 91' lang='lat' dir='ltr'>desperati,</span> <span class='ocrx_word' id='word_1_377' title='bbox 1895 1634 2153 1699; x_wconf 87' lang='lat' dir='ltr'>recipiant</span> <span class='ocrx_word' id='word_1_378' title='bbox 2196 1633 2337 1683; x_wconf 90' lang='lat' dir='ltr'>bona</span> 
     </span>
     <span class='ocr_line' id='line_1_72' title="bbox 1276 1706 2334 1766; baseline 0 -9"><span class='ocrx_word' id='word_1_379' title='bbox 1276 1707 1333 1757; x_wconf 91' lang='lat' dir='ltr'>in</span> <span class='ocrx_word' id='word_1_380' title='bbox 1357 1707 1466 1757; x_wconf 86' lang='lat' dir='ltr'>vita</span> <span class='ocrx_word' id='word_1_381' title='bbox 1495 1722 1608 1766; x_wconf 88' lang='lat' dir='ltr'>sua,</span> <span class='ocrx_word' id='word_1_382' title='bbox 1631 1723 1689 1756; x_wconf 89' lang='lat' dir='ltr'>ac</span> <span class='ocrx_word' id='word_1_383' title='bbox 1718 1707 1762 1756; x_wconf 91' lang='lat' dir='ltr'>si</span> <span class='ocrx_word' id='word_1_384' title='bbox 1792 1707 1870 1757; x_wconf 90' lang='lat' dir='ltr'>sic</span> <span class='ocrx_word' id='word_1_385' title='bbox 1901 1706 2066 1757; x_wconf 88' lang='lat' dir='ltr'>iretur</span> <span class='ocrx_word' id='word_1_386' title='bbox 2085 1707 2149 1755; x_wconf 87' lang='lat' dir='ltr'>ad</span> <span class='ocrx_word' id='word_1_387' title='bbox 2177 1716 2334 1757; x_wconf 89' lang='lat' dir='ltr'>astra.</span> 
     </span>
     <span class='ocr_line' id='line_1_73' title="bbox 1277 1778 2337 1844; baseline 0 -16"><span class='ocrx_word' id='word_1_388' title='bbox 1277 1779 1346 1828; x_wconf 86' lang='lat' dir='ltr'>Hi</span> <span class='ocrx_word' id='word_1_389' title='bbox 1377 1779 1509 1829; x_wconf 89' lang='lat' dir='ltr'>tales</span> <span class='ocrx_word' id='word_1_390' title='bbox 1543 1779 1749 1829; x_wconf 88' lang='lat' dir='ltr'>similes</span> <span class='ocrx_word' id='word_1_391' title='bbox 1783 1778 1891 1828; x_wconf 91' lang='lat' dir='ltr'>illis</span> <span class='ocrx_word' id='word_1_392' title='bbox 1927 1788 2071 1837; x_wconf 91' lang='lat' dir='ltr'>sunt,</span> <span class='ocrx_word' id='word_1_393' title='bbox 2111 1779 2176 1827; x_wconf 90' lang='lat' dir='ltr'>de</span> <span class='ocrx_word' id='word_1_394' title='bbox 2211 1778 2337 1844; x_wconf 90' lang='lat' dir='ltr'>qui-</span> 
     </span>
     <span class='ocr_line' id='line_1_74' title="bbox 1276 1851 2337 1910; baseline 0.001 -10"><span class='ocrx_word' id='word_1_395' title='bbox 1276 1851 1377 1900; x_wconf 90' lang='lat' dir='ltr'>bus</span> <span class='ocrx_word' id='word_1_396' title='bbox 1400 1851 1601 1901; x_wconf 86' lang='lat' dir='ltr'>Seneca</span> <span class='ocrx_word' id='word_1_397' title='bbox 1632 1852 1707 1902; x_wconf 92' lang='lat' dir='ltr'>sic</span> <span class='ocrx_word' id='word_1_398' title='bbox 1732 1851 1860 1901; x_wconf 91' lang='lat' dir='ltr'>dicit</span> <span class='ocrx_word' id='word_1_399' title='bbox 1887 1868 1901 1901; x_wconf 72' lang='grc' dir='ltr'>ς</span> <span class='ocrx_word' id='word_1_400' title='bbox 1928 1870 1955 1897; x_wconf 86' lang='lat'>«</span> <span class='ocrx_word' id='word_1_401' title='bbox 1983 1852 2213 1910; x_wconf 90' lang='lat' dir='ltr'>Quidam</span> <span class='ocrx_word' id='word_1_402' title='bbox 2240 1868 2337 1901; x_wconf 88' lang='lat' dir='ltr'>vo-</span> 
     </span>
     <span class='ocr_line' id='line_1_75' title="bbox 1275 1923 2337 1989; baseline 0.002 -18"><span class='ocrx_word' id='word_1_403' title='bbox 1275 1923 1568 1987; x_wconf 88' lang='lat' dir='ltr'>luptatibus</span> <span class='ocrx_word' id='word_1_404' title='bbox 1622 1938 1679 1973; x_wconf 90' lang='lat' dir='ltr'>se</span> <span class='ocrx_word' id='word_1_405' title='bbox 1732 1923 2085 1989; x_wconf 87' lang='lat' dir='ltr'>immergunt,</span> <span class='ocrx_word' id='word_1_406' title='bbox 2138 1923 2337 1989; x_wconf 90' lang='lat' dir='ltr'>quibus</span> 
     </span>
     <span class='ocr_line' id='line_1_76' title="bbox 1276 1993 2337 2045; baseline 0.003 -3"><span class='ocrx_word' id='word_1_407' title='bbox 1276 1993 1332 2042; x_wconf 91' lang='lat' dir='ltr'>in</span> <span class='ocrx_word' id='word_1_408' title='bbox 1377 1994 1820 2044; x_wconf 91' lang='lat' dir='ltr'>consuetudinem</span> <span class='ocrx_word' id='word_1_409' title='bbox 1870 1994 2114 2043; x_wconf 90' lang='lat' dir='ltr'>adductis</span> <span class='ocrx_word' id='word_1_410' title='bbox 2160 2010 2337 2045; x_wconf 85' lang='lat' dir='ltr'>carere</span> 
     </span>
     <span class='ocr_line' id='line_1_77' title="bbox 1278 2064 2334 2129; baseline 0.002 -17"><span class='ocrx_word' id='word_1_411' title='bbox 1278 2079 1386 2113; x_wconf 91' lang='lat' dir='ltr'>non</span> <span class='ocrx_word' id='word_1_412' title='bbox 1428 2074 1681 2129; x_wconf 78' lang='lat' dir='ltr'>possunt3</span> <span class='ocrx_word' id='word_1_413' title='bbox 1716 2073 1765 2114; x_wconf 92' lang='lat' dir='ltr'>et</span> <span class='ocrx_word' id='word_1_414' title='bbox 1792 2064 1862 2114; x_wconf 95' lang='lat' dir='ltr'>ob</span> <span class='ocrx_word' id='word_1_415' title='bbox 1900 2065 2001 2113; x_wconf 91' lang='lat' dir='ltr'>hoc</span> <span class='ocrx_word' id='word_1_416' title='bbox 2044 2065 2334 2114; x_wconf 86' lang='lat' dir='ltr'>miserrimi</span> 
     </span>
     <span class='ocr_line' id='line_1_78' title="bbox 1276 2135 2337 2200; baseline 0.002 -17"><span class='ocrx_word' id='word_1_417' title='bbox 1276 2143 1423 2193; x_wconf 92' lang='lat' dir='ltr'>sunt,</span> <span class='ocrx_word' id='word_1_418' title='bbox 1452 2135 1595 2200; x_wconf 90' lang='lat' dir='ltr'>quod</span> <span class='ocrx_word' id='word_1_419' title='bbox 1629 2150 1692 2184; x_wconf 94' lang='lat' dir='ltr'>eo</span> <span class='ocrx_word' id='word_1_420' title='bbox 1731 2145 2102 2200; x_wconf 89' lang='lat' dir='ltr'>pervenerunt,</span> <span class='ocrx_word' id='word_1_421' title='bbox 2140 2146 2200 2185; x_wconf 92' lang='lat' dir='ltr'>ut</span> <span class='ocrx_word' id='word_1_422' title='bbox 2230 2136 2337 2186; x_wconf 90' lang='lat' dir='ltr'>illis</span> 
     </span>
     <span class='ocr_line' id='line_1_79' title="bbox 1276 2208 2337 2274; baseline 0.003 -17"><span class='ocrx_word' id='word_1_423' title='bbox 1276 2223 1398 2273; x_wconf 87' lang='lat' dir='ltr'>quae</span> <span class='ocrx_word' id='word_1_424' title='bbox 1442 2208 1657 2260; x_wconf 90' lang='lat' dir='ltr'>suerunt</span> <span class='ocrx_word' id='word_1_425' title='bbox 1690 2225 2031 2274; x_wconf 88' lang='lat' dir='ltr'>supervacua,</span> <span class='ocrx_word' id='word_1_426' title='bbox 2062 2209 2195 2259; x_wconf 88' lang='lat' dir='ltr'>facta</span> <span class='ocrx_word' id='word_1_427' title='bbox 2228 2210 2337 2260; x_wconf 92' lang='lat' dir='ltr'>sint</span> 
     </span>
     <span class='ocr_line' id='line_1_80' title="bbox 1280 2281 2334 2349; baseline 0.003 -19"><span class='ocrx_word' id='word_1_428' title='bbox 1280 2281 1590 2332; x_wconf 88' lang='lat' dir='ltr'>necessaria.</span> <span class='ocrx_word' id='word_1_429' title='bbox 1626 2301 1652 2329; x_wconf 83' lang='lat'>»</span> <span class='ocrx_word' id='word_1_430' title='bbox 1689 2283 1787 2332; x_wconf 89' lang='lat' dir='ltr'>His</span> <span class='ocrx_word' id='word_1_431' title='bbox 1814 2283 1971 2332; x_wconf 87' lang='lat' dir='ltr'>etiam</span> <span class='ocrx_word' id='word_1_432' title='bbox 2002 2283 2198 2333; x_wconf 88' lang='lat' dir='ltr'>talibus</span> <span class='ocrx_word' id='word_1_433' title='bbox 2233 2298 2334 2349; x_wconf 82' lang='lat' dir='ltr'>ap-</span> 
     </span>
     <span class='ocr_line' id='line_1_81' title="bbox 1278 2350 2337 2418; baseline 0.004 -19"><span class='ocrx_word' id='word_1_434' title='bbox 1278 2350 1462 2416; x_wconf 89' lang='lat' dir='ltr'>plicari</span> <span class='ocrx_word' id='word_1_435' title='bbox 1492 2361 1680 2415; x_wconf 88' lang='lat' dir='ltr'>potest,</span> <span class='ocrx_word' id='word_1_436' title='bbox 1710 2351 1852 2417; x_wconf 90' lang='lat' dir='ltr'>quod</span> <span class='ocrx_word' id='word_1_437' title='bbox 1883 2353 1946 2402; x_wconf 91' lang='lat' dir='ltr'>de</span> <span class='ocrx_word' id='word_1_438' title='bbox 1974 2353 2206 2418; x_wconf 91' lang='lat' dir='ltr'>quodam</span> <span class='ocrx_word' id='word_1_439' title='bbox 2238 2369 2337 2417; x_wconf 87' lang='lat' dir='ltr'>pa-</span> 
     </span>
     <span class='ocr_line' id='line_1_82' title="bbox 1275 2421 2333 2488; baseline 0.003 -17"><span class='ocrx_word' id='word_1_440' title='bbox 1275 2432 1352 2472; x_wconf 90' lang='lat' dir='ltr'>tre</span> <span class='ocrx_word' id='word_1_441' title='bbox 1398 2421 1594 2471; x_wconf 87' lang='lat' dir='ltr'>factum</span> <span class='ocrx_word' id='word_1_442' title='bbox 1630 2432 1726 2472; x_wconf 90' lang='lat' dir='ltr'>est.</span> <span class='ocrx_word' id='word_1_443' title='bbox 1773 2423 1897 2481; x_wconf 84' lang='lat' dir='ltr'>Qui,</span> <span class='ocrx_word' id='word_1_444' title='bbox 1939 2439 2059 2472; x_wconf 89' lang='lat' dir='ltr'>cum</span> <span class='ocrx_word' id='word_1_445' title='bbox 2100 2425 2333 2488; x_wconf 90' lang='lat' dir='ltr'>quadam</span> 
     </span>
     <span class='ocr_line' id='line_1_83' title="bbox 1277 2492 2340 2557; baseline 0.002 -14"><span class='ocrx_word' id='word_1_446' title='bbox 1277 2493 1390 2543; x_wconf 87' lang='lat' dir='ltr'>vice</span> <span class='ocrx_word' id='word_1_447' title='bbox 1421 2493 1614 2542; x_wconf 91' lang='lat' dir='ltr'>melius</span> <span class='ocrx_word' id='word_1_448' title='bbox 1643 2492 1802 2543; x_wconf 93' lang='lat' dir='ltr'>solito</span> <span class='ocrx_word' id='word_1_449' title='bbox 1834 2509 1889 2543; x_wconf 92' lang='lat' dir='ltr'>se</span> <span class='ocrx_word' id='word_1_450' title='bbox 1925 2493 2214 2557; x_wconf 83' lang='lat' dir='ltr'>refecisset3</span> <span class='ocrx_word' id='word_1_451' title='bbox 2249 2511 2340 2545; x_wconf 91' lang='lat' dir='ltr'>no-</span> 
     </span>
     <span class='ocr_line' id='line_1_84' title="bbox 1279 2564 2337 2630; baseline 0.001 -15"><span class='ocrx_word' id='word_1_452' title='bbox 1279 2575 1357 2615; x_wconf 92' lang='lat' dir='ltr'>cte</span> <span class='ocrx_word' id='word_1_453' title='bbox 1388 2564 1631 2630; x_wconf 88' lang='lat' dir='ltr'>sequenti</span> <span class='ocrx_word' id='word_1_454' title='bbox 1658 2564 1901 2615; x_wconf 90' lang='lat' dir='ltr'>diabolus</span> <span class='ocrx_word' id='word_1_455' title='bbox 1930 2566 2031 2616; x_wconf 90' lang='lat' dir='ltr'>sibi</span> <span class='ocrx_word' id='word_1_456' title='bbox 2063 2567 2337 2626; x_wconf 87' lang='lat' dir='ltr'>assistens,</span> 
     </span>
     <span class='ocr_line' id='line_1_85' title="bbox 1278 2636 2335 2703; baseline 0.001 -17"><span class='ocrx_word' id='word_1_457' title='bbox 1278 2646 1519 2687; x_wconf 90' lang='lat' dir='ltr'>ventrem</span> <span class='ocrx_word' id='word_1_458' title='bbox 1548 2636 1663 2700; x_wconf 81' lang='lat' dir='ltr'>ejus</span> <span class='ocrx_word' id='word_1_459' title='bbox 1702 2637 1935 2686; x_wconf 90' lang='lat' dir='ltr'>suaviter</span> <span class='ocrx_word' id='word_1_460' title='bbox 1963 2637 2112 2703; x_wconf 91' lang='lat' dir='ltr'>quasi</span> <span class='ocrx_word' id='word_1_461' title='bbox 2162 2638 2335 2688; x_wconf 90' lang='lat' dir='ltr'>mani-</span> 
     </span>
     <span class='ocr_line' id='line_1_86' title="bbox 1281 2707 2340 2769; baseline 0.001 -12"><span class='ocrx_word' id='word_1_462' title='bbox 1281 2709 1384 2757; x_wconf 88' lang='lat' dir='ltr'>bus</span> <span class='ocrx_word' id='word_1_463' title='bbox 1413 2708 1789 2757; x_wconf 90' lang='lat' dir='ltr'>contrectando</span> <span class='ocrx_word' id='word_1_464' title='bbox 1819 2707 2071 2766; x_wconf 89' lang='lat' dir='ltr'>dilinivit,</span> <span class='ocrx_word' id='word_1_465' title='bbox 2115 2718 2169 2758; x_wconf 91' lang='lat' dir='ltr'>et</span> <span class='ocrx_word' id='word_1_466' title='bbox 2197 2710 2340 2769; x_wconf 89' lang='lat' dir='ltr'>dein,</span> 
     </span>
     <span class='ocr_line' id='line_1_87' title="bbox 1279 2780 2345 2846; baseline 0.003 -17"><span class='ocrx_word' id='word_1_467' title='bbox 1279 2780 1434 2846; x_wconf 89' lang='lat' dir='ltr'>quasi</span> <span class='ocrx_word' id='word_1_468' title='bbox 1456 2795 1579 2829; x_wconf 90' lang='lat' dir='ltr'>eum</span> <span class='ocrx_word' id='word_1_469' title='bbox 1604 2780 2004 2840; x_wconf 90' lang='lat' dir='ltr'>subsannando,</span> <span class='ocrx_word' id='word_1_470' title='bbox 2032 2781 2164 2831; x_wconf 88' lang='lat' dir='ltr'>dixit</span> <span class='ocrx_word' id='word_1_471' title='bbox 2191 2798 2203 2830; x_wconf 76' lang='grc' dir='ltr'><strong>ε</strong></span> <span class='ocrx_word' id='word_1_472' title='bbox 2237 2784 2345 2832; x_wconf 92' lang='grc' dir='ltr'>Μο-</span> 
     </span>
     <span class='ocr_line' id='line_1_88' title="bbox 1281 2851 2342 2914; baseline 0.002 -14"><span class='ocrx_word' id='word_1_473' title='bbox 1281 2852 1349 2900; x_wconf 95' lang='lat' dir='ltr'>do</span> <span class='ocrx_word' id='word_1_474' title='bbox 1399 2852 1551 2912; x_wconf 91' lang='lat' dir='ltr'>bene,</span> <span class='ocrx_word' id='word_1_475' title='bbox 1597 2851 1758 2899; x_wconf 93' lang='lat' dir='ltr'>modo</span> <span class='ocrx_word' id='word_1_476' title='bbox 1814 2851 1964 2901; x_wconf 91' lang='lat' dir='ltr'>bene.</span> <span class='ocrx_word' id='word_1_477' title='bbox 2003 2853 2093 2901; x_wconf 87' lang='lat' dir='ltr'>[lle</span> <span class='ocrx_word' id='word_1_478' title='bbox 2144 2863 2342 2914; x_wconf 89' lang='lat' dir='ltr'>autem,</span> 
     </span>
     <span class='ocr_line' id='line_1_89' title="bbox 1283 2923 2345 2991; baseline 0.004 -19"><span class='ocrx_word' id='word_1_479' title='bbox 1283 2924 1482 2974; x_wconf 90' lang='lat' dir='ltr'>diaboli</span> <span class='ocrx_word' id='word_1_480' title='bbox 1523 2923 1831 2973; x_wconf 90' lang='lat' dir='ltr'>illusionem</span> <span class='ocrx_word' id='word_1_481' title='bbox 1876 2924 2194 2991; x_wconf 79' lang='lat' dir='ltr'>intelligenS,</span> <span class='ocrx_word' id='word_1_482' title='bbox 2227 2942 2345 2991; x_wconf 86' lang='lat' dir='ltr'>poe-</span> 
     </span>
     <span class='ocr_line' id='line_1_90' title="bbox 1286 2993 2346 3062; baseline 0.004 -19"><span class='ocrx_word' id='word_1_483' title='bbox 1286 2993 1565 3044; x_wconf 90' lang='lat' dir='ltr'>nitentiam</span> <span class='ocrx_word' id='word_1_484' title='bbox 1608 2994 1673 3043; x_wconf 92' lang='lat' dir='ltr'>de</span> <span class='ocrx_word' id='word_1_485' title='bbox 1725 2994 1828 3044; x_wconf 92' lang='lat' dir='ltr'>hoc</span> <span class='ocrx_word' id='word_1_486' title='bbox 1870 3011 2086 3046; x_wconf 83' lang='lat' dir='ltr'>excessu</span> <span class='ocrx_word' id='word_1_487' title='bbox 2123 2997 2248 3062; x_wconf 86' lang='lat' dir='ltr'>egit,</span> <span class='ocrx_word' id='word_1_488' title='bbox 2295 3007 2346 3047; x_wconf 89' lang='lat' dir='ltr'>ct</span> 
     </span>
     <span class='ocr_line' id='line_1_91' title="bbox 1285 3064 2342 3130; baseline 0.004 -17"><span class='ocrx_word' id='word_1_489' title='bbox 1285 3065 1349 3113; x_wconf 90' lang='lat' dir='ltr'>ad</span> <span class='ocrx_word' id='word_1_490' title='bbox 1389 3064 1769 3115; x_wconf 89' lang='lat' dir='ltr'>abstinentiam</span> <span class='ocrx_word' id='word_1_491' title='bbox 1811 3077 2116 3116; x_wconf 89' lang='lat' dir='ltr'>consuetam</span> <span class='ocrx_word' id='word_1_492' title='bbox 2158 3068 2313 3118; x_wconf 92' lang='lat' dir='ltr'>rediit</span> <span class='ocrx_word' id='word_1_493' title='bbox 2327 3083 2342 3130; x_wconf 88' lang='lat'>;</span> 
     </span>
     <span class='ocr_line' id='line_1_92' title="bbox 1287 3134 2346 3196; baseline 0.002 -11"><span class='ocrx_word' id='word_1_494' title='bbox 1287 3136 1430 3185; x_wconf 90' lang='lat' dir='ltr'>istud</span> <span class='ocrx_word' id='word_1_495' title='bbox 1473 3134 1632 3185; x_wconf 90' lang='lat' dir='ltr'>etiam</span> <span class='ocrx_word' id='word_1_496' title='bbox 1671 3136 1913 3196; x_wconf 91' lang='lat' dir='ltr'>verbum,</span> <span class='ocrx_word' id='word_1_497' title='bbox 1944 3137 2142 3188; x_wconf 87' lang='lat' dir='ltr'>scilicet</span> <span class='ocrx_word' id='word_1_498' title='bbox 2184 3139 2346 3187; x_wconf 93' lang='lat' dir='ltr'>modo</span> 
     </span>
     <span class='ocr_line' id='line_1_93' title="bbox 1287 3205 2348 3271; baseline 0 -16"><span class='ocrx_word' id='word_1_499' title='bbox 1287 3206 1441 3263; x_wconf 91' lang='lat' dir='ltr'>bene,</span> <span class='ocrx_word' id='word_1_500' title='bbox 1474 3205 1636 3254; x_wconf 90' lang='lat' dir='ltr'>modo</span> <span class='ocrx_word' id='word_1_501' title='bbox 1671 3205 1821 3264; x_wconf 90' lang='lat' dir='ltr'>bene,</span> <span class='ocrx_word' id='word_1_502' title='bbox 1855 3216 2031 3271; x_wconf 88' lang='lat' dir='ltr'>potest</span> <span class='ocrx_word' id='word_1_503' title='bbox 2053 3207 2155 3256; x_wconf 90' lang='lat' dir='ltr'>dici</span> <span class='ocrx_word' id='word_1_504' title='bbox 2191 3207 2348 3257; x_wconf 85' lang='lat' dir='ltr'>cuili-</span> 
     </span>
     <span class='ocr_line' id='line_1_94' title="bbox 1288 3275 2349 3343; baseline 0.002 -17"><span class='ocrx_word' id='word_1_505' title='bbox 1288 3278 1376 3326; x_wconf 89' lang='lat' dir='ltr'>bet</span> <span class='ocrx_word' id='word_1_506' title='bbox 1423 3275 1476 3324; x_wconf 91' lang='lat' dir='ltr'>in</span> <span class='ocrx_word' id='word_1_507' title='bbox 1516 3276 1615 3324; x_wconf 92' lang='lat' dir='ltr'>hac</span> <span class='ocrx_word' id='word_1_508' title='bbox 1650 3275 1757 3325; x_wconf 90' lang='lat' dir='ltr'>vita</span> <span class='ocrx_word' id='word_1_509' title='bbox 1802 3292 2051 3343; x_wconf 89' lang='lat' dir='ltr'>prospere</span> <span class='ocrx_word' id='word_1_510' title='bbox 2091 3280 2172 3327; x_wconf 90' lang='lat' dir='ltr'>vel</span> <span class='ocrx_word' id='word_1_511' title='bbox 2212 3278 2349 3328; x_wconf 87' lang='lat' dir='ltr'>deli-</span> 
     </span>
     <span class='ocr_line' id='line_1_95' title="bbox 1289 3346 2349 3399; baseline 0 -2"><span class='ocrx_word' id='word_1_512' title='bbox 1289 3356 1400 3397; x_wconf 89' lang='lat' dir='ltr'>cate</span> <span class='ocrx_word' id='word_1_513' title='bbox 1418 3346 1636 3396; x_wconf 88' lang='lat' dir='ltr'>viventi.</span> <span class='ocrx_word' id='word_1_514' title='bbox 1669 3346 1733 3395; x_wconf 82' lang='lat' dir='ltr'>Et</span> <span class='ocrx_word' id='word_1_515' title='bbox 1753 3346 2000 3398; x_wconf 88' lang='lat' dir='ltr'>similiter</span> <span class='ocrx_word' id='word_1_516' title='bbox 2025 3349 2165 3398; x_wconf 89' lang='lat' dir='ltr'>istud</span> <span class='ocrx_word' id='word_1_517' title='bbox 2189 3351 2349 3399; x_wconf 89' lang='lat' dir='ltr'>Evan-</span> 
     </span>
     <span class='ocr_line' id='line_1_96' title="bbox 1291 3415 2349 3482; baseline 0.001 -16"><span class='ocrx_word' id='word_1_518' title='bbox 1291 3415 1415 3482; x_wconf 86' lang='lat' dir='ltr'>gelii</span> <span class='ocrx_word' id='word_1_519' title='bbox 1453 3431 1465 3464; x_wconf 72' lang='grc' dir='ltr'>ε</span> <span class='ocrx_word' id='word_1_520' title='bbox 1503 3415 1579 3464; x_wconf 87' lang='lat' dir='ltr'>Et</span> <span class='ocrx_word' id='word_1_521' title='bbox 1625 3416 1831 3479; x_wconf 83' lang='lat' dir='ltr'>quidem</span> <span class='ocrx_word' id='word_1_522' title='bbox 1878 3418 1930 3467; x_wconf 84' lang='lat' dir='ltr'>in</span> <span class='ocrx_word' id='word_1_523' title='bbox 1976 3418 2075 3469; x_wconf 84' lang='lat' dir='ltr'>hac</span> <span class='ocrx_word' id='word_1_524' title='bbox 2122 3420 2207 3469; x_wconf 84' lang='lat' dir='ltr'>die</span> <span class='ocrx_word' id='word_1_525' title='bbox 2258 3426 2349 3468; x_wconf 86' lang='lat' dir='ltr'>tua</span> 
     </span>
    </p>
   </div>
   <div class='ocr_carea' id='block_1_6' title="bbox 1291 3484 2354 3620">
    <p class='ocr_par' dir='ltr' id='par_1_6' title="bbox 1291 3484 2354 3620">
     <span class='ocr_line' id='line_1_97' title="bbox 1291 3484 2350 3552; baseline 0.005 -18"><span class='ocrx_word' id='word_1_526' title='bbox 1291 3500 1409 3552; x_wconf 82' lang='lat' dir='ltr'>quae</span> <span class='ocrx_word' id='word_1_527' title='bbox 1464 3484 1539 3534; x_wconf 80' lang='lat' dir='ltr'>acl</span> <span class='ocrx_word' id='word_1_528' title='bbox 1578 3499 1764 3549; x_wconf 82' lang='lat' dir='ltr'>pacem</span> <span class='ocrx_word' id='word_1_529' title='bbox 1817 3488 1936 3550; x_wconf 77' lang='lat' dir='ltr'>tibi;</span> <span class='ocrx_word' id='word_1_530' title='bbox 1992 3504 2127 3539; x_wconf 85' lang='lat' dir='ltr'>nunc</span> <span class='ocrx_word' id='word_1_531' title='bbox 2176 3496 2350 3538; x_wconf 83' lang='lat' dir='ltr'>autem</span> 
     </span>
     <span class='ocr_line' id='line_1_98' title="bbox 1292 3555 2354 3620; baseline -0.001 -14"><span class='ocrx_word' id='word_1_532' title='bbox 1292 3555 1604 3606; x_wconf 82' lang='lat' dir='ltr'>abscondita</span> <span class='ocrx_word' id='word_1_533' title='bbox 1634 3563 1757 3606; x_wconf 81' lang='lat' dir='ltr'>sunt</span> <span class='ocrx_word' id='word_1_534' title='bbox 1795 3559 1862 3607; x_wconf 81' lang='lat' dir='ltr'>ab</span> <span class='ocrx_word' id='word_1_535' title='bbox 1900 3559 2069 3608; x_wconf 83' lang='lat' dir='ltr'>oculis</span> <span class='ocrx_word' id='word_1_536' title='bbox 2099 3559 2220 3620; x_wconf 78' lang='lat' dir='ltr'>tzn&#39;S,</span> <span class='ocrx_word' id='word_1_537' title='bbox 2254 3557 2354 3608; x_wconf 89' lang='lat' dir='ltr'>sci-</span> 
     </span>
    </p>
   </div>
   <div class='ocr_carea' id='block_1_7' title="bbox 1287 3627 2359 3977">
    <p class='ocr_par' dir='ltr' id='par_1_7' title="bbox 1294 3627 2075 3695">
     <span class='ocr_line' id='line_1_99' title="bbox 1294 3627 2075 3695; baseline 0.005 -19"><span class='ocrx_word' id='word_1_538' title='bbox 1294 3627 1413 3677; x_wconf 89' lang='lat' dir='ltr'>licet</span> <span class='ocrx_word' id='word_1_539' title='bbox 1444 3629 1580 3677; x_wconf 91' lang='lat' dir='ltr'>mala</span> <span class='ocrx_word' id='word_1_540' title='bbox 1609 3627 1773 3678; x_wconf 91' lang='lat' dir='ltr'>futuri</span> <span class='ocrx_word' id='word_1_541' title='bbox 1804 3630 2075 3695; x_wconf 83' lang='lat' dir='ltr'>temporis.</span> 
     </span>
    </p>

    <p class='ocr_par' dir='ltr' id='par_1_8' title="bbox 1287 3697 2359 3977">
     <span class='ocr_line' id='line_1_100' title="bbox 1287 3697 2354 3748; baseline 0.005 -6"><span class='ocrx_word' id='word_1_542' title='bbox 1287 3737 1293 3742; x_wconf 85' lang='lat'><strong>.</strong></span> <span class='ocrx_word' id='word_1_543' title='bbox 1358 3697 1386 3747; x_wconf 89' lang='grc'>5</span> <span class='ocrx_word' id='word_1_544' title='bbox 1440 3698 1687 3748; x_wconf 66' lang='lat' dir='ltr'>Taurum</span> <span class='ocrx_word' id='word_1_545' title='bbox 1727 3714 1907 3747; x_wconf 72' lang='lat' dir='ltr'>mmm</span> <span class='ocrx_word' id='word_1_546' title='bbox 1946 3714 2215 3747; x_wconf 59' lang='lat' dir='ltr'>nasei-“mm</span> <span class='ocrx_word' id='word_1_547' title='bbox 2256 3714 2354 3747; x_wconf 79' lang='lat'>1³13-</span> 
     </span>
     <span class='ocr_line' id='line_1_101' title="bbox 1293 3785 2357 3819; baseline -0.002 0"><span class='ocrx_word' id='word_1_548' title='bbox 1293 3785 1527 3819; x_wconf 69' lang='lat' dir='ltr'>rem-mu</span> <span class='ocrx_word' id='word_1_549' title='bbox 1567 3787 1580 3819; x_wconf 90' lang='lat'>:</span> <span class='ocrx_word' id='word_1_550' title='bbox 1623 3785 1945 3819; x_wconf 65' lang='lat' dir='ltr'>mnxononuu</span> <span class='ocrx_word' id='word_1_551' title='bbox 1983 3785 2266 3818; x_wconf 62' lang='lat' dir='ltr'>naono-no.</span> <span class='ocrx_word' id='word_1_552' title='bbox 2295 3798 2357 3806; x_wconf 95' lang='lat'><strong>—</strong></span> 
     </span>
     <span class='ocr_line' id='line_1_102' title="bbox 1292 3839 2359 3905; baseline 0.002 -16"><span class='ocrx_word' id='word_1_553' title='bbox 1292 3840 1538 3890; x_wconf 88' lang='lat' dir='ltr'>Tertium</span> <span class='ocrx_word' id='word_1_554' title='bbox 1570 3840 1769 3890; x_wconf 91' lang='lat' dir='ltr'>malum</span> <span class='ocrx_word' id='word_1_555' title='bbox 1815 3845 1912 3900; x_wconf 85' lang='lat' dir='ltr'>e&#39;st,</span> <span class='ocrx_word' id='word_1_556' title='bbox 1943 3839 2071 3905; x_wconf 90' lang='lat' dir='ltr'>quia</span> <span class='ocrx_word' id='word_1_557' title='bbox 2113 3841 2359 3905; x_wconf 85' lang='lat' dir='ltr'>plerum-</span> 
     </span>
     <span class='ocr_line' id='line_1_103' title="bbox 1292 3911 2358 3977; baseline 0.001 -17"><span class='ocrx_word' id='word_1_558' title='bbox 1292 3926 1416 3977; x_wconf 91' lang='lat' dir='ltr'>que,</span> <span class='ocrx_word' id='word_1_559' title='bbox 1469 3926 1628 3960; x_wconf 89' lang='lat' dir='ltr'>causa</span> <span class='ocrx_word' id='word_1_560' title='bbox 1689 3911 1826 3959; x_wconf 90' lang='lat' dir='ltr'>mala</span> <span class='ocrx_word' id='word_1_561' title='bbox 1885 3919 2130 3959; x_wconf 88' lang='lat' dir='ltr'>movente</span> <span class='ocrx_word' id='word_1_562' title='bbox 2187 3921 2239 3961; x_wconf 89' lang='lat' dir='ltr'>et</span> <span class='ocrx_word' id='word_1_563' title='bbox 2285 3912 2358 3961; x_wconf 89' lang='lat' dir='ltr'>al-</span> 
     </span>
    </p>
   </div>
   <div class='ocr_carea' id='block_1_8' title="bbox 2103 4042 2157 4076">
    <p class='ocr_par' dir='ltr' id='par_1_9' title="bbox 2103 4042 2157 4076">
     <span class='ocr_line' id='line_1_104' title="bbox 2103 4042 2157 4076; baseline 0 -11"><span class='ocrx_word' id='word_1_564' title='bbox 2103 4042 2157 4076; x_wconf 70' lang='grc' dir='ltr'>[θ</span> 
     </span>
    </p>
   </div>
   <div class='ocr_carea' id='block_1_9' title="bbox 2134 4063 2160 4076">
    <p class='ocr_par' dir='ltr' id='par_1_10' title="bbox 2134 4063 2160 4076">
     <span class='ocr_line' id='line_1_105' title="bbox 2134 4063 2160 4076; baseline 0 0"><span class='ocrx_word' id='word_1_565' title='bbox 2134 4063 2160 4076; x_wconf 50' lang='lat' dir='ltr'>fl</span> 
     </span>
    </p>
   </div>
  </div>
 </body>
</html>
