2757 4413
288 338 393 390 492

279 438 346 490 in
376 446 570 488 terram
616 435 868 499 mittitur,
917 451 1041 485 cum
1071 450 1165 501 per
1190 435 1354 485 ardo-

284 524 402 559 rem
447 505 679 572 Spiritus
727 505 907 556 Sancti
940 505 1118 555 afflata
1145 514 1354 556 terrena

285 597 438 632 mens
494 595 525 629 a
562 579 867 630 carnalibus
909 578 1194 629 desideriis
1239 578 1352 628 suis

278 661 670 704 concrematur.
702 651 969 701 Succensa
989 660 1169 700 autem
1189 665 1220 701 a
1248 649 1354 716 spi-

284 725 465 776 rituali
528 739 711 774 amore
765 724 972 774 malurn
1021 723 1171 789 quod
1224 722 1353 773 fecit

284 796 503 862 plangit,
534 805 585 845 et
621 794 699 845 sic
732 795 883 845 ardet
933 805 1090 853 terra,
1132 794 1349 859 quando

271 876 562 916 accusante
589 881 647 914 se
675 863 1020 923 conscientia,
1051 879 1143 913 cor
1160 878 1350 930 pecca-

281 938 419 989 toris
451 938 510 988 in
538 938 723 987 dolore
764 935 1092 1002 poeuitentiae
1128 951 1350 986 concre-

282 1019 479 1061 matur.
533 1028 561 1056 ν
611 1009 768 1060 Unde
821 1009 974 1058 Beda
1022 1024 1040 1058 .·
1089 1025 1120 1054 ι(
1165 1009 1348 1073 Ignem

266 1081 484 1147 »quippe
520 1080 653 1131 dicit
683 1080 917 1146 Spiritus
953 1079 1136 1130 Sancti
1167 1079 1348 1130 fervo-

281 1167 415 1213 rem,
462 1150 555 1216 qui
590 1161 787 1200 secreta
818 1150 994 1200 cordis
1035 1149 1347 1200 illuminans

272 1222 554 1274 *continuis
585 1222 825 1272 motibus
859 1222 925 1272 ad
968 1236 1200 1287 superna
1227 1236 1354 1286 pro-

280 1304 449 1357 vocat,
472 1294 603 1345 vitia
648 1294 1093 1359 concupiscentiae
1123 1292 1350 1343 carnalis

286 1365 442 1432 quasi
484 1365 669 1431 spinas
736 1367 1076 1432 tribulosque
1120 1365 1355 1415 combu-

283 1438 372 1499 rit,
425 1453 582 1490 aurea
616 1439 927 1489 Dominicae
973 1439 1169 1488 domus
1225 1452 1349 1487 vasa

279 1510 563 1575 probando
608 1506 877 1568 meliorat,
908 1520 960 1559 et
1002 1509 1233 1575 lignum,
1266 1508 1350 1558 fe-

282 1597 414 1630 num
434 1620 447 1641 ,
517 1582 885 1646 stipulamque
934 1580 1223 1630 consumit.
1276 1580 1349 1630 Et

279 1652 377 1719 qui
421 1653 490 1702 ob
533 1652 635 1702 hoc
686 1652 865 1702 solum
911 1651 977 1701 de
1023 1651 1145 1701 sinu
1181 1650 1349 1701 Patris

279 1723 438 1783 exivi,
469 1733 520 1773 et
556 1722 677 1773 veni
712 1723 768 1773 in
806 1722 1095 1781 mundum,
1139 1731 1202 1772 ut
1239 1722 1348 1771 ho-

280 1794 460 1843 mines
507 1810 537 1844 a
582 1793 809 1843 terrenis
849 1791 1235 1858 cupiditatibus
1280 1792 1347 1842 ad

266 1866 511 1916 -coelestia
539 1864 804 1915 desideria
839 1863 1180 1923 succendam,
1209 1863 1345 1929 quid

278 1936 403 1985 volo
434 1936 581 1986 aliud
608 1951 771 2001 quam
803 1945 861 1985 ut
905 1935 1067 2000 hujus
1117 1934 1346 1984 incendii

274 2006 432 2071 jubar
478 2017 692 2057 cunctas
732 2005 921 2057 mundi
978 2006 1158 2072 plagas
1213 2005 1346 2055 illu-

260 2087 437 2135 stret,
503 2079 664 2143 hujus
732 2078 950 2128 flamma
1005 2076 1307 2127 devotionis
1330 2115 1343 2137 ,

278 2165 452 2216 usque
512 2149 569 2199 in
626 2149 790 2199 finem
848 2149 1012 2200 seculi
1036 2188 1050 2211 ,
1099 2149 1343 2199 fidelium

262 2235 490 2285 ⁴semper
502 2231 748 2287 augescat
769 2221 822 2270 in
843 2221 1019 2281 corde,
1037 2236 1213 2286 neque
1232 2222 1343 2270 ullo

278 2290 602 2356 infidelium,
632 2292 714 2342 vel
736 2291 1017 2352 fluctuum,
1039 2291 1344 2358 exstingua-

266 2372 365 2411 tur
394 2362 615 2412 incursu
642 2363 726 2412 vel
758 2360 926 2412 flatu?
958 2382 981 2408 ι»
1019 2363 1134 2412 haec
1168 2363 1338 2413 Beda.

277 2432 433 2482 Unde
459 2433 621 2483 etiam
649 2434 820 2499 Hugo
843 2434 908 2482 de
933 2433 1159 2483 Sancto·
1172 2433 1345 2483 Victo-

276 2516 336 2551 re
355 2520 372 2553 .·
404 2521 431 2548 «
458 2504 720 2553 Homines
771 2504 953 2569 gratiae
994 2514 1122 2553 sunt
1152 2504 1211 2553 hi
1243 2502 1338 2568 qui

276 2590 370 2639 per
431 2576 811 2640 aspirationem
871 2576 1103 2641 Spiritus
1164 2575 1338 2624 Sancti

276 2655 407 2695 sunt
433 2645 743 2706 illuminati,
771 2657 829 2696 ut
858 2648 1061 2696 bonum
1087 2647 1233 2712 quod
1264 2645 1339 2695 fa-

255 2715 525 2765 -ciendum
565 2726 645 2766 est
675 2726 995 2783 agnoscant,
1037 2726 1090 2766 et
1118 2716 1339 2766 inflam-

275 2785 404 2835 mati
452 2796 512 2836 ut
544 2786 769 2853 diligant
795 2803 807 2836 ε
839 2807 865 2834 n
898 2787 1010 2837 haec
1036 2788 1226 2851 Hug0.
1279 2784 1337 2835 Si

274 2871 401 2921 ergo
430 2865 482 2905 te
504 2871 534 2905 a
558 2856 707 2906 vitiis
731 2856 1056 2923 purgaveris,
1087 2857 1336 2906 accendes

275 2926 332 2975 in
363 2936 414 2975 te
438 2926 619 2991 ignem
649 2926 815 2977 divini
841 2926 1064 2989 amoris3
1096 2926 1140 2976 si
1165 2927 1338 2976 dulce-

256 2996 457 3045 dinem
495 2996 666 3047 divini
721 2997 921 3047 amoris
946 2997 1002 3046 in
1032 3006 1083 3047 te
1109 2995 1337 3062 perfecte

272 3068 585 3132 gustaveriS,
616 3069 682 3117 de
732 3068 1016 3118 dulcedine
1053 3069 1335 3133 temporali

272 3154 383 3187 non
409 3140 639 3190 curabis.
665 3140 736 3189 Et
759 3140 945 3189 subdit
974 3150 1189 3205 tempus
1210 3140 1338 3191 mis·

270 3208 441 3258 sionis
461 3208 617 3259 istius
640 3210 803 3276 igniS,
824 3209 951 3276 quia
974 3226 1085 3259 non
1105 3210 1339 3276 perficie-

268 3288 358 3328 tur
385 3280 499 3343 ejus
548 3280 739 3330 missio
776 3280 947 3330 donec
985 3280 1099 3346 ipse
1146 3297 1334 3347 passus

268 3351 449 3402 fuerit.
482 3354 635 3404 Unde
657 3354 788 3405 dicit
817 3355 1129 3421 :Baptismo
1156 3362 1333 3406 autem

266 3422 433 3473 habeo
453 3424 614 3488 prius
632 3425 920 3492 baptizari,
950 3425 1006 3475 id
1028 3435 1125 3489 est,
1147 3441 1334 3477 secun-

268 3493 401 3543 dum
433 3495 657 3559 Bedam,
687 3496 968 3562 sanguinis
988 3496 1190 3561 proprii
1215 3497 1330 3547 tin-

266 3565 446 3616 ctione
473 3566 624 3632 prius
655 3567 825 3617 habeo
853 3567 1122 3633 perfundi,
1161 3579 1215 3618 et
1251 3569 1330 3618 sic

268 3638 428 3686 corda
449 3638 781 3689 credentium
812 3638 1048 3705 Spiritus
1087 3640 1209 3705 igne
1238 3639 1331 3690 in-

256 3704 708 3774 *flammare‚quod
724 3720 805 3759 est
816 3709 991 3759 dicere
1002 3726 1016 3759 z
1028 3710 1331 3775 Antequam

266 3779 477 3830 mittam
496 3782 779 3847 Spiritum,
808 3783 945 3832 dabo
980 3798 1068 3833 me
1112 3782 1330 3834 crucifi-

250 3852 520 3915 gendum.
555 3854 710 3904 Unde
753 3853 951 3903 dicitur
1010 3871 1022 3904 :
1073 3856 1328 3905 Nondum

256 3930 384 3977 erat
432 3925 673 3990 Spiritus
724 3926 915 3989 datus,
975 3928 1101 3993 quia
1165 3929 1336 3983 Jesus

1002 320 1239 370 PRIMAE
1274 318 1522 368 PARTIS
1556 317 1790 370 CAPUT
1821 318 1956 369 LIV.

1461 433 1695 484 nondum
1718 433 1914 498 fuerat
1939 448 2035 500 per
2084 433 2542 484 resurrectionem

1463 514 1517 554 et
1548 503 1820 554 Passionis
1847 504 2133 554 victoriam
2160 504 2536 571 glorificatus·

1462 573 1605 633 Quia
1627 573 1775 624 enim
1807 575 1992 625 Passio
2017 574 2240 634 Christi,
2274 590 2442 640 quam
2463 589 2538 625 ex

1459 661 1656 711 magna
1707 646 1926 697 caritate
1988 662 2085 712 pro
2138 645 2299 696 nobis
2350 647 2533 697 susti·-

1460 715 1597 776 nuit,
1628 726 1710 766 est
1745 717 2045 767 maximum
2093 715 2328 766 caritatis
2351 715 2536 767 incen-

1457 787 1648 848 tivum,
1681 788 1806 838 ideo
1834 789 1966 839 dicit
1989 804 2046 839 se
2067 788 2220 854 prius
2249 789 2533 854 Baptismo

1458 861 1855 926 baptizandum,
1903 863 2240 928 Baptismum
2284 862 2373 912 hic
2421 878 2533 928 ap-

1456 932 1664 995 pellans
1684 932 2004 983 effusionem
2039 942 2091 983 et
2120 933 2407 983 tincturam
2437 932 2531 983 sui

1455 1003 1733 1068 sanguinis
1763 1005 1822 1055 in
1863 1020 1960 1056 sua
2000 1005 2257 1054 Passione
2297 1004 2533 1054 benedi—

1456 1085 1556 1137 cta,
1581 1090 1648 1126 ex
1665 1091 1777 1142 quo
1804 1076 2116 1142 Baptismus
2145 1085 2199 1126 et
2224 1077 2326 1126 alia
2345 1091 2534 1127 sacra-—

1457 1156 1637 1196 menta
1681 1146 1932 1197 Ecclesiae
1980 1147 2179 1196 habent
2217 1146 2531 1199 efficaciam.

1459 1215 1625 1275 Quasi
1654 1216 1796 1266 dicat
1827 1234 1841 1266 z
1870 1217 1939 1268 Ut
1967 1217 2110 1283 ignis
2140 1217 2240 1267 iste
2275 1218 2533 1268 accenda-

1455 1299 1560 1348 tur,
1590 1305 1700 1355 quo
1730 1304 1762 1339 a
1786 1289 1923 1340 meis
1963 1290 2149 1341 omnia
2178 1301 2387 1341 terrena
2423 1291 2533 1340 de-

1456 1359 1770 1425 spiciantur,
1800 1361 2137 1425 respersione
2164 1361 2368 1427 proprii
2390 1376 2532 1411 san-

1456 1431 1635 1494 guinis
1654 1432 1899 1497 perfundi
1921 1431 2121 1494 habeo;
2150 1442 2208 1482 ut
2227 1433 2533 1498 baptizatus

1456 1502 1514 1551 in
1540 1504 1801 1570 sanguine
1832 1519 1955 1554 meo
1983 1504 2122 1554 alios
2164 1505 2427 1570 baptizem
2466 1504 2531 1555 in

1454 1591 1537 1636 e0,
1566 1586 1629 1627 ut
1646 1592 1737 1627 eos
1756 1576 1928 1643 magis
1954 1576 2008 1626 in
2028 1593 2214 1626 meum
2233 1577 2533 1628 accendam

1454 1661 1713 1698 amorem.
1745 1646 1898 1698 Nihil
1944 1647 2094 1696 enim
2128 1657 2210 1697 est
2255 1647 2406 1712 quod
2448 1646 2533 1698 ita

1454 1718 1663 1782 excitet,
1698 1729 1753 1769 et
1778 1719 2027 1770 accendat
2051 1734 2152 1768 nos
2187 1719 2252 1768 ad
2284 1718 2532 1784 diligen—

1455 1791 1588 1840 dum
1629 1792 1828 1851 Deum,
1871 1789 2010 1840 sicut
2042 1792 2190 1856 quod
2227 1806 2418 1856 passus
2444 1801 2535 1843 est

1453 1878 1551 1928 pro
1579 1861 1756 1922 nobis,
1787 1871 1840 1911 et
1870 1861 1926 1911 in
1952 1861 2216 1928 sanguine
2258 1876 2357 1911 suo
2389 1860 2532 1914 lavit

1451 1950 1549 1984 nos
1570 1950 1601 1985 a
1630 1935 1858 2000 peccatis
1883 1935 2104 1985 nostris.
2139 1935 2208 1986 Ut
2230 1946 2410 1985 autem
2438 1936 2530 1986 di·

1452 2006 1525 2056 cit
1545 2007 1865 2058 Ambrosius
1893 2022 1912 2058 .·
1943 2025 1971 2053 α
2001 2007 2175 2057 Tanta
2197 2017 2278 2056 est
2296 2007 2529 2058 Domini

1450 2077 1711 2143 dignatio,
1754 2088 1816 2128 ut
1844 2077 2194 2129 infundendae
2226 2078 2385 2128 nobis
2424 2078 2534 2129 de-

1449 2151 1701 2211 votionis,
1754 2161 1807 2201 et
1853 2153 2294 2201 consummandae
2345 2151 2531 2218 perfe-

1448 2221 1644 2271 ctionis
1672 2222 1727 2272 in
1770 2222 1948 2283 nobiS,
1985 2234 2037 2273 et
2066 2224 2392 2273 maturandae
2420 2238 2529 2289 pro

1449 2293 1607 2343 nobis
1639 2294 1912 2344 Passionis
1937 2294 2176 2343 studium
2206 2293 2309 2344 sibi
2338 2293 2529 2344 inesse

1448 2373 1687 2415 testetur.
1712 2383 1734 2410 »
1770 2364 1924 2415 Unde
1959 2363 2207 2429 sequitur
2233 2380 2247 2412 2
2272 2363 2350 2414 Et
2380 2377 2527 2429 quo-

1448 2437 1605 2487 modo
1643 2444 1911 2499 coarctor,
1943 2437 2025 2486 vel
2069 2452 2258 2501 angor,
2302 2444 2357 2486 et
2383 2452 2526 2486 con-

1445 2506 1648 2567 tristor,
1685 2521 1847 2571 usque
1888 2508 2011 2556 dum
2055 2506 2375 2571 perficiatur
2422 2521 2529 2572 per

1447 2578 1764 2629 Passionem
1805 2594 1959 2629 meus
1998 2578 2308 2643 Baptismus
2337 2587 2388 2628 et
2413 2578 2529 2629 ho-

1447 2649 1662 2698 minum
1694 2650 1857 2709 saluS‚
1886 2649 1939 2699 id
1970 2660 2050 2699 est
2067 2658 2271 2715 quanto
2300 2647 2528 2698 deside-

1444 2718 1526 2767 rio
1555 2718 1743 2769 affecto
1776 2719 2073 2770 orationem
2096 2733 2271 2768 meam
2304 2728 2355 2767 et
2382 2718 2526 2767 Pas-

1443 2789 1658 2839 sionem
1687 2804 1785 2855 pro
1832 2790 2003 2839 salute
2043 2789 2252 2855 generis
2290 2788 2523 2841 humani

1399 2883 1406 2890 -
1443 2860 1847 2910 consummari!
1894 2859 2057 2919 Quasi
2087 2859 2285 2909 diceret
2315 2875 2329 2908 z
2366 2858 2522 2908 Mul-

1444 2940 1580 2980 tum.
1629 2931 1727 2980 Per
1752 2931 1855 2980 hoc
1898 2944 2024 2995 ergo
2053 2929 2375 2994 intelligitur
2408 2944 2525 2980 ma·

1443 3018 1612 3067 gnum
1667 3001 1996 3053 desiderium
2043 3002 2157 3066 ejus
2199 2999 2520 3067 perficiendi

1444 3083 1684 3122 nostram
1719 3074 1949 3123 salutem
1989 3088 2083 3137 per
2108 3088 2261 3122 suam
2299 3072 2521 3123 Passio-

1444 3158 1590 3192 nem.
1623 3143 1775 3193 Unde
1802 3142 1931 3192 alibi
1959 3159 1973 3191 z
2000 3143 2285 3193 Desiderio
2310 3142 2523 3192 deside-

1442 3212 1566 3261 ravi
1605 3212 1704 3262 hoc
1726 3212 1945 3262 Pascha
1973 3212 2298 3278 manducare
2326 3211 2520 3261 vobis-

1441 3296 1559 3332 cum
1576 3319 1594 3344 ‚
1673 3292 1735 3332 ut
1813 3282 1953 3332 mihi
2023 3282 2322 3333 uniremini
2417 3298 2520 3349 per

1441 3352 1808 3402 dilectionem.
1871 3351 2023 3403 Unde
2083 3351 2230 3402 idem
2275 3352 2518 3404 Ambro-

1440 3424 1557 3473 sius
1574 3442 1592 3475 ε
1618 3442 1647 3471 α
1671 3424 1812 3475 Cum
1831 3424 1979 3474 enim
2002 3423 2058 3473 in
2078 3440 2136 3475 se
2156 3426 2297 3476 nihil
2313 3425 2515 3477 habuit

1439 3497 1588 3561 quod
1622 3497 1850 3557 doleret,
1881 3497 2084 3548 nostris
2128 3508 2307 3549 tamen
2337 3513 2518 3564 ange-

1441 3567 1598 3617 batur
1629 3566 1910 3627 aerumnis,
1954 3577 2007 3617 et
2048 3578 2289 3634 tempore
2317 3568 2517 3620 mortis

1440 3636 1754 3687 moestitiam
1784 3638 2162 3703 praetendebat,
2193 3635 2359 3705 quam
2398 3653 2519 3690 non.

1438 3724 1503 3757 ex
1545 3719 1693 3759 metu
1730 3708 1922 3759 mortis
1956 3724 2082 3769 suae,
2133 3711 2228 3760 sed
2276 3725 2343 3760 ex
2383 3725 2516 3760 mo-

1438 3797 1495 3831 ra
1539 3792 1736 3832 nostrae
1767 3782 2148 3847 redemptionis
2190 3797 2512 3849 assumpse-

1437 3864 1534 3905 rat.
1566 3874 1594 3901 n

1499 3944 1534 3977 2
1547 3928 1787 3977 Dominus
1805 3942 2062 3986 ‹ar-amun,
2075 3942 2182 3976 non
2195 3942 2380 3989 mean,
2394 3941 2510 3977 mr·
