2757 4413
601 310 695 359 DE
726 307 1274 360 DECOLLATIONE
1304 307 1597 359 JOANNIS
1630 306 2011 359 BAPTISTAE.

209 426 351 487 ‘sione
387 424 597 490 pietatis
634 423 805 488 magis
850 424 1051 490 impius
1087 423 1253 477 fieret.

214 498 278 548 ‘Et
299 497 412 548 ideo
444 511 539 562 per
568 495 751 560 ipsum
779 496 1044 545 Herodem
1080 495 1254 561 signi·

214 567 419 619 ficantur
440 567 520 617 illi
547 565 643 632 qui
677 566 780 616 sub
806 566 978 632 specie
1002 566 1256 633 religiosi-

212 639 337 699 tatis,
366 638 747 689 machinantur
771 653 911 704 opus
939 639 1107 689 facere
1134 652 1255 689 ma·

214 710 451 776 lignitatis
473 725 488 773 ;
560 724 654 775 per
717 709 1070 760 Herodiadem
1128 725 1254 763 vero

210 782 524 849 significatur
542 782 779 846 luxuria3
802 798 898 849 per
914 783 1251 847 saltatricem,

209 852 472 904 dissolutio
494 853 802 914 libidinosa,
822 868 916 919 per
934 868 1069 920 quas
1091 853 1116 904 J
1121 869 1254 904 oan-

208 922 300 985 nis,
319 923 373 973 id
398 934 481 974 ost
505 923 751 974 hominis
770 923 987 989 gratiosi
1010 923 1256 989 frequen-

206 1005 277 1043 ter
314 1005 626 1061 procuratur
665 1010 812 1044 mors
848 994 1159 1061 spiritualis,
1200 1006 1253 1046 et

200 1064 474 1130 aliquando
507 1066 818 1131 corporalis.
844 1066 959 1117 Rex
992 1080 1118 1116 vero
1147 1082 1251 1118 no·-

199 1135 294 1187 luit
314 1151 431 1187 eam
459 1136 795 1201 contristare,
826 1144 1053 1204 propter
1067 1138 1249 1205 jusju-

199 1208 440 1271 randum,
506 1210 656 1274 quod
725 1218 904 1260 tamen
964 1225 1074 1260 non
1142 1220 1252 1261 erat

196 1279 600 1340 observandum,
631 1281 776 1347 quia,
805 1282 1102 1333 secundum
1137 1282 1250 1334 Isi-

198 1349 388 1413 dorum,
413 1365 524 1400 non
555 1361 636 1401 est
676 1352 1036 1415 juramentum
1076 1353 1252 1404 obser·-

194 1422 434 1483 vandum,
473 1423 569 1474 ubi
612 1424 819 1474 malum
862 1424 1072 1476 incaute
1117 1441 1248 1491 pro-

195 1491 450 1557 mittitur3
509 1502 563 1545 et
610 1493 668 1544 in
725 1495 881 1547 malis
928 1495 1245 1561 promissis,

194 1563 527 1616 rescindenda
566 1574 648 1617 est
673 1565 823 1619 fides.
853 1567 1022 1628 Quasi
1050 1567 1248 1619 diceret

192 1632 459 1686 Herodes:
494 1635 620 1686 Non
652 1645 734 1686 est
762 1651 827 1688 ex
859 1637 1064 1689 malitia
1099 1641 1245 1704 quod

189 1722 282 1774 ego
323 1707 489 1773 faci03
535 1711 628 1762 sed
650 1748 665 1771 ,
699 1718 925 1779 propter
958 1712 1246 1779 Jusjuran-

190 1779 338 1842 dum,
386 1782 534 1847 quod
585 1783 884 1847 transgredi
934 1800 1045 1834 non
1098 1783 1244 1846 licet,

188 1850 285 1903 fuit
322 1854 466 1905 enim
502 1855 724 1907 dolosus
765 1855 824 1907 in
868 1857 1244 1921 promittendO,

189 1932 239 1973 et
275 1925 563 1992 sacrilegus
602 1927 658 1978 in
697 1928 977 1991 solvendo;
1022 1934 1075 1979 et
1106 1943 1244 1995 pro·-

180 1999 300 2060 pter
332 1995 491 2046 simul
516 1998 890 2061 recumbentes,
920 2013 1100 2049 coram
1129 1998 1246 2064 qui-

190 2065 286 2117 bus
339 2066 552 2132 publice
600 2069 893 2132 juraverat,
944 2077 1003 2119 ut
1053 2084 1243 2121 omnes

184 2134 372 2187 fierent
415 2138 628 2190 sceleris
667 2139 752 2190 sui
787 2149 1085 2202 consortes,
1134 2156 1243 2191 non

182 2218 509 2274 correptores
526 2248 540 2270 ,
581 2227 688 2261 non
736 2211 1058 2263 resistentes.
1107 2212 1244 2264 Ecce

181 2296 352 2347 quam
385 2283 452 2332 de
489 2283 630 2333 facili
656 2294 926 2349 peccatum
956 2285 1148 2336 transit
1177 2286 1244 2336 de

181 2368 288 2403 uno
328 2352 385 2403 in
420 2370 624 2406 omnes.
655 2355 916 2407 Similiter
958 2356 1118 2408 etiam
1146 2357 1241 2424 qui

177 2424 371 2474 ludum
410 2435 463 2475 et
500 2427 858 2491 spectaculum
901 2426 1033 2478 illud
1063 2427 1241 2493 inspi-

176 2495 410 2557 ciebant,
440 2506 711 2547 consortes
745 2497 959 2549 sceleris
997 2513 1120 2550 cum
1161 2498 1237 2549 fa-

174 2565 447 2616 cientibus
486 2564 701 2617 fiebant.
747 2567 904 2629 Nam,
944 2570 1241 2620 secundum

179 2636 642 2704 Chrysostomum,
671 2637 810 2689 sicut
838 2638 883 2689 si
911 2654 1025 2689 non
1064 2649 1243 2691 essent

182 2708 522 2775 inspectores,
554 2726 663 2761 non
701 2710 890 2776 utique
931 2723 1110 2764 essent
1146 2713 1241 2780 qui

181 2782 310 2831 talia
346 2791 673 2845 exercerent3
716 2782 789 2832 ita
828 2782 955 2848 quia
1002 2793 1148 2844 sunt,
1194 2794 1245 2835 et

181 2850 285 2917 ipsi
346 2866 532 2901 eorum
589 2866 711 2917 quae
758 2851 897 2902 fiunt
937 2852 1118 2920 ignem
1161 2856 1244 2905 vel

183 2921 491 2972 scandalum
526 2921 784 2974 sentiunt.
815 2923 864 2973 O
893 2939 1058 2989 quam
1087 2925 1243 2976 multi

180 2990 386 3041 subditi
426 2991 585 3042 hodie
624 2992 994 3058 periclitantur
1028 2995 1086 3045 in
1118 3011 1247 3046 con-

182 3062 427 3123 scientia,
454 3072 520 3113 ¹et
560 3064 758 3126 anima,
800 3074 1017 3132 propter
1061 3067 1247 3133 praesi-

179 3132 430 3184 dentium
464 3133 599 3184 facta
626 3134 808 3186 minus
844 3135 1013 3200 justa!
1053 3137 1248 3189 Misit-

179 3218 279 3269 que
339 3203 744 3270 spiculatorem,
805 3206 900 3272 qui
948 3221 1018 3257 ex
1071 3207 1246 3259 officio

181 3276 430 3340 portabat
452 3276 719 3342 spiculum
746 3294 857 3344 quo
892 3281 1248 3345 amputaban-

184 3356 269 3397 tur
305 3344 474 3412 capita
500 3347 908 3412 damnatorum;
939 3355 991 3400 et
1016 3349 1248 3401 decolla-

181 3416 256 3466 vit
302 3416 563 3468 loannem
610 3417 663 3467 in
715 3432 956 3482 carcere,
1006 3421 1214 3471 occulte
1230 3458 1243 3481 ,

181 3504 278 3553 pro
305 3489 525 3540 vitanda
556 3491 742 3557 populi
770 3491 1030 3543 seditione
1040 3507 1057 3557 3
1078 3498 1129 3542 et
1154 3499 1245 3542 at-

185 3560 304 3612 tulit
336 3566 502 3625 caput
538 3561 656 3628 ejus
699 3561 752 3612 in
795 3562 962 3627 disc-0,
1000 3574 1246 3614 cruentas

182 3633 364 3697 epulas
413 3633 465 3683 in
516 3634 856 3686 luxuriosum
904 3636 1211 3688 convivium
1229 3676 1242 3698 ,

184 3715 234 3754 et
288 3715 402 3755 tam
454 3705 617 3771 digno
675 3705 878 3758 ferculo
927 3708 1240 3775 indignum;

186 3782 233 3825 et
270 3777 422 3827 dedit
459 3777 598 3827 illud
625 3778 843 3843 puellae,
873 3779 927 3829 in
961 3780 1242 3846 praemiurn

182 3845 481 3897 saltationis
516 3862 654 3911 suae3
692 3854 745 3898 et
771 3848 956 3913 puella
983 3849 1146 3913 dedit,
1186 3850 1240 3900 in

183 3916 479 3968 ludibrium
519 3919 684 3970 matri
715 3934 847 3984 suae,
879 3930 940 3972 ut
971 3920 1051 3972 illi
1089 3938 1240 3973 mor-

2314 304 2420 361 605

1358 434 1455 477 tuo
1497 422 1761 483 illuderet,
1803 420 1898 488 qui
1948 437 2109 475 suum
2156 423 2422 474 incestum

1360 494 1792 561 reprehenderat,
1822 504 1874 545 et
1921 504 1982 543 ut
2025 493 2084 543 in
2135 509 2232 544 sua
2278 504 2426 559 pote-

1361 574 1494 616 state
1514 564 1756 630 linguam
1785 563 2022 625 haberet,
2052 578 2172 628 quoe
2208 562 2423 616 illicitas

1360 635 1578 701 nuptias
1593 635 1866 701 arguebat.
1895 634 2032 687 Ecce
2052 643 2283 700 quatuor
2306 648 2423 687 cru·

1358 709 1499 760 delia
1523 725 1538 759 2
1563 722 1757 774 magna
1785 706 1932 760 enim
1960 706 2246 759 crudelitas
2274 706 2421 771 quod

1358 790 1601 832 sanctum
1631 790 1787 846 eaput
1814 786 1896 831 est
1924 779 2260 841 decollatum,
2302 792 2420 829 ma-

1356 852 1438 916 jor
1491 852 1637 917 quod
1682 851 1908 903 allatum
1954 859 2006 901 et
2062 849 2419 900 homicidium

1357 932 1701 984 ostentatum,
1739 933 1792 975 et
1833 922 2008 975 adhuc
2056 922 2242 985 major,
2272 920 2419 986 quod

1357 994 1608 1045 saltatrici
1638 994 1842 1057 datum,
1871 995 1965 1047 sed
1996 993 2247 1051 maxima,
2273 992 2419 1057 quod

1357 1069 1415 1117 in
1445 1076 1758 1133 potestatem
1787 1067 2041 1118 adulterae
2068 1066 2419 1131 assignatum.

1356 1141 1688 1193 Convivante
1735 1140 1916 1206 itaque
1964 1140 2204 1201 Herode,
2259 1137 2419 1203 paulo

1355 1223 1475 1262 ante
1529 1211 1718 1262 horam
1782 1211 1890 1262 diei
1938 1225 2163 1268 nonam,
2209 1217 2419 1259 sanctus

1352 1283 1589 1333 Joannes
1628 1281 1864 1347 Baptista
1903 1290 1984 1333 est
2029 1279 2322 1332 decollatus
2359 1277 2418 1327 in

1353 1353 1615 1414 custodia,
1663 1352 1938 1404 clamando
1982 1365 2111 1402 voce
2157 1362 2351 1413 magna
2402 1365 2415 1398 ε

1352 1424 1582 1475 Domine
1607 1424 1752 1475 Deus
1774 1437 1944 1482 meus,
1968 1421 2069 1472 tibi
2098 1418 2416 1470 commendo

1351 1499 1604 1564 spiritum
1642 1514 1842 1550 meum.
1872 1499 1938 1548 Et
1963 1496 2140 1547 nudus
2168 1495 2269 1545 sub
2302 1509 2420 1544 aere

1352 1570 1644 1620 admodum
1673 1569 1974 1635 despective
2000 1565 2179 1633 jacuit,
2203 1563 2420 1630 exposi-

1352 1651 1442 1690 tus
1492 1640 1825 1706 spectaculis,
1872 1639 2045 1690 donec
2073 1638 2347 1689 tolleretur
2389 1650 2418 1685 a

1350 1710 1649 1777 discipulis.
1678 1712 1775 1761 Per
1798 1711 1901 1762 hoc
1922 1710 2069 1777 quod
2088 1709 2146 1760 in
2172 1705 2418 1760 convivio

1350 1784 1530 1848 jussus
1554 1793 1636 1834 est
1662 1784 1889 1835 Joannes
1916 1780 2183 1841 decollari,
2208 1779 2274 1829 ad
2304 1778 2415 1830 sal-

1352 1853 1553 1904 tatricis
1579 1864 1632 1904 et
1658 1868 1770 1904 suoe
1795 1852 1984 1905 matris
2010 1852 2268 1903 adulterae
2288 1848 2418 1914 peti-

1348 1924 1548 1975 tionem
1571 1963 1585 1984 ,
1658 1924 1956 1976 ostenditur
2024 1923 2170 1990 quod
2248 1920 2418 1971 multa

1349 1996 1488 2047 mala
1542 1994 1681 2047 fiunt
1732 2005 1949 2062 propter
1996 1994 2301 2060 crapulam,
2362 2001 2413 2043 et

1350 2067 1642 2119 mulierum
1668 2067 1947 2118 malitiam.
1974 2067 2131 2119 Unde
2157 2065 2212 2115 in
2240 2063 2411 2115 Eccle-

1348 2138 1608 2190 siastico:
1653 2138 1840 2191 Vinum
1878 2144 1928 2189 et
1969 2137 2236 2197 mulieres,
2276 2148 2413 2199 apo-

1345 2220 1556 2264 statare
1565 2213 1785 2279 faciunt
1802 2213 2085 2278 sapiente&
2107 2208 2412 2262 Secundum

1346 2284 1688 2349 Remigium,
1717 2283 1779 2335 in
1822 2283 2030 2334 Herode
2066 2281 2250 2330 minus
2291 2293 2414 2343 pec-

1347 2367 1524 2408 catum
1547 2356 1746 2410 factum
1774 2365 1852 2407 est
1873 2371 2032 2407 causa
2058 2352 2275 2418 majoris
2300 2366 2412 2416 pec-

1347 2428 1468 2478 cati.
1509 2428 1647 2479 Nam
1681 2427 1809 2494 quia
1833 2426 2179 2478 libidinosam
2212 2423 2411 2472 volun·

1347 2511 1511 2551 tatem
1543 2516 1655 2552 non
1689 2498 1970 2559 exstinxit,
1995 2498 2115 2549 ideo
2144 2509 2316 2560 usque
2347 2493 2411 2543 ad

1346 2572 1616 2624 luxuriam
1656 2570 1923 2637 pervenit;
1971 2578 2023 2621 et
2068 2566 2194 2633 quia
2247 2566 2411 2616 luxu-

1348 2643 1486 2693 riam
1533 2659 1643 2694 non
1678 2640 1926 2702 coercuit,
1953 2639 2020 2691 ad
2055 2647 2261 2689 reatum
2305 2635 2410 2686 ho·

1349 2713 1556 2764 micidii
1581 2711 1866 2764 descendit.

1415 2783 1442 2833 3
1480 2784 1602 2844 Quo
1646 2799 1733 2835 ms
1773 2797 1937 2834 rac-ra
1974 2794 2169 2835 ruenn-
2215 2792 2281 2827 Er
2319 2790 2412 2827 se·-

1351 2870 1605 2906 rum-una
1638 2853 1857 2904 Jomms
1890 2853 2186 2903 Barna-rm.
2218 2876 2278 2887 --
2310 2845 2412 2897 Sed

1349 2937 1535 2978 contra
1596 2925 1825 2977 Herodis
1884 2923 2212 2989 impietatem
2234 2959 2247 2981 ,
2317 2917 2411 2985 qui

1348 3000 1603 3051 loannem
1633 3009 1848 3065 propter
1879 2997 2156 3050 veritatem
2192 2993 2416 3044 decolla—

1350 3078 1529 3134 verat,
1583 3080 1636 3121 et
1696 3069 2024 3136 insepultum
2091 3065 2411 3130 reliquerat,

1351 3144 1758 3194 commendatur
1783 3141 2173 3207 discipulorum
2201 3134 2414 3200 religio·-

1351 3230 1411 3266 sa
1444 3224 1495 3265 et
1526 3214 1761 3266 officiosa
1791 3214 1983 3280 pietas3
2016 3211 2162 3278 quia,
2189 3210 2292 3260 hoc
2324 3222 2415 3287 au-

1350 3285 1481 3344 dito,
1504 3284 1809 3336 accedentes
1832 3283 2066 3334 tulerunt
2081 3292 2274 3346 corpus
2297 3290 2412 3357 ejus·

1350 3356 1418 3406 de
1468 3369 1697 3415 carcere,
1748 3354 1894 3421 quod
1940 3369 2033 3405 rex
2079 3351 2211 3416 ipsis
2263 3347 2410 3398 reddi

1350 3427 1537 3494 jussit3
1566 3433 1619 3478 et
1644 3428 1965 3494 sepelierunt
1993 3425 2131 3478 illud
2161 3437 2410 3501 reveren-

1350 3510 1433 3550 ter
1467 3507 1529 3549 ut
1570 3498 1749 3549 decuit
1761 3512 1778 3563 ;
1807 3503 1860 3548 et
1893 3497 2154 3548 venientes
2192 3497 2410 3543 nuntia-

1352 3576 1538 3620 verunt
1606 3569 1739 3620 Jesu
1757 3607 1775 3632 ,
1839 3568 2041 3619 scilicet
2108 3563 2408 3640 passionem

1346 3638 1584 3700 joannis,
1623 3653 1684 3690 ac
1722 3637 1884 3689 etiam
1921 3652 2080 3703 opera
2116 3644 2166 3683 et
2205 3634 2409 3683 doctri-

1350 3725 1494 3761 nam.
1538 3710 1598 3759 In
1647 3708 1904 3760 omnibus
1947 3722 2069 3758 vero
2118 3701 2410 3753 ostendunt

1346 3775 1599 3846 discipuli
1635 3779 1972 3830 devotionem
2000 3790 2150 3826 suam
2190 3774 2254 3823 ad
2288 3787 2410 3822 ma-

1348 3851 1577 3917 gistrum
1616 3867 1628 3900 :
1676 3859 1730 3900 et
1775 3850 1919 3914 quod
1959 3849 2209 3898 venerunt
2257 3843 2409 3892 velo-

1345 3925 1479 3977 citer
1498 3963 1513 3988 ,
1562 3930 1615 3976 et
1675 3922 1911 3974 tulerunt
1971 3927 2267 3970 reverenter
2287 3954 2301 3977 ,
2359 3919 2411 3965 et
