2757 4413
391 295 496 362 462

392 427 505 462 cus.
542 408 809 462 Omnium
844 407 1069 474 quidem
1108 407 1465 459 salutem³af-

395 484 616 535 fectabat
636 520 651 546 ‚
736 491 789 532 et
879 481 1084 530 bonum
1172 495 1464 531 commune

394 554 568 620 magis
613 569 778 619 quam
811 551 1078 617 privatum
1122 552 1459 617 procurabat.

393 628 518 689 Sed,
550 627 687 693 proh
714 623 896 675 dolor!
922 624 1086 674 hodie
1108 624 1310 674 bonum
1344 624 1461 690 pri-

393 708 596 759 vatum,
624 696 796 762 magis
817 710 979 762 quam
1005 711 1296 745 commune
1323 710 1470 762 quae·

395 769 547 827 ritur‚
600 778 652 819 et
690 782 784 833 per
826 766 929 816 hoc
975 765 1031 816 in
1072 781 1264 831 magna
1314 776 1464 832 parte

394 842 634 892 mundus
661 839 971 890 destruitur.
1002 840 1116 890 Hoc
1140 849 1317 890 autem
1343 854 1468 906 pro-

392 915 529 965 cedit
558 929 623 964 ex
665 913 873 964 defectu
911 911 1160 972 caritatis,
1199 928 1320 978 quae
1363 928 1466 964 non

393 984 589 1051 quoerit
615 996 733 1048 quoe
759 998 859 1034 sua
890 989 1030 1046 sunt,
1056 983 1149 1033 sed
1178 999 1302 1050 quae
1325 983 1464 1034 alio-

394 1070 537 1104 rum.
578 1054 732 1104 Unde
784 1054 1205 1120 Chrysostomus
1235 1071 1252 1105 .·
1283 1072 1311 1100 «
1341 1055 1467 1104 Haec

394 1134 475 1176 est
509 1123 737 1190 perfecta
781 1124 948 1190 gratia
988 1124 1239 1186 caritatis,
1282 1140 1465 1191 quan-

394 1196 465 1245 do
493 1195 618 1262 quis
646 1194 765 1245 aliis
792 1195 1009 1246 festinat
1047 1196 1283 1262 amplius
1316 1195 1470 1246 utilis

397 1276 450 1318 et
485 1269 726 1317 lucrosus
766 1282 884 1317 esse
929 1282 1094 1333 quam
1136 1266 1259 1317 sibi.
1298 1266 1468 1332 Igitur

395 1337 462 1388 ad
491 1348 601 1388 tam
630 1337 782 1402 pium
814 1337 1232 1397 Samaritanum,
1263 1338 1328 1387 ad
1357 1347 1468 1388 tam

397 1410 683 1460 salutarem
734 1418 1003 1473 pastorem
1050 1418 1102 1459 et
1159 1408 1428 1459 medicum
1452 1446 1467 1473 ,

399 1480 456 1530 in
488 1478 638 1529 omni
683 1479 993 1530 necessitate
1022 1494 1234 1545 semper
1268 1490 1350 1530 est
1378 1493 1469 1528 re-

398 1554 752 1616 currendum3
798 1562 850 1603 et
892 1569 1002 1602 non
1041 1554 1219 1602 solum
1257 1552 1470 1603 anima-

399 1640 540 1686 rum,
597 1625 690 1674 sed
731 1639 1016 1690 corporum
1053 1625 1197 1674 salus
1240 1623 1308 1673 ab
1347 1621 1469 1688 ipso

400 1696 516 1745 solo
569 1704 649 1745 est
692 1694 997 1760 quaerenda,
1041 1704 1096 1744 et
1146 1692 1203 1744 in
1253 1708 1317 1743 eo
1359 1702 1470 1744 tota

400 1780 524 1830 spes
549 1775 730 1815 nostra
758 1774 837 1815 est
878 1763 1139 1830 ponenda,
1173 1763 1288 1829 ipse
1322 1762 1469 1813 enim

400 1836 598 1887 melius
655 1837 805 1887 novit
866 1846 918 1887 et
979 1835 1280 1886 considerat
1335 1835 1468 1901 quid

399 1905 620 1956 cuilibet
653 1905 916 1971 expediat.
940 1925 969 1953 υ
1011 1904 1164 1956 Unde
1193 1903 1469 1970 Augusti-

400 1993 501 2029 nus
530 1996 548 2029 .·
577 1996 604 2025 «
635 1980 848 2028 Bonum
877 1988 958 2029 est
982 1987 1042 2029 ut
1069 1977 1135 2028 de
1159 1978 1329 2028 salute
1348 1992 1471 2026 cor-

402 2049 550 2114 poris
593 2065 703 2098 non
749 2058 987 2114 satagas,
1039 2047 1145 2098 nisi
1187 2057 1249 2098 ut
1288 2064 1319 2098 a
1357 2048 1471 2098 Deo

399 2121 491 2171 illa
529 2129 691 2185 petas.
721 2121 777 2170 Si
817 2120 914 2170 scit
941 2120 1040 2170 tibi
1069 2120 1340 2185 prodesse,
1368 2120 1472 2170 da·-

403 2191 485 2242 bit
519 2191 694 2255 illam;
723 2190 768 2242 si
805 2208 917 2242 non
958 2190 1057 2242 tibi
1097 2190 1321 2251 dederit,
1361 2206 1469 2241 non

402 2262 503 2313 tibi
552 2263 799 2328 proderat
844 2262 1042 2313 habere
1091 2261 1259 2313 illam.
1309 2262 1471 2313 Novit

402 2325 548 2384 Deus
590 2333 723 2399 quid
757 2332 919 2383 nobis
950 2331 1212 2398 expediat,
1247 2332 1302 2384 id
1339 2348 1470 2400 aga-

404 2423 545 2468 muS,
586 2417 646 2457 ut
674 2422 866 2457 sanum
908 2405 979 2457 sit
1023 2422 1114 2457 cor
1151 2417 1401 2457 nostrum
1440 2422 1472 2457 a

402 2482 652 2549 peccatis.
699 2483 765 2532 Et
802 2481 1020 2548 quando
1052 2480 1189 2532 forte
1226 2481 1471 2548 flagella-

403 2568 528 2602 mur
550 2553 606 2602 in
631 2568 870 2619 corpore,
897 2553 1076 2619 ipsum
1104 2552 1471 2618 deprecemur.

405 2624 549 2682 Haec,
601 2622 818 2686 fratres,
875 2624 997 2673 ideo
1042 2622 1175 2683 dixi,
1236 2637 1303 2673 ne
1347 2622 1472 2688 quis

403 2702 608 2757 quaerat
673 2692 877 2759 aliquid
946 2703 1136 2758 praeter
1207 2690 1474 2743 auxilium

405 2764 503 2814 Dei
535 2780 549 2813 z
583 2783 612 2811 n
653 2763 770 2815 haec
800 2764 1161 2830 Augustinus·

470 2853 502 2903 7
538 2837 659 2887 Cun
709 2838 954 2887 Donamus
1006 2852 1308 2887 psam-rur
1369 2852 1476 2887 110-

404 2924 563 2959 umss
591 2925 1022 2959 rainoni-rouen
1055 2909 1203 2959 rm?
1240 2938 1302 2949 —-
1340 2910 1475 2960 Per-

406 2981 573 3032 mittit
620 2982 841 3048 quidem
901 2982 1046 3032 Deus
1102 2982 1477 3034 tribulationes

406 3061 459 3101 et
534 3052 853 3102 tentationes
910 3051 1161 3102 advenire
1189 3090 1204 3112 ,
1265 3062 1316 3103 et
1376 3054 1477 3103 scit

406 3122 650 3188 quandiu
733 3123 961 3173 debeant
1043 3123 1279 3186 durare3
1361 3123 1477 3189 ipse

406 3192 555 3242 enirn
595 3193 689 3259 qui
731 3208 913 3244 earum
953 3193 1103 3243 novit
1147 3192 1475 3260 principium

407 3275 460 3315 et
491 3265 792 3327 introitum,
826 3266 976 3317 novit
1021 3266 1183 3316 etiam
1220 3265 1384 3317 finem
1427 3275 1479 3316 et

406 3337 630 3390 exitum.
681 3340 746 3389 Et
798 3339 919 3390 ideo
969 3339 1154 3389 omnia
1215 3338 1479 3404 patienter

406 3406 661 3470 feramus,
689 3419 741 3459 et
771 3410 837 3459 ad
867 3408 1048 3475 ipsum
1082 3411 1260 3461 solum
1293 3425 1478 3460 recur-

405 3489 610 3543 rentes,
650 3479 832 3530 omnia
893 3480 1005 3530 sibi·
1054 3479 1477 3531 committamus,

411 3550 562 3602 Unde
625 3551 1046 3618 Chrysostomus
1101 3568 1119 3604 .·
1167 3570 1196 3600 α
1257 3537 1479 3603 Oratio-

1076 291 1316 342 PRIMAE
1352 291 1600 343 PARTIS
1632 292 1866 344 CAPUT
1902 294 1961 344 L.

2191 385 2209 403 0

1576 408 1740 459 nibus
1785 424 1908 458 cum
1959 407 2234 475 diligentia
2279 409 2661 474 intendamus,

1573 491 1626 532 et
1653 481 1700 532 si
1738 497 1847 532 non
1878 481 2255 547 acceperimus,
2288 483 2663 537 immoremur

1575 560 1637 602 ut
1661 551 2004 618 accipiamus.
2047 551 2167 602 Ideo
2208 553 2352 602 enim
2390 552 2662 619 aliquan-

1574 624 1670 676 diu
1708 633 1763 674 et
1792 639 2025 674 annuere
2061 624 2401 689 peccantibus
2446 625 2663 687 differt,

1569 704 1629 744 et
1679 693 2054 744 tribulationes
2102 693 2305 745 irruere
2360 695 2665 761 permittit,

1576 774 1636 814 ut
1668 763 1921 815 continue
1956 764 2020 814 ad
2068 763 2249 830 ipsum
2292 765 2664 832 refugiamus,

1578 851 1674 886 nec
1722 836 1790 886 ab
1833 851 1898 886 eo
1947 835 2239 901 aliquando
2286 837 2665 890 discedamus.

1578 909 1718 969 Quia
1753 909 1800 960 si
1842 909 2028 975 quales
2073 909 2129 960 in
2170 910 2523 961 tribulatione
2558 927 2667 963 su·

1577 999 1718 1043 mus,
1743 984 1875 1033 tales
1904 997 2146 1033 essemus
2169 983 2328 1034 etiam
2361 983 2417 1033 in
2439 985 2667 1050 requie,

1578 1069 1919 1121 nequaquam
1963 1053 2233 1120 egerimus
2261 1054 2671 1107 afflictionibus

1577 1124 1791 1176 eruditi.
1817 1125 1883 1175 Et
1915 1125 2048 1191 quid
2083 1124 2203 1175 dico
2231 1126 2299 1175 de
2332 1125 2520 1176 vobis?
2558 1126 2669 1178 Et-

1577 1195 1721 1247 enim
1740 1211 1929 1247 omnes
1948 1196 2258 1263 quicunque
2284 1210 2533 1262 unquam
2559 1198 2674 1249 cla·

1579 1267 1748 1318 riores
1778 1266 1953 1318 induti
1983 1277 2112 1317 sunt
2139 1281 2380 1327 coronaS,
2408 1281 2438 1317 a
2466 1267 2669 1319 tribu-

1578 1339 1870 1389 lationibus
1919 1348 1973 1389 et
2023 1338 2414 1389 tentationibus
2467 1338 2668 1391 induti

1578 1421 1723 1471 sunt,
1747 1420 1800 1461 et
1834 1409 2025 1461 famosi
2064 1409 2259 1461 effecti.
2289 1411 2423 1471 Quae
2463 1412 2671 1462 omnia

1578 1491 1958 1550 cognoscentes
1978 1522 1994 1543 ,
2063 1498 2131 1533 ne
2199 1482 2522 1533 festinemus
2608 1484 2667 1535 in

1579 1566 1817 1621 tempore
1841 1553 2167 1605 inductionis
2186 1553 2331 1612 mali,
2354 1553 2447 1603 sed
2472 1569 2665 1605 unum

1579 1626 1755 1677 solum
1787 1625 2115 1688 erudiamur,
2148 1634 2211 1675 ut
2248 1622 2474 1674 viriliter
2516 1639 2671 1675 cun-

1578 1709 1659 1749 cta
1694 1697 2002 1758 toleremus,
2034 1710 2132 1746 nec
2171 1696 2237 1746 de
2278 1693 2367 1744 his
2394 1709 2515 1759 quae
2553 1710 2670 1746 no-

1581 1768 1665 1818 bis
1697 1767 1963 1827 accidunt,
1988 1766 2347 1833 quoestionem
2373 1764 2668 1827 curiosita-

1578 1842 1647 1892 tis
1688 1855 2017 1891 moveamus.
2063 1838 2211 1890 Scire
2247 1837 2394 1889 enim
2432 1840 2672 1904 quando

1578 1924 1788 1981 oportet
1827 1912 1960 1965 solvi
1999 1911 2390 1969 tribulationes,
2419 1912 2671 1976 permit·-

1579 1985 1743 2037 tentis
1783 1995 1864 2036 est
1894 1999 1984 2035 eas
2025 1982 2304 2047 advenire3
2336 1983 2508 2032 illatas
2555 1999 2671 2035 au-

1580 2066 1685 2107 tem
1753 2056 1889 2106 ferre
1954 2069 2078 2105 cum
2152 2053 2303 2104 omni
2361 2052 2671 2120 gratiarum

1580 2127 1789 2177 actione
1839 2135 2036 2178 nostrae
2093 2135 2174 2176 est
2237 2125 2392 2179 bonae
2441 2126 2673 2177 'mentis

1580 2215 1734 2265 opus.
1773 2198 1933 2260 Quod
1962 2196 2009 2248 si
2041 2195 2149 2258 fiet,
2187 2196 2375 2248 omnia
2404 2195 2548 2247 bona
2581 2213 2668 2250 se-

1580 2279 1831 2335 quentur.
1877 2269 1947 2319 Ut
1992 2268 2159 2334 igitur
2195 2268 2308 2319 haec
2343 2283 2670 2334 consequa-

1582 2358 1722 2403 mur,
1751 2352 1803 2393 et
1834 2341 2225 2408 probabiliores
2252 2340 2341 2390 hic
2364 2349 2416 2391 et
2453 2341 2670 2392 clario-

1582 2429 1666 2464 res
1707 2413 1818 2464 illic
1852 2413 2066 2472 fiamuS,
2098 2427 2259 2462 omne
2284 2411 2670 2479 quodcunque

1582 2484 1962 2550 supervenerit,
1986 2498 2142 2549 aequo
2168 2482 2353 2533 animo
2386 2481 2674 2548 suscipia-

1584 2573 1735 2621 mus;
1771 2557 1967 2623 gratias
2008 2566 2226 2622 agentes
2262 2556 2310 2606 ei
2349 2556 2445 2622 qui
2490 2571 2672 2623 super

1583 2643 1775 2678 omnes
1818 2628 1919 2678 scit
1969 2627 2144 2693 magis
2191 2626 2246 2677 id
2292 2627 2438 2693 quod
2494 2629 2674 2681 nobis

1584 2699 1848 2766 expediat,
1878 2708 1930 2749 et
1969 2698 2057 2749 his
2092 2697 2188 2765 qui
2230 2707 2536 2763 genuerunt
2567 2715 2673 2751 ve-

1582 2770 1891 2822 hementius
1921 2785 2021 2821 nos
2047 2767 2324 2835 diligenti;
2356 2777 2408 2818 et
2443 2768 2510 2819 ad
2535 2770 2675 2820 sin-

1583 2843 1709 2909 gula
1741 2856 1970 2909 quaeque
2003 2838 2338 2902 discrimina,
2359 2838 2457 2888 has
2475 2849 2676 2893 utras-

1584 2928 1691 2981 que
1742 2911 2162 2978 excogitationes
2199 2909 2257 2959 in
2325 2909 2634 2977 nobisipsis
2656 2951 2674 2973 ,

1583 2995 1858 3036 cantantes
1901 2982 2181 3049 justitiam,
2211 2980 2674 3048 comprimamus.

1586 3054 1961 3107 Glorificemus
2025 3064 2203 3105 autem
2268 3052 2324 3102 in
2393 3054 2676 3108 omnibus

1585 3126 1781 3184 Deum,
1812 3141 1911 3191 pro
1941 3125 2099 3175 nobis
2127 3131 2320 3174 cuncta
2350 3121 2675 3185 facientem,

1586 3196 1854 3261 nobisque
1895 3195 2079 3247 omnia
2126 3192 2518 3260 providentem.
2570 3195 2675 3248 Sic
2731 3249 2734 3254 ,

1586 3267 1730 3319 enim
1761 3267 1913 3318 facile
1941 3278 1993 3319 et
2022 3283 2109 3318 eas
2146 3264 2238 3332 qui
2263 3264 2447 3315 virtuti
2477 3281 2672 3333 oppo-

1588 3349 1789 3390 nuntur
1821 3341 2151 3405 expellemus
2183 3335 2427 3397 insidias,
2459 3346 2515 3387 et
2547 3337 2674 3390 im-

1588 3411 1978 3462 marcessibiles
2034 3422 2428 3473 consequemur
2495 3425 2676 3462 com-

1588 3498 1682 3533 nas
1713 3499 1727 3533 ε
1756 3501 1784 3529 n
1814 3481 1928 3536 haec
1961 3481 2403 3546 ChrysostomuS.
