2757 4413
362 303 466 355 652

363 421 561 471 minus.
597 419 832 479 sabbati,
883 418 1088 469 scilicet
1146 416 1428 477 Christus,

361 491 572 556 probat,
619 490 712 539 sed
756 488 928 540 Judaei
976 488 1058 538 vel
1108 487 1426 546 adulatores,

358 560 559 609 mentis
587 559 928 609 refectionem
957 567 1011 608 et
1034 557 1279 624 requiem
1306 556 1430 606 ani-

359 642 572 680 marum
622 630 939 692 nescientes,
995 628 1301 694 reprobant,
1342 626 1432 677 di-

360 712 538 753 eentes
558 703 693 769 quia1
712 702 1099 769 quiescendum
1132 711 1210 752 est
1242 701 1434 752 saltem

359 773 417 823 in
445 774 692 833 sabbate,
739 789 848 823 non
895 772 1257 838 intelligentes
1284 771 1431 838 quod

357 855 496 896 mne
533 847 704 912 magis
755 846 1018 896 debemus
1068 846 1247 896 videre
1294 859 1433 911 quo-

359 916 507 966 niam
551 917 737 966 suavis
785 923 872 967 est*
915 917 1193 979 DominuS,
1248 926 1300 966 et
1343 930 1433 965 re·-

360 988 544 1055 quiem
570 990 837 1040 coelestem
865 1004 1102 1056 quaerere
1127 989 1423 1055 operando.

431 1058 462 1108 5
506 1061 868 1109 Ansrmsnru
909 1073 1151 1109 nxnnrm
1206 1074 1434 1108 mscn‘u-

358 1141 544 1178 nonunt
588 1144 994 1180 commonuit.
1037 1156 1098 1165 —
1140 1129 1435 1180 Considera

359 1214 505 1248 nunc
552 1210 604 1250 et
651 1201 868 1251 intuere·
901 1200 1229 1267 discipulos,
1277 1209 1332 1249 et
1370 1199 1430 1249 in

355 1280 504 1322 tanta
536 1273 846 1323 necessitate
885 1273 1192 1324 constitutis
1221 1287 1432 1337 compa,

354 1351 482 1403 tere,
538 1345 788 1410 quamvis
836 1344 939 1410 ipsi
981 1345 1273 1411 gaudenter
1324 1344 1429 1393 hoc

353 1413 552 1465 faciant
619 1415 948 1481 paupertatis
1022 1430 1222 1465 amore.
1282 1414 1430 1474 Quid

357 1484 504 1534 enim
536 1496 615 1536 est
643 1486 875 1552 cogitare
903 1485 1171 1552 principes
1214 1485 1427 1545 mundi,
1486 1544 1487 1547 Ἴ

357 1567 630 1620 praesente
674 1557 923 1606 omnium
988 1556 1312 1616 Cond'itore,
1361 1556 1433 1605 ad.

357 1638 468 1677 mm
517 1638 731 1678 tenuem
773 1638 1138 1693 paupertatem
1167 1628 1427 1687 redactos,

358 1709 428 1750 ut
472 1701 565 1750 tali
635 1701 831 1766 pabulo
899 1715 1050 1749 more
1108 1699 1430 1749 animalium

359 1782 599 1836 oporteat
625 1771 946 1822 sustentari?
982 1770 1138 1821 Unde
1163 1771 1431 1837 Chryses-

362 1846 534 1892 tomus
559 1860 577 1892 .·
608 1861 635 1888 «
672 1844 758 1892 Tu
804 1852 982 1892 autem
1029 1840 1291 1891 admirare
1337 1842 1429 1891 di-

360 1913 612 1979 scipulos,
646 1915 743 1981 qui
784 1914 857 1964 ita
883 1924 1036 1964 erant
1082 1913 1344 1979 oppressi,
1375 1923 1431 1964 et

359 1987 566 2036 nullam
615 1988 998 2054 temporalium
1034 1987 1300 2037 habebant
1328 2003 1432 2037 cu-

355 2070 496 2119 ram;
552 2058 643 2108 sed
692 2059 1109 2109 contemnebant
1159 2058 1426 2108 carnalem

358 2141 635 2191 mensam,
684 2142 738 2182 et
791 2130 932 2181 fame
980 2131 1430 2197 oppugnabantur

358 2200 642 2262 continua,-
665 2213 718 2253 et

357 2285 391 2321 a
418 2271 654 2323 Christo,
683 2273 802 2323 Nisi
842 2273 991 2323 enim
1038 2289 1133 2323 eos
1163 2273 1428 2339 coegisset

353 2343 698 2394 vehementer
763 2344 1004 2404 esliries,
1079 2360 1427 2410 nequaquam

356 2412 461 2463 hoc
515 2412 768 2465 fecissent
810 2432 829 2466 z
882 2434 912 2464 n
968 2415 1083 2466 haec
1140 2415 1427 2481 Clu-raos-

358 2488 550 2534 tomuS.
598 2486 648 2536 O
703 2502 867 2553 quam
925 2485 1106 2536 dulcis
1160 2494 1271 2534 erat
1334 2485 1426 2535 ille

358 2554 518 2606 cibus
574 2556 970 2617 esurientibus,
1031 2556 1169 2606 sicut
1225 2566 1279 2607 et
1334 2556 1425 2607 illa

356 2638 496 2689 aqua
523 2625 690 2677 instar
725 2627 903 2677 mellis
936 2625 1250 2676 sitientibus
1274 2627 1423 2677 obti-

357 2709 484 2743 nere
511 2694 817 2759 videbatur3
850 2695 916 2745 de
946 2711 1053 2762 qua
1080 2695 1310 2745 dicitur:
1340 2697 1424 2746 De

348 2773 512 2831 petra
539 2768 693 2818 melLe
721 2769 990 2819 saturavit
1024 2769 1148 2819 eos!
1174 2768 1432 2834 Aspicie--

359 2836 450 2885 bat
480 2852 571 2887 eos
602 2838 888 2900 Dominus,
917 2849 970 2890 et
1006 2839 1084 2890 eis
1124 2839 1431 2904 compatie-

356 2908 531 2968 batur,
557 2910 690 2974 quia·
703 2910 991 2961 tenerrime
1012 2927 1104 2961 eos
1131 2911 1418 2977 diiigebat3

356 2978 450 3028 sed
479 2979 841 3031 nihilominus
868 2982 1146 3046 gaudebat,
1175 2991 1282 3032 tam
1306 2998 1427 3049 pro-

355 3057 474 3114 pter
516 3064 610 3099 eos
639 3065 777 3115 quos
801 3051 855 3100 in
892 3051 993 3101 hoc
1024 3053 1259 3103 multum
1301 3070 1424 3105 me-

353 3119 464 3170 reri.
488 3119 704 3180 sciebat,
733 3137 897 3186 quam
929 3134 1142 3189 propter
1165 3140 1266 3174 nos
1290 3125 1421 3191 qui-

354 3190 456 3241 bus
482 3192 791 3257 exemplum
817 3193 1205 3261 relinquebant.
1236 3198 1294 3246 In
1319 3197 1422 3248 hoc

354 3265 503 3315 enirn
552 3266 798 3331 exemplo
850 3268 917 3318 ad
955 3270 1150 3321 multas
1193 3270 1422 3322 virtutes

351 3337 607 3405 proficere
632 3355 941 3404 possumus.
979 3342 1122 3392 Nam.
1148 3338 1236 3393 hic
1266 3344 1429 3396 mira·

353 3412 535 3462 biliter
588 3422 872 3478 paupertas
925 3415 1149 3478 relucet3
1224 3432 1425 3482 pompa

355 3483 547 3534 mundi
621 3485 1006 3535 contemnenda
1065 3486 1371 3538 ostenditur
1401 3503 1418 3552 ;

355 3567 680 3623 sumptuosa
738 3567 796 3608 et
860 3572 1118 3624 saporosa
1174 3558 1427 3610 ciborum

354 3628 669 3693 praeparatio
710 3629 1032 3692 destruitur5
1064 3638 1116 3678 et
1144 3630 1281 3694 gulae
1322 3647 1418 3681 vu-

353 3699 542 3749 racitas
581 3716 709 3750 cum
736 3700 879 3765 turpi
902 3699 1221 3751 ventositate
1247 3709 1304 3750 et
1328 3700 1421 3751 in-

352 3768 583 3819 satiabili
607 3770 847 3837 appetitu
866 3770 1100 3822 totaliter
1120 3780 1419 3823 enervatur.

354 3838 582 3905 Insuper
648 3852 706 3892 et
760 3841 1058 3892 bestialitas
1120 3840 1422 3891 multorum

353 3908 644 3961 hominum
668 3912 759 3962 hic
785 3912 1148 3974 confunditur,
1188 3908 1336 3977 quia,
1360 3921 1422 3962 ut

749 2219 927 2269 neque
965 2201 1039 2253 ita
1095 2201 1427 2253 desistebant
1486 2257 1487 2262 ,

974 302 1220 353 PRIMAE
1248 301 1497 351 PAR'ms
1528 299 1768 350 CAPUT
1798 299 1981 351 LXXI.

1533 414 1666 466 dicit
1688 415 2046 480 Augustinus,
2074 424 2316 480 appetere
2347 413 2564 480 volupta-

1534 498 1614 538 tes
1666 486 1929 551 corporis,
1976 497 2031 538 et
2085 487 2255 537 vitare
2302 487 2563 545 molestias,

1532 558 1712 608 fierinoe
1741 557 1873 608 vitae
1907 559 2042 608 aetio
2085 568 2186 608 est.
2228 557 2408 623 Igitur,
2430 567 2481 607 ut
2505 557 2565 607 ait

1486 652 1487 659 1
1535 628 1868 692 Bernardus,
1925 629 2214 679 ridiculum
2259 640 2338 680 est
2379 630 2567 679 Sanctus

1535 700 1797 750 honorare
1823 699 2107 760 conviviiS,
2152 700 2251 765 qui
2280 701 2387 750 Deo
2421 698 2566 750 absti-

1536 770 1737 820 nentiis
1758 770 2086 835 placuerunt.
2120 771 2223 821 Hic
2245 770 2405 821 etiam
2429 784 2565 820 reno·

1541 852 1653 893 vata
1704 841 1916 893 videtur
1965 841 2157 909 primae
2223 842 2388 893 aetatis
2444 842 2569 891 bean

1536 911 1870 977 simplicitas,
1925 911 1982 961 in
2037 926 2145 978 qua
2189 911 2432 962 homines
2471 909 2568 959 fru-

1534 985 1715 1035 ctibus
1740 985 2021 1045 arborum,
2044 1000 2106 1034 ac
2156 984 2343 1034 herbis
2377 993 2427 1034 et
2455 994 2568 1047 aqua

1535 1057 1775 1107 consenti
1811 1057 2075 1108 vivebant.
2140 1057 2297 1108 Unde
2338 1055 2568 1106 Boetius:

1598 1201 1767 1252 Felix
1796 1202 2011 1252 nimium
2032 1201 2195 1267 prior·
2221 1206 2374 1263 σέας,

1600 1273 1858 1322 Contenta
1871 1272 2135 1337 fidelibus
2157 1271 2325 1333 αννίε,

1594 1346 1714 1396 Nec
1743 1346 1905 1395 inerti
1920 1346 2145 1410 perdita
2179 1344 2351 1394 luxu!

1597 1416 1783 1466 Facili
1803 1430 1924 1481 quae
1949 1430 2083 1465 sera*
2102 1416 2313 1465 solebat

1593 1487 1809 1554 Jejunia
1839 1486 2049 1536 solvere
2074 1486 2312 1551 glande,-

1595 1558 1833 1609 Somnos
1856 1550 2022 1606 dabat
2047 1557 2217 1607 herba
2245 1554 2498 1616 sambra,-

1595 1631 1795 1680 Potum
1819 1642 2022 1694 quoque
2049 1629 2293 1680 lubricus
2318 1626 2509 1689 anati&

1604 1700 1832 1750 Umbras
1857 1699 2137 1748 altissima
2158 1699 2340 1765 pinus·

1603 1771 1821 1820 Utinam
1845 1770 2000 1820 modo
2029 1777 2221 1820 nostra
2245 1768 2471 1820 redirent

1592 1840 1657 1891 In
1679 1854 1854 1890 mores
1878 1846 2121 1905 tempora
2149 1839 2400 1905 priscos!

1595 1911 1707 1961 Sed
1732 1911 1934 1962 soevior
1962 1912 2187 1977 ignibus
2216 1913 2394 1972 Etnae,

1595 1984 1836 2035 Fet-vens·
1861 1999 2016 2035 amor
2043 1985 2207 2035 ardet
2229 1982 2479 2035 habendi:

1529 2124 1645 2174 haec
1675 2123 1915 2174 Boetius.
1940 2124 2095 2176 Unde
2113 2134 2168 2175 et
2194 2124 2571 2191 Hieronflnnae:

1532 2216 1554 2242 α
1586 2194 1789 2246 Videns
1816 2195 1960 2246 Deus
2002 2196 2151 2262 quod
2187 2196 2464 2262 diligenter
2486 2206 2571 2258 ap·-

1529 2265 1766 2331 positum
1799 2276 1938 2316 esset
1974 2266 2038 2315 ad
2071 2266 2335 2316 malitiam
2376 2263 2571 2315 cotho-

1485 2337 1488 2344 ’
1528 2335 1695 2386 minis
1740 2336 1820 2417 ab2
1853 2336 2231 2398 adolescentia,
2278 2346 2330 2387 et
2378 2333 2572 2400 spiritus

1527 2409 1640 2473 ejus
1669 2408 1727 2459 in
1768 2408 1856 2460 lus
1900 2423 2216 2473 permanere
2244 2424 2353 2459 non
2397 2413 2573 2473 posset,

1528 2481 1663 2547 quia
1697 2491 1848 2531 erant
1877 2496 2029 2544 εει-ος
2065 2497 2232 2546 opera
2255 2480 2426 2531 carnis
2448 2478 2572 2528 dilu-

1524 2552 1614 2603 vio
1665 2553 2061 2613 condemnavit,
2124 2563 2177 2603 et
2234 2551 2573 2603 avidissimam

1526 2623 1815 2673 hominum
1843 2623 2024 2688 gulam
2064 2624 2319 2689 probans,
2349 2621 2487 2673 dedit
2506 2617 2575 2669 eis

1524 2695 1796 2746 licentiam
1843 2696 2296 2751 comedoedarum
2337 2694 2573 2745 carnium.

1524 2767 1697 2817 Esum
1738 2766 1887 2817 eni-m
1927 2767 2172 2817 carnium
2203 2782 2376 2833 usque
2409 2766 2472 2815 ad
2494 2761 2572 2812 di-

1524 2838 1739 2889 luvium
1795 2838 2107 2904 ignoratum
2178 2838 2352 2889 fuisse
2420 2834 2567 2894 scias3

1525 2919 1653 2975 post.
1669 2910 1937 2959 diluvium
1965 2920 2171 2970 autem,
2191 2909 2347 2975 quasi
2374 2907 2427 2957 in
2466 2919 2572 2956 ere-

1526 2998 1617 3032 mo
1650 2982 2012 3032 murmuranti:
2036 2983 2238 3047 populo
2279 2978 2571 3036 coturnices,

1525 3055 1601 3106 ita
1630 3056 1888 3106 dentibus
1907 3056 2105 3105 nostris
2143 3070 2339 3106 nervos
2362 3063 2415 3104 et
2437 3051 2573 3102 viru-

1525 3128 1696 3177 lentas
1728 3142 1913 3177 carnes
1937 3127 2196 3192 ingestas.
2221 3126 2422 3177 Vinum
2441 3120 2571 3173 enim

1525 3214 1650 3248 cum
1679 3198 1936 3249 carnibus
1983 3209 2104 3263 post
2149 3197 2415 3248 diluvium
2436 3188 2572 3242 dedi-

1525 3280 1700 3320 catum
1757 3280 1853 3321 est.
1907 3289 1943 3318 »
1990 3270 2143 3321 Unde
2186 3269 2351 3320 etiam
2394 3267 2575 3318 Per-s

1524 3340 1866 3391 Damiamaes:
1894 3358 1933 3387 «A
1958 3341 2087 3390 Post
2125 3340 2313 3390 mundi
2361 3347 2572 3387 nascen-

1525 3412 1601 3463 tis
1643 3411 1950 3471 exordium,
1984 3427 2079 3476 per
2107 3411 2258 3462 mille
2301 3409 2407 3459 fere
2429 3415 2573 3470 ame

1524 3495 1799 3535 sexcentos
1845 3499 2018 3535 annos
2078 3484 2379 3534 humanum
2420 3487 2572 3545 genus

1523 3555 1641 3606 sine
1690 3556 1803 3607 vini
1854 3555 2049 3622 poculo
2098 3563 2151 3605 et
2191 3569 2285 3604 esu
2345 3547 2567 3601 carnium

1521 3626 1686 3689 vixit.;
1713 3642 1808 3678 nec
1850 3636 2032 3677 tamen
2075 3624 2349 3691 quispiam
2397 3629 2571 3670 eoum

1522 3713 1659 3763 quos
1698 3699 1977 3764 Scriptura
2035 3701 2415 3747 commemorat
2457 3689 2562 3738 lan·

1522 3787 1695 3836 guore·
1711 3770 2025 3822 contabuit:
2058 3790 2091 3819 η
2116 3770 2228 3821 haec
2257 3769 2450 3819 Pae-ns
2469 3760 2571 3813 Da·

1524 3858 1753 3894 manus,

1585 3910 1621 3963 6
1660 3914 1972 3965 Mmonuu
2016 3927 2178 3965 omen
2237 3926 2307 3963 nx
2357 3912 2561 3959 mmm!
