2757 4413
273 336 379 403 732

271 466 371 504 cos
399 451 536 512 visu,
566 452 662 518 qui
688 467 799 502 non
820 449 1006 501 vident
1031 451 1099 500 ad
1125 449 1343 515 aliquod

184 562 192 571 .
280 524 566 576 artificium
630 525 981 590 operandum.
1038 523 1116 573 Et
1161 522 1346 572 bedas

276 597 408 658 eris,
439 597 640 647 scilicet
665 597 719 646 in
743 595 990 662 praesenti
1017 594 1346 645 beatitudine

285 667 419 734 spei,
447 678 500 718 et
537 668 594 717 in
642 667 825 718 futuro
869 665 1196 717 beatitudine
1247 664 1344 725 rei,

285 741 413 807 quia
449 741 655 791 invitati
693 755 796 791 non
827 740 1021 791 habent
1052 737 1347 789 retribuere

285 812 412 875 tibi;
441 822 493 863 et
530 813 649 862 ideo
679 812 853 861 Deum
883 825 1164 877 nunquam
1200 808 1347 859 obli-

281 882 572 933 viscentem
595 883 823 933 habebis
850 881 1146 932 debitorem
1169 897 1187 930 :
1211 880 1347 930 Pie-

287 958 372 1002 tas
404 953 540 1002 enim
568 953 643 1002 ad
671 953 849 1004 omnia
891 952 1043 1002 utilis
1070 957 1169 1013 est,
1206 964 1348 1017 pro-

285 1023 591 1074 missionem
635 1023 832 1074 habens
878 1024 1005 1074 vitae
1050 1037 1171 1088 quae
1210 1035 1349 1071 nunc

281 1101 367 1146 est
396 1100 448 1144 et
465 1094 697 1160 suturoe.
729 1095 847 1146 Ubi.
877 1095 1298 1161 Chrysostomus
1330 1110 1347 1144 .·

288 1186 318 1216 α
345 1168 466 1217 Non
492 1183 618 1234 ergo
655 1169 934 1219 turbemur
961 1184 1084 1218 cum
1114 1184 1224 1218 non
1258 1183 1348 1217 re-

283 1240 519 1306 cipimus
557 1240 820 1291 *beneficii
893 1238 1349 1307 recompensatio-

285 1328 444 1376 nem;
477 1313 570 1363 sed
599 1329 721 1365 cum
746 1314 1053 1380 recipimus.
1080 1312 1349 1372 Quoniam

286 1384 333 1435 si
374 1385 736 1450 receperimus
782 1402 892 1436 non
935 1386 1172 1452 amplius
1209 1384 1351 1434 reci-

286 1457 498 1523 piemus
534 1458 673 1522 illic3
720 1459 813 1508 sed
849 1458 894 1509 si
923 1457 1146 1507 minime
1189 1456 1351 1507 retri-

287 1529 407 1580 buit
453 1529 639 1593 hom0,
679 1539 810 1580 tunc
858 1530 957 1580 tibi
1009 1530 1153 1579 Deus
1187 1528 1351 1578 retri-

288 1603 432 1653 buet.
461 1622 488 1649 1>
522 1604 679 1654 Unde
700 1604 945 1669 sequitur
967 1621 980 1653 :
1007 1603 1353 1655 Retribuetur

290 1674 427 1723 enim
455 1674 569 1736 tibi,
600 1675 801 1724 scilicet
830 1689 862 1724 a
891 1674 1146 1734 Domino,
1176 1674 1229 1724 in
1257 1687 1354 1722 re-

293 1745 626 1794 surrectione
653 1745 947 1811 justorum,
984 1745 1129 1810 quia,
1174 1759 1355 1793 secun-

286 1814 418 1863 dum
450 1815 673 1878 Bedam,
704 1815 804 1864 etsi
831 1832 1019 1866 omnes
1053 1823 1351 1879 resurgant,

294 1883 639 1948 singulariter
663 1895 862 1945 tamen,
889 1896 942 1935 et
961 1885 1115 1951 quasi
1141 1884 1355 1950 proprie

293 1969 403 2002 non
433 1954 703 2004 immerito
721 1956 1048 2006 resurrectio
1080 1956 1356 2022 justorum

294 2023 507 2083 dicitur,
544 2024 640 2089 qui
674 2024 732 2074 in
761 2041 821 2076 ea
857 2025 1179 2076 immutandi
1211 2035 1354 2086 sunt,

297 2104 349 2144 et
375 2109 431 2143 se
456 2095 635 2144 beatos
663 2110 780 2146 esse
809 2095 1020 2147 futuros
1056 2112 1167 2147 non
1192 2095 1358 2146 dubi-

296 2175 427 2218 tant.
483 2166 589 2219 Ubi
642 2168 947 2236 Gregorius
998 2170 1300 2238 Nyssenus
1339 2186 1358 2221 .-

293 2259 324 2288 α
349 2242 472 2292 Non
496 2257 623 2310 ergo
662 2244 903 2310 negligas
924 2244 1169 2309 jacentes,
1203 2243 1356 2310 quasi

295 2315 445 2365 trullo
489 2316 601 2365 sint
641 2315 813 2381 digni.
850 2316 1040 2381 Cogita
1069 2316 1202 2382 quid
1232 2315 1358 2376 sint,

296 2393 350 2434 et
405 2385 795 2450 pretiositatem
848 2400 1036 2436 eorum
1098 2385 1357 2437 invenies.

293 2455 583 2506 Salvatoris
608 2456 900 2507 induerunt
926 2457 1235 2523 imaginem,
1266 2456 1359 2505 fu-

293 2534 539 2576 turorum
595 2528 859 2578 bonorum
907 2528 1152 2589 heredeS‚
1206 2526 1358 2593 regni

289 2600 561 2665 clavigeri,
588 2613 917 2652 accusatores
942 2612 996 2652 et
1017 2612 1357 2652 excusatores

298 2670 504 2734 idonei3
537 2689 646 2723 non
683 2676 982 2741 loquentes,
1007 2675 1100 2724 sed
1127 2673 1356 2738 inspecti

289 2755 327 2790 a
356 2742 561 2793 Judice.
592 2763 619 2791 »
656 2744 759 2795 Ubi
796 2755 848 2795 et
890 2744 1317 2809 Chr-rsostomus
1339 2760 1358 2793 .-

300 2827 328 2856 σι
354 2812 575 2863 Deceret
610 2829 738 2880 ergo
769 2830 861 2865 eos
886 2829 1102 2865 sursum
1130 2813 1188 2863 in
1212 2814 1359 2863 sola-

296 2879 378 2929 tio
410 2882 697 2949 suscipere.
722 2885 778 2936 Si
812 2901 919 2934 non
945 2886 1136 2950 placet,
1168 2884 1359 2934 saltem

296 2953 577 3016 deorsum,
624 2958 719 3008 ubi
773 2970 902 3008 sunt
952 2957 1252 3024 subjugalia
1307 2966 1361 3007 et

296 3026 503 3079 famuli.
530 3031 807 3081 Christum
837 3032 1116 3098 susci-pias,
1148 3030 1242 3081 fiat
1264 3032 1362 3081 sal-

295 3107 404 3149 tem
449 3115 651 3165 pauper
685 3103 931 3154 :edituus
968 3104 1072 3154 Ubi
1108 3111 1190 3153 est
1218 3102 1361 3152 elee-

294 3187 540 3239 mosyna,
567 3189 675 3224 non
702 3177 859 3228 audet
881 3177 1074 3227 intrare
1093 3176 1360 3226 diabolus.

297 3243 409 3294 Etsi
455 3259 638 3293 secum
676 3249 976 3306 consedeas,
1016 3246 1172 3296 mitte
1204 3245 1251 3296 ei
1294 3245 1361 3295 de

299 3329 489 3365 mensa
532 3315 749 3367 fercula.
779 3336 807 3365 n
845 3320 912 3368 Et
934 3318 1130 3369 iterum
1157 3334 1174 3368 ε
1202 3336 1230 3364 (ι
1257 3318 1359 3367 Sed

297 3388 436 3441 dicis
484 3406 496 3439 :
553 3391 874 3441 Immundus
917 3402 997 3442 est
1053 3407 1257 3457 pauper
1309 3399 1361 3441 et

296 3461 572 3525 sordidus3
601 3461 715 3512 lava
750 3478 876 3513 eurn
907 3472 960 3512 et
992 3463 1072 3513 fac
1099 3473 1274 3513 tecum
1302 3461 1360 3511 in

294 3547 483 3582 mensa
541 3534 739 3584 sedere.
795 3534 853 3584 Si
903 3543 1075 3584 vestes
1120 3534 1362 3584 sordidas

294 3602 472 3664 habet,
499 3605 770 3654 mundum
795 3604 1176 3655 indumentum
1201 3604 1362 3655 exhi-

295 3674 436 3725 beas,
485 3675 736 3727 Christus
771 3674 969 3727 accedit
1006 3691 1100 3741 per
1137 3691 1279 3737 eum,
1310 3685 1363 3725 et

287 3753 350 3797 tu
371 3745 563 3797 frivola
587 3745 851 3815 loqueris!
884 3765 910 3794 ι)
937 3747 1051 3797 haec
1084 3747 1364 3813 Chry-sos-

289 3823 482 3872 tomus.

365 3906 427 3942 12
465 3895 786 3946 Monam-ren
814 3912 881 3946 nr:
908 3908 1154 3946 comvto
1191 3909 1361 3945 smu-

295 3977 459 4014 rtum
487 3980 558 4014 nr
585 3982 653 4016 mr
677 3983 812 4018 rm
839 3983 999 4018 neem
1024 3968 1231 4017 Dm.v—
1253 3966 1364 4016 Mo-

863 332 1100 383 PmMAE
1134 329 1386 382 mnus
1418 331 1655 383 CAPUT
1686 334 1898 411 nxxx.

1451 449 1629 500 taliter
1659 465 1777 501 cum
1815 451 1959 509 facis
2002 451 2311 512 convivium,
2347 450 2405 500 id
2431 462 2522 503 est

1450 539 1573 573 cum
1602 525 1806 574 accedis
1837 526 1903 575 ad
1949 525 2264 585 orationem,
2296 534 2355 574 ut
2384 525 2521 575 refi-

1449 593 1604 644 ciaris
1638 610 1775 660 pane
1808 597 2163 663 lacrymarum
2204 607 2254 646 et
2282 596 2525 646 inebrie-

1450 664 1526 714 ris
1559 665 1689 715 vino
1725 666 2172 733 compunctioniS,
2222 666 2334 727 noli
2373 667 2524 717 invi-—

1453 743 1570 786 tare
1625 738 1857 801 ωηίεοε,
1929 739 1983 789 id
2047 749 2128 790 est
2194 739 2307 789 noli
2365 753 2527 789 orare

1450 817 1663 858 tantum
1704 825 1802 874 pro
1849 810 2042 860 amicis
2091 821 2143 861 et
2182 810 2525 877 consangui-

1452 877 1569 928 neis
1606 879 1735 940 tuiS,
1771 889 1823 930 et
1857 897 1954 947 pro
2002 881 2284 942 divitibuS‚
2336 882 2391 931 id
2439 889 2528 931 ωε

1454 965 1553 1015 pro
1588 950 1742 1015 justis
1780 952 1876 1018 qui
1918 962 2047 1003 sunt
2084 953 2278 1004 divites
2316 953 2376 1002 in
2402 951 2528 1002 vir-

1452 1022 1688 1086 tutibus;
1716 1025 1810 1074 sed
1847 1041 1942 1090 pro
1969 1025 2207 1077 inimicis
2248 1038 2299 1077 et
2329 1041 2527 1092 pecca-

1452 1093 1685 1154 toribuS,
1736 1095 1830 1160 qui
1885 1111 2009 1145 vere
2067 1111 2326 1162 pauperes
2373 1105 2526 1147 sunt.

1454 1165 1606 1216 Unde
1647 1166 1868 1218 subdit:
1904 1167 2017 1218 Sed
2058 1183 2190 1219 voca
2228 1182 2526 1234 pauperes,

1454 1237 1508 1286 id
1535 1247 1617 1287 est
1644 1239 1849 1289 associa
1877 1239 1933 1289 in
1961 1249 2054 1290 tua
2079 1241 2321 1291 oratione
2346 1254 2530 1306 pecca-

1455 1319 1597 1360 tores
1613 1325 1627 1372 ;
1679 1320 1735 1361 et
1800 1312 2099 1363 subdividit
2154 1328 2245 1364 eos
2311 1313 2367 1364 in
2420 1312 2531 1364 tria

1455 1395 1646 1445 genera
1660 1392 2022 1447 peccatorum,
2055 1383 2273 1435 dicens:
2300 1384 2528 1446 debile-³,

1457 1453 1511 1502 id
1566 1464 1646 1504 est
1707 1466 1983 1519 peccantes
2041 1472 2106 1506 ex
2181 1456 2529 1517 infirmitate,

1456 1524 1697 1586 clamos,
1725 1525 1779 1574 id
1808 1535 1891 1576 est
1906 1538 2188 1593 peccantes
2211 1545 2276 1579 ex
2299 1527 2529 1589 malitia,

1457 1595 1659 1646 sci-licet
1697 1596 1791 1662 qui
1831 1597 2034 1648 habent
2068 1601 2261 1665 pedem
2308 1599 2531 1649 intelle·-

1458 1679 1575 1719 ctus
1640 1685 1858 1732 sanum,
1904 1673 2001 1722 sed
2067 1673 2259 1747 pedem
2308 1672 2533 1723 affectus

1458 1740 1758 1803 infirmum,
1797 1749 1850 1792 et
1887 1755 2079 1807 caecos,
2112 1744 2166 1793 id
2196 1755 2276 1795 est
2316 1759 2535 1809 pecean-

1458 1823 1537 1864 tes
1566 1830 1630 1864 ex
1656 1815 1980 1881 ignorantia.
2016 1817 2334 1869 Praedicator
2365 1817 2531 1867 etiam

1459 1886 1606 1935 verbi
1650 1886 1823 1937 divini
1853 1885 1980 1938 facit
2029 1890 2308 1955 spirituale
2337 1886 2534 1939 convi-

1460 1957 1652 2022 vium3
1707 1959 1802 2009 sed
1871 1959 1917 2010 si
1981 1959 2107 2010 facit
2161 1962 2265 2011 hoc
2315 1968 2535 2026 propter

1464 2027 1693 2079 honoris
1716 2031 1804 2081 vel
1843 2031 1979 2082 lucri
2009 2032 2324 2097 temporalis
2353 2044 2539 2080 conse·

1461 2102 1753 2166 cntionem,
1788 2118 1896 2154 non
1937 2105 2155 2155 habebit
2183 2120 2212 2154 a
2239 2106 2355 2155 Deo
2381 2116 2539 2152 mer-

1463 2174 1680 2237 cedem3
1726 2173 1772 2225 si
1812 2189 1940 2227 vero
1981 2175 2106 2227 facit
2146 2185 2364 2243 propter
2406 2172 2534 2225 ani-

1464 2260 1675 2295 marum
1703 2245 1950 2308 salutem,
1984 2248 2206 2313 recipiet
2227 2263 2351 2297 cum
2375 2244 2535 2311 justis

1464 2314 1627 2365 vitam
1658 2327 1929 2368 aeternam.
1961 2319 2040 2368 Ex
2068 2335 2132 2368 eo
2171 2329 2352 2368 autem
2383 2316 2535 2382 quod

1465 2386 1728 2437 Dominus
1777 2387 1869 2438 hic
1913 2389 2038 2440 ait:
2076 2390 2424 2441 Retribuetur
2476 2388 2533 2437 in

1464 2459 1854 2509 resurrectione
1880 2460 2187 2527 justomrn5
2218 2460 2436 2526 quidam
2465 2458 2537 2509 de

1464 2528 1626 2579 simul
1657 2529 2119 2595 discumbentibuS,
2157 2531 2308 2581 rudis
2336 2541 2388 2580 et
2411 2544 2537 2579 car-

1464 2600 1621 2659 naliS,
1644 2610 1825 2651 motus
1847 2603 2026 2653 verbis
2049 2603 2271 2664 Christi,
2305 2599 2540 2651 credidit

1465 2671 1613 2735 quod
1659 2672 1977 2723 resurrectio
2035 2673 2219 2724 futura
2274 2683 2416 2723 esset
2461 2671 2539 2721 ad

1463 2741 1630 2791 vitam
1672 2741 1807 2793 cibis
1856 2745 2225 2810 corporalibus
2279 2744 2539 2813 indigen-

1464 2821 1592 2871 tem,
1628 2820 1682 2861 et
1719 2815 1867 2879 quod
1902 2815 2157 2866 Christus
2197 2815 2541 2881 promittet-a

1462 2897 1610 2932 escas
1638 2886 1942 2949 corporales
1962 2887 2016 2936 in
2046 2902 2212 2952 regno
2242 2887 2538 2949 coelorum3

1465 2952 1585 3003 ideo
1614 2954 1745 3004 dicit
1770 2956 1820 3005 ei
1850 2974 1870 3007 .-
1907 2957 2112 3007 Beatus
2139 2968 2218 3008 est
2253 2957 2345 3023 qui
2376 2970 2543 3006 man·

1465 3025 1683 3076 ducabit
1716 3042 1913 3092 panem
1938 3030 1991 3080 in
2015 3045 2188 3096 regno
2219 3030 2343 3081 Dei.
2377 3028 2543 3079 Unde

1468 3096 1720 3163 Cyrillus
1765 3116 1783 3150 .·
1831 3117 1859 3146 α
1910 3101 2090 3151 Homo
2137 3102 2241 3151 iste
2283 3098 2541 3151 animalis

1467 3177 1600 3229 erat,
1649 3186 1760 3219 non
1796 3171 2088 3238 diligenter
2133 3173 2436 3239 percipiens
2474 3185 2541 3221 ea

1466 3256 1588 3322 quae
1642 3244 1891 3297 Christus
1943 3248 2237 3313 protulerat
2249 3264 2265 3312 ;
2331 3244 2542 3312 putavit

1467 3325 1614 3361 emm
1662 3329 1942 3380 corporeas
1980 3331 2104 3368 esse
2154 3314 2544 3367 remuneratio-

1470 3397 1566 3435 nes
1615 3387 1953 3442 Sanctorum.
1980 3409 2007 3438 »
2035 3392 2139 3441 Sed
2181 3390 2405 3457 quidam
2445 3388 2545 3438 di-

1467 3465 1614 3517 cunt,
1673 3461 1819 3526 quod
1865 3477 1960 3528 per
1995 3479 2187 3529 panem
2229 3464 2331 3512 iste
2378 3460 2543 3512 intel-

1467 3527 1666 3595 ligebat
1717 3533 2107 3585 beatitudinem
2170 3550 2353 3584 veram
2411 3545 2541 3598 quae

1470 3602 1714 3654 consistit
1739 3605 1798 3655 in
1821 3607 2031 3657 visione
2052 3618 2106 3658 et
2138 3607 2395 3657 fruitione
2416 3605 2545 3655 dei-

1469 3672 1595 3722 tatis
1627 3674 1829 3727 Christi
1859 3678 2238 3745 principaliter,
2271 3688 2322 3729 et
2350 3678 2546 3727 huma-

1469 3742 1654 3795 nitatis
1677 3749 2012 3810 secundario,
2042 3751 2136 3818 qui
2179 3759 2331 3800 vocat
2360 3763 2420 3799 se
2440 3763 2545 3813 pa-

1469 3830 1595 3866 nem
1614 3818 1754 3870 vitae.
1782 3822 1937 3872 Unde
1964 3823 2309 3888 Augustinus
2336 3837 2354 3871 .·
2383 3841 2405 3865 α
2437 3819 2544 3869 Vei

1469 3890 1624 3957 quasi
1660 3891 1720 3941 in
1752 3893 2053 3959 longinqua
2088 3892 2188 3942 iste
2212 3890 2540 3960 suspirabat,

1470 3975 1523 4016 et
1556 3964 1713 4030 panis
1751 3964 1868 4027 iste,
1901 3964 2101 4015 scilicet
2127 3978 2290 4031 quem
2315 3963 2540 4015 deside-
