2757 4413
505 362 510 369 ,
580 308 673 357 DE
713 304 1112 357 PROBATICA
1143 304 1414 355 PISCINA
1447 306 1542 355 ET
1570 307 2037 359 PARALYTICO.

177 426 464 476 dicebatur
508 423 739 488 piscina,
783 422 911 488 quia
964 437 1100 487 aqua
1135 437 1245 470 non

177 499 391 549 habens
423 495 599 561 pisces
630 495 685 544 in
726 495 906 560 aliqua
934 492 1247 543 concavitate

178 569 422 625 collecta,
462 566 623 615 etiam
662 565 895 631 piscina,
956 563 1109 629 quasi
1155 579 1249 628 per

177 637 516 689 contrarium
536 635 640 685 dici
673 636 833 699 solet;
857 643 911 685 et
931 631 1248 716 &1:966oeth

177 711 381 769 Graece,
412 708 559 773 quod
590 716 671 757 est
711 707 829 756 ovis
864 705 1067 764 Latine,
1102 705 1249 754 dice-

177 779 338 829 batur
375 777 691 845 probatica,
746 774 898 853 quasi
955 774 1115 823 ovina
1156 789 1249 823 seu

178 851 385 902 oviaria
406 850 496 901 vel
516 845 809 914 peculialiS,
840 847 968 913 quia
993 846 1248 905 ministri,

179 922 385 973 scilicet
434 920 720 980 Nathinaei,
767 918 861 985 qui
896 933 1047 984 aquae
1086 918 1248 982 bajuli

181 992 239 1044 in
286 994 496 1058 templo
532 1002 707 1051 erant,
756 999 873 1041 exta
918 999 973 1038 et
1001 989 1251 1039 cadavera

181 1065 471 1130 pecudum,
507 1073 561 1114 et
599 1063 862 1129 praecipue
899 1062 1083 1112 ovium
1127 1075 1250 1126 quae

179 1148 245 1189 ut
281 1138 584 1202 plurimum
624 1137 682 1186 in
738 1135 1013 1186 sacrificiis
1058 1133 1251 1183 offere-

182 1211 396 1270 bantur,
436 1210 495 1259 in
534 1225 593 1260 ea
634 1210 699 1259 ad
722 1208 1041 1259 sacrificium
1073 1207 1250 1271 primo

181 1281 447 1340 lavabant,
490 1289 544 1329 et
576 1288 759 1345 postea
790 1279 846 1328 in
889 1278 1152 1329 luteribus
1193 1277 1249 1326 in

180 1352 314 1415 atrio
340 1352 677 1402 sacerdotum
700 1351 1051 1402 existentibus
1079 1366 1251 1417 pone-

182 1425 330 1474 bant.
364 1424 533 1488 Cujus
570 1423 1062 1488 interpretationem
1097 1422 1252 1489 ponit

183 1495 241 1544 in
288 1493 573 1553 Hebraico,
614 1493 799 1542 dicens
828 1509 842 1542 ε
874 1494 964 1558 qui
991 1492 1254 1558 cognomi·

183 1572 346 1615 natur
388 1565 659 1614 Hebraice
705 1564 1019 1627 Bethsaida,
1062 1564 1116 1613 id
1174 1572 1254 1612 est

183 1638 383 1687 domus
442 1651 692 1701 pecorum
719 1673 733 1696 ,
804 1650 899 1685 seu
945 1633 1218 1700 peculialis
1240 1672 1252 1692 ‚

183 1707 311 1774 quia
354 1706 430 1756 ibi
463 1721 682 1771 corpora
709 1721 959 1772 pecorum
990 1706 1047 1754 in
1086 1704 1255 1770 porti-

185 1793 249 1828 cu
276 1777 537 1842 jacebant,
567 1777 738 1827 donec
765 1778 1063 1827 lavarentur
1090 1791 1119 1824 a
1143 1774 1252 1824 mi-

185 1848 389 1898 nistris.
429 1849 495 1897 Et
545 1847 772 1897 habebat
808 1847 1034 1912 quinque
1071 1845 1253 1912 porti-

186 1934 293 1982 αιε,
334 1929 389 1968 et
431 1919 614 1969 aditus
661 1919 719 1968 in
759 1918 1000 1980 circuitu,
1051 1926 1113 1966 ut
1160 1932 1256 1983 per

185 1991 338 2054 plura
419 1990 537 2039 loca
606 1999 822 2054 possent
887 1989 1122 2038 ministri
1187 1989 1252 2038 ad

187 2076 378 2126 aquam
425 2059 762 2122 descendere,
804 2069 858 2110 et
884 2059 1010 2108 inde
1049 2059 1253 2109 hostias

191 2131 425 2181 abluere.
479 2131 543 2179 In
580 2130 682 2191 his,
714 2130 914 2180 scilicet
940 2129 1251 2195 porticibus,

176 2201 411 2269 jacebat,
448 2199 503 2249 in
531 2200 727 2250 casulis
758 2212 809 2251 et
838 2200 970 2251 locis
1011 2201 1077 2251 ad
1109 2199 1256 2265 quie-

187 2276 445 2325 scendum
484 2273 697 2338 paratis,
732 2289 935 2340 magna
972 2275 1256 2324 multitudo

189 2348 573 2414 languentimn,
604 2361 883 2409 coecorum,
920 2349 1251 2410 claudorum,

189 2420 484 2479 aridorum,
525 2426 576 2467 et
616 2417 844 2467 aliorum
891 2418 1252 2479 infirmorum,

189 2492 614 2557 exspectantium
642 2506 797 2556 aquae
815 2498 1026 2543 motum.

248 2560 277 2610 3
306 2564 637 2611 Mmacurmt
692 2577 1060 2619 Quot-mmmm
1113 2577 1256 2619 Quor>

190 2648 372 2682 rn-:aAr
403 2648 476 2680 an
505 2647 663 2689 AQuAE·
686 2648 872 2681 ito-run
895 2649 907 2681 :
929 2648 1096 2682 1psws
1120 2648 1259 2682 cau-

189 2718 246 2753 sa
272 2719 341 2752 m·
369 2717 534 2751 emus
558 2718 694 2753 ERAT
723 2718 911 2752 rrpus.

189 2776 330 2824 ditur
372 2789 535 2823 causa
569 2790 583 2823 z
629 2775 871 2840 Angelus
919 2781 1096 2825 autem
1138 2777 1259 2827 Do-

189 2846 316 2895 mini
359 2845 648 2895 secundum
691 2851 895 2913 tempus
929 2846 1168 2912 aliquod,
1202 2847 1257 2896 id

190 2918 352 2968 estin
399 2917 626 2967 diversis
658 2918 992 2983 temporibus
1037 2935 1130 2983 per
1168 2919 1260 2968 in-

189 2987 618 3054 terpolationem,
670 2988 1018 3040 descendebat
1066 2991 1120 3040 in
1164 2991 1259 3057 pi-

193 3061 414 3120 scinam,
457 3064 510 3108 et
553 3059 859 3109 movebatur
885 3074 1043 3125 aqua,
1077 3075 1142 3110 ex
1176 3060 1264 3110 de-

193 3146 380 3180 scensu
428 3129 621 3194 Angeli
670 3130 763 3194 qui
803 3131 961 3181 dabat
1008 3131 1259 3182 virtutem

192 3200 490 3249 sanativam
537 3214 690 3264 aquae
727 3199 834 3263 illi3
870 3208 921 3250 et
967 3216 1131 3252 sanus
1150 3202 1266 3267 fie-

195 3273 296 3334 bat,
357 3286 507 3321 unus
580 3270 845 3350 infirmus,
917 3272 1117 3323 scilicet
1173 3273 1265 3340 qui

187 3343 344 3406 prior
386 3340 739 3390 descendebat
772 3340 826 3389 in
848 3342 1113 3405 piscinam
1137 3349 1267 3409 post

195 3427 347 3480 aquae
383 3414 454 3463 ab
494 3414 701 3479 Angelo
738 3414 1031 3479 motionem,
1058 3431 1096 3466 a
1130 3431 1274 3482 qua-

197 3499 399 3551 cunque
422 3484 753 3535 detinebatur
772 3485 1101 3551 infirmitate.
1126 3487 1269 3547 Quia

200 3556 343 3604 enim
407 3555 674 3604 incertum
734 3564 845 3605 erat
892 3566 1112 3621 tempus
1158 3572 1271 3623 quo

198 3625 437 3691 Angelus
482 3624 538 3673 in
575 3624 835 3690 piscinam
893 3626 1232 3678 descenderet
1253 3665 1268 3685 ,

201 3706 248 3744 et
295 3712 437 3762 aqua
482 3695 686 3745 moveri
716 3696 960 3757 debebat,
1003 3697 1124 3747 ideo
1165 3698 1272 3747 lan-

204 3778 427 3832 guentes
477 3767 731 3818 continue
787 3768 862 3819 ibi
923 3769 1158 3835 jacebant
1211 3780 1272 3821 ut

204 3841 366 3903 parati
417 3850 617 3905 essent;
655 3842 913 3893 dicuntur
947 3851 1122 3893 autem
1152 3843 1273 3893 lan-

209 3924 446 3975 guentes,
477 3910 574 3962 diu
595 3926 662 3963 ex
693 3928 1016 3981 quacunque
1038 3911 1272 3968 infirmi-

942 2731 1005 2740 —-
1027 2703 1099 2752 Et
1122 2703 1274 2753 sub--

2311 309 2417 378 705

1353 431 1459 470 tate
1524 421 1812 483 infirmati,
1865 424 1993 489 quia
2059 426 2286 491 languor
2340 441 2418 479 est

1354 493 1550 559 longus
1593 509 1774 560 angor.
1820 495 1995 545 Causa
2036 511 2162 546 vero
2208 498 2419 550 descen-

1355 580 1449 613 sus
1479 565 1670 631 Angeli
1716 575 1769 616 et
1799 566 1969 631 ipsius
2001 567 2244 617 miraculi
2281 571 2418 620 assi·

1313 645 1549 700 *gnatur
1621 653 1651 687 a
1713 637 2041 718 quibusdam
2116 639 2418 691 dicentibus

1355 707 1542 771 quod
1528 724 1585 757 in
1615 707 1821 774 piscina
1855 708 1956 758 fuit
1986 709 2196 792 lignum
2222 711 2417 762 Domi-

1355 776 1490 826 nicae
1514 778 1701 837 crucis,
1730 788 1780 828 et
1809 789 2023 844 propter
2048 781 2162 845 ejus
2188 798 2416 848 praesen-

1354 846 1487 896 tiam
1537 858 1589 897 et
1633 850 1981 900 reverentiam
2034 851 2231 904 fiebant
2284 854 2411 918 ista;

1354 918 1501 983 quod
1551 918 1626 968 ibi
1663 936 1757 986 per
1783 937 1936 987 aquae
1970 925 2265 975 motionem
2304 942 2419 976 ena-

1352 990 1485 1039 tavit
1531 999 1772 1055 tempore
1823 994 2180 1055 convenienti,
2222 998 2420 1049 scilicet

1354 1061 1835 1143 appropinquante
1884 1064 2137 1116 Passione
2199 1068 2425 1120 Christi

1359 1131 1457 1180 Per
1500 1132 1606 1181 hoc
1672 1133 1800 1183 tiam
1852 1137 2229 1188 ostendebatur
2274 1142 2419 1206 quod

1356 1211 1546 1252 natura
1601 1203 1839 1254 humana
1883 1221 1912 1254 a
1970 1208 2161 1258 morbo
2221 1212 2417 1292 peccati

1357 1290 1454 1340 per
1505 1275 1710 1341 lignum
1752 1277 2052 1329 Dominicae
2099 1282 2271 1332 crucis
2309 1295 2419 1334 erat

1358 1348 1611 1398 sananda.
1662 1350 1725 1398 Et
1775 1350 1905 1415 quia
1953 1351 2057 1401 hoc
2114 1355 2421 1406 auctoritate

1360 1435 1469 1468 non
1505 1421 1776 1485 probatur,
1822 1421 1940 1471 ideo
1985 1424 2164 1489 potius
2208 1437 2289 1476 est
2332 1427 2419 1476 di-

1358 1493 1588 1542 cendum
1624 1494 1768 1559 quod
1815 1493 2023 1559 piscina
2069 1499 2419 1550 reverentiam

1358 1561 1572 1626 accepit,
1605 1572 1721 1612 tum
1746 1580 1776 1614 a
1806 1563 1961 1623 facto,
1990 1574 2106 1614 tum
2145 1581 2176 1615 a
2215 1579 2423 1634 myste-

1358 1631 1458 1681 rio·
1492 1633 1539 1680 A
1566 1632 1702 1683 facto
1727 1643 1905 1684 autem
1939 1635 2154 1700 duplici,
2187 1638 2419 1690 scilicet:

1358 1702 1426 1752 ab
1451 1703 1727 1755 ablutione
1766 1707 2099 1757 sacerdotum
2138 1719 2189 1757 et
2216 1709 2424 1761 hostia-

1359 1788 1500 1833 rum,
1526 1785 1578 1824 et
1609 1775 1676 1824 ab
1722 1775 2086 1843 hospitalitate
2127 1793 2421 1862 pauperum

1357 1845 1433 1895 ibi
1471 1856 1824 1912 receptomm.
1855 1851 1902 1898 A
1931 1851 2184 1916 mysterio
2221 1863 2421 1914 autem,

1359 1916 1487 1981 quia
1514 1917 1589 1966 ibi
1611 1918 1844 1982 Spiritus
1864 1921 2086 1971 Sanctus
2106 1922 2422 1988 dignitatem

1357 1986 1665 2052 figuralium
1691 1989 1990 2040 hostiarum
2029 1994 2307 2044 ostendere
2325 2011 2423 2045 vo·-

1357 2059 1477 2120 luit,
1535 2069 1754 2125 propter
1801 2061 2115 2126 dignitatem
2158 2064 2428 2116 Passionis

1359 2127 1581 2189 Christi,
1613 2146 1735 2195 quae
1770 2131 1827 2180 in
1861 2132 1939 2181 eis
1969 2133 2262 2198 significata
2290 2135 2423 2199 fuit;

1358 2209 1409 2249 et
1433 2198 1552 2250 ideo
1569 2168 1811 2267 Angelus
1840 2203 2017 2253 locum
2043 2204 2197 2254 illum
2232 2205 2424 2256 visita-

1357 2271 1453 2331 vit,
1485 2280 1539 2320 et
1570 2272 1882 2323 movebatur
1926 2289 2080 2355 aqua,
2125 2286 2188 2325 ut
2225 2275 2423 2326 infirmi

1358 2357 1423 2391 ex
1453 2341 1572 2406 ipso
1604 2358 1756 2407 aquae
1791 2354 1942 2393 motu
1975 2345 2169 2395 scirent
2201 2346 2423 2411 gratiam

1358 2413 1649 2463 curationis
1705 2416 1904 2466 adesse.
1965 2418 2275 2467 Movebatur
2325 2435 2424 2468 au-

1357 2497 1466 2536 tem
1511 2486 1637 2537 forti
1679 2499 1829 2539 motu
1870 2499 1920 2539 et
1947 2490 2276 2551 turbabatur,
2301 2491 2429 2557 quia

1359 2574 1390 2608 a
1422 2558 1592 2608 fundo
1635 2560 2081 2611 commiscebatur
2125 2563 2270 2627 quod
2295 2562 2425 2612 reli-

1359 2639 1506 2679 ctum
1535 2629 1639 2679 fuit
1675 2646 1739 2680 ex
1766 2631 2040 2681 ablutione
2085 2631 2150 2681 de
2179 2632 2428 2682 carnibus

1360 2700 1554 2750 sanctis
1580 2716 1703 2750 cum
1746 2717 1884 2767 aqua
1920 2701 2354 2752 sanctificationis
2378 2714 2433 2753 et

1360 2770 1671 2830 curationiS‚
1714 2782 1773 2821 ut
1809 2772 2115 2836 Baptismus
2152 2772 2430 2838 significa-

1362 2850 1508 2891 retur
1577 2842 1900 2891 commixtus
1976 2859 2099 2892 cum
2182 2845 2435 2895 Passione

1364 2910 1569 2961 Christi
1610 2912 1704 2977 qui
1735 2912 2066 2962 curationem
2096 2914 2429 2979 spiritualem

1364 2981 1645 3047 perfectam
1692 2982 1797 3032 fuit
1844 2983 2200 3040 exhibiturus.
2247 2984 2434 3034 Voluit

1317 3093 1318 3116 3
1366 3070 1493 3119 ergo
1542 3053 1810 3105 Dominus
1854 3071 2159 3120 expressam
2202 3055 2432 3122 figuram

1368 3124 1628 3190 Baptismi
1675 3126 1729 3175 in
1778 3125 1876 3175 hac
1905 3126 2110 3191 piscina
2143 3127 2444 3186 ostendere,

1368 3211 1490 3261 quae
1525 3196 1867 3245 conveniebat
1902 3212 2024 3246 cum
2068 3197 2344 3263 Baptismo
2377 3198 2434 3246 in

1370 3269 1684 3318 mundando
1723 3278 1776 3318 et
1815 3269 2053 3319 sanando
2093 3270 2289 3320 virtute
2337 3284 2434 3318 oc-

1370 3342 1510 3391 culta
1537 3340 1633 3390 Dei
1661 3341 1725 3389 ad
1752 3341 2048 3392 motionem
2077 3342 2269 3407 Angeli
2285 3358 2299 3404 3
2327 3340 2433 3390 sic-

1371 3423 1433 3463 ut
1458 3412 1763 3478 Baptismus
1794 3413 1896 3463 sub
1931 3414 2176 3463 sensibili
2211 3414 2435 3462 elemen-

1372 3495 1429 3534 to
1466 3483 1691 3533 mundat
1734 3484 1971 3536 animam
2007 3485 2202 3535 virtute
2232 3483 2437 3533 occulta

1372 3554 1542 3615 verbi,
1573 3563 1631 3605 et
1663 3554 1953 3621 aliquando
1986 3572 2109 3605 cum
2148 3556 2254 3604 hoc
2286 3562 2437 3603 sanat

1374 3641 1569 3692 corpus
1642 3626 1977 3677 miraculose.
2057 3628 2435 3676 Verumtamen

1376 3697 1505 3764 quia
1549 3696 1719 3763 figura
1764 3708 1861 3758 est,
1908 3696 2089 3747 deficit
2117 3712 2147 3746 a
2173 3695 2402 3760 figurato
2420 3710 2442 3757 ς.

1378 3769 1499 3819 ideo
1545 3768 1646 3818 ista
1694 3770 1898 3834 piscina
1942 3784 2053 3817 non
2088 3766 2308 3816 sanabat
2334 3764 2437 3814 nisi

1378 3855 1603 3906 corpus3
1657 3849 1708 3891 et
1749 3855 1859 3891 una
1906 3839 2019 3888 vice
2073 3853 2181 3888 non
2222 3837 2442 3888 sanabat

1381 3911 1488 3963 nisi
1537 3927 1711 3963 unum
1756 3910 2091 3976 languidum.
2135 3909 2445 3977 Baptismus
