2757 4413
372 298 480 365 624

369 414 631 474 indoctis,
687 413 751 462 ad
818 411 1197 462 ecclesiasticas
1251 426 1428 472 curas,

368 498 622 552 tanquam
700 484 816 534 sine
861 483 1001 533 curis
1041 484 1144 547 jam
1200 483 1433 549 quisque

369 559 605 608 victurus
665 556 752 617 sit,
806 570 929 604 cum
972 555 1038 604 ad
1092 570 1248 604 curas
1305 569 1428 619 per-

361 631 587 686 venerit.
644 628 795 679 Multi
841 630 844 637 ”
864 644 970 677 non
1041 637 1186 677 tanta
1239 626 1431 677 fiducia

364 716 417 757 et
439 701 703 753 alacritate
741 708 1013 748 currerent
1060 699 1124 748 ad
1168 698 1424 760 honores,

366 777 410 826 si
447 788 561 824 esse
610 769 866 819 sentirent
907 778 959 817 et
990 783 1168 818 onera.
1207 766 1428 818 Gravari

364 844 597 911 profecto
627 848 923 889 metuerent
944 877 957 899 ,
1000 854 1095 888 nec
1126 855 1248 888 cum
1278 847 1428 888 tanto

355 919 541 979 labore
583 923 634 963 et
682 910 916 976 periculo
956 910 1317 975 quarumlibet
1349 909 1430 959 af·-

362 994 615 1043 fectarent
652 984 847 1034 infulas
888 983 1229 1049 dignitatum.
1272 983 1427 1031 Nunc

361 1078 487 1114 vero
530 1059 657 1124 quia
699 1056 815 1107 sola
856 1055 1150 1105 attenditur
1172 1053 1343 1120 gloria
1373 1063 1427 1104 et

362 1150 471 1183 non
500 1141 700 1196 'poena,
753 1142 947 1192 purum
1002 1141 1117 1175 esse
1171 1125 1422 1177 clericum

362 1201 691 1255 erubescitur
721 1198 778 1247 in
812 1196 1073 1259 Ecclesia3
1100 1211 1263 1262 seque
1287 1195 1422 1245 viles
1464 1224 1465 1229 =

362 1275 628 1326 aestimant
657 1281 708 1320 et
727 1268 1001 1335 inglori05‚
1029 1268 1122 1334 qui
1174 1283 1421 1334 quocun-

359 1361 465 1412 que
520 1340 859 1394 eminentiori
899 1341 1015 1389 loco
1070 1355 1178 1388 non
1222 1337 1422 1388 fuerint

363 1416 659 1469 sublimati.
701 1433 727 1461 >³
774 1414 921 1463 Idem
971 1412 1132 1462 etiam
1176 1413 1421 1462 Bernar-

356 1492 477 1553 dus,
516 1488 670 1555 quasi
699 1486 1100 1546 subsannando,
1130 1484 1424 1550 alloquitur

357 1560 731 1618 ambitiosum,
769 1556 846 1607 sic
891 1556 1110 1606 dicens:
1142 1573 1169 1602 ιι
1195 1557 1308 1622 Age
1333 1571 1422 1606 er-

358 1647 445 1697 go,
479 1629 738 1697 quoniam
782 1626 1125 1677 durissimum
1152 1626 1420 1692 judicium

355 1701 440 1751 his
461 1704 551 1766 qui
562 1703 812 1766 praesunt
834 1695 943 1755 fiet,
972 1705 1025 1745 et
1049 1702 1294 1763 potentes
1313 1711 1422 1764 po-

351 1778 523 1823 tenter
576 1773 837 1820 tormenta
875 1766 1171 1834 patientur,
1225 1782 1420 1817 ascen-

353 1840 432 1890 dit
484 1836 735 1905 superbia
796 1847 889 1886 tua
931 1851 1158 1901 semper,
1197 1852 1420 1903 sequere

352 1925 532 1975 regem
558 1919 733 1966 tuum,
757 1922 915 1956 omne
943 1905 1175 1956 sublime
1203 1906 1419 1959 videant

351 1979 497 2031 oculi
530 1978 639 2042 tui;
675 1976 871 2028 festina
892 1976 1246 2043 multiplicare
1276 1993 1416 2043 prae—

353 2053 554 2103 bendas
575 2090 590 2112 ‚
624 2051 681 2107 in
725 2049 1211 2115 archidiaconatum
1258 2053 1414 2115 vola,

353 2125 544 2176 deinde
587 2124 731 2189 spira
774 2123 839 2173 ad
892 2122 1275 2189 episcopatum,
1318 2142 1416 2177 nec

354 2197 427 2249 ibi
502 2195 722 2264 quidem
793 2194 1036 2262 requiem
1109 2195 1412 2261 habiturus,

352 2268 609 2336 quoniam
636 2266 712 2316 sic
740 2266 849 2316 itur
871 2266 936 2315 ad
965 2275 1120 2318 astra.
1144 2267 1265 2327 Quo
1293 2286 1414 2335 pro-

352 2340 605 2407 grederis‚
644 2338 843 2390 miser?
873 2341 959 2389 An
1009 2349 1072 2389 ut
1116 2340 1182 2390 ab
1234 2342 1412 2393 altiori

352 2412 517 2477 gradu
593 2410 666 2461 sit
717 2426 873 2461 casus
933 2409 1175 2476 gravior?
1228 2413 1415 2476 Neque

351 2482 494 2534 enim
516 2482 591 2533 sic
619 2480 876 2547 paulatim
905 2481 1142 2544 decides;
1174 2483 1266 2531 sed
1295 2492 1414 2533 tan-

350 2568 513 2620 quam
566 2552 751 2618 fulgur
811 2550 1019 2617 impetu
1073 2552 1429 2616 vehementi..

350 2623 504 2689 quasi
545 2624 677 2672 alter
720 2623 941 2672 Satanas
969 2622 1152 2672 subito
1192 2623 1412 2687 dejicie-

349 2694 425 2744 ris
466 2712 482 2745 ς
533 2711 561 2741 n
606 2693 723 2743 haec
766 2692 1101 2743 Bet-nardus.
1162 2692 1318 2744 Unde
1362 2704 1416 2744 et

348 2765 721 2830 Hieronymus
743 2782 765 2816 ,-
792 2783 819 2811 ιι
839 2766 1105 2815 Laetamur
1129 2764 1194 2814 ad
1221 2780 1413 2816 ascen—

349 2850 495 2896 sum,
538 2835 826 2886 timeamus
870 2836 1112 2900 lapsum3
1170 2851 1283 2886 non
1329 2833 1421 2887 est*

345 2906 483 2957 tanti
515 2906 694 2971 gaudii
721 2907 924 2956 excelsa
945 2906 1206 2968 tenuisse,
1221 2909 1410 2975 quanti

350 2977 571 3027 terroris
620 2976 687 3027 de
745 2975 971 3027 excelsis
1025 2978 1278 3028 cecidisse
1330 2996 1346 3029 2
1382 3000 1406 3026 ι

347 3044 463 3095 haec
483 3046 873 3113 Hieronymus,
904 3046 1116 3097 Timeat
1138 3064 1264 3115 ergo
1287 3066 1410 3102 am-

347 3115 579 3166 bitiosus
631 3126 683 3165 et
736 3132 793 3166 se
847 3116 1101 3194 corrigam
1156 3135 1224 3169 ne
1266 3124 1407 3187 apud

346 3185 600 3236 homines
653 3188 907 3237 exaltatus
956 3198 1009 3240 et
1068 3189 1138 3241 ad
1195 3199 1408 3257 tempus

341 3255 497 3307 -falsis
550 3255 750 3307 florens
803 3256 993 3319 bonis,
1045 3260 1188 3326 apud
1232 3262 1407 3315 Deum

337 3329 678 3391 humilietur,
706 3340 760 3380 et
778 3331 836 3380 in
864 3340 1126 3386 aeternnm
1152 3334 1291 3386 veris
1310 3353 1410 3402 pe-

339 3408 455 3450 reat
493 3401 795 3452 tormentis.
852 3401 1063 3461 Quanto
1110 3405 1257 3455 enim
1285 3423 1408 3458 ma-

340 3470 442 3536 jori
470 3470 674 3521 honore
712 3471 1034 3524 sublimatus
1062 3475 1188 3541 quis
1209 3476 1402 3542 fuerin

338 3551 492 3594 tanto
520 3542 735 3607 maioris
774 3543 988 3595 virtutis
1026 3546 1235 3598 debitor
1282 3550 1404 3614 erit,

341 3622 433 3663 aut
489 3613 678 3679 majori
750 3614 1017 3681 supplicio
1083 3617 1437 3683 subjacebit.¹

341 3682 588 3733 Honores
632 3684 778 3735 enim
806 3694 936 3735 sunt
973 3686 1127 3752 quasi
1154 3690 1403 3753 quaedam

339 3753 490 3820 ligna
532 3757 598 3806 ad
642 3760 1098 3825 augmentandum
1127 3760 1310 3825 ignem
1339 3763 1400 3813 in

340 3822 520 3875 futura
549 3842 724 3891 poena.
756 3829 907 3880 Unde
936 3829 1358 3897 Chrysostomus
1377 3850 1402 3886 .·

337 3910 372 3939 α
402 3895 633 3948 Honoris
659 3898 929 3966 siquidem
955 3899 1271 3967 magnitudo
1291 3902 1401 3967 his,

943 297 1181 347 PRIMAE
1215 295 1465 347 PARTIS
1496 295 1735 348 CAPUT
1769 296 1998 350 vam.

1538 413 1632 480 qui
1690 431 1800 466 non
1841 414 2003 482 digne
2048 416 2233 468 vivunt
2284 417 2342 466 in
2378 417 2606 482 honore,

1536 488 1786 538 cumulus
1839 488 2027 554 incipit
2067 504 2183 538 esse
2223 504 2547 555 poenarum:
2577 509 2607 538 n

1537 557 1651 608 haec
1681 559 2116 628 Chrysostomus,
2162 562 2226 611 Et
2253 570 2384 609 tunc
2418 560 2607 610 ambi-

1536 631 1707 682 tiosus
1777 633 1978 682 nullam
2047 633 2286 697 requiem
2351 631 2606 697 habebit;

1537 703 1677 755 sicut
1701 720 1803 756 nec
1829 705 1885 756 in
1919 705 2161 770 praesenti
2187 705 2385 754 habere
2410 704 2606 767 voluit.

1537 774 1643 824 Cor
1726 774 1873 825 enim
1956 774 2226 825 ambitiosi
2319 789 2606 838 nunquam

1534 847 1789 912 quiescit;
1847 849 1939 898 sed
1971 849 2053 899 vel
2091 848 2348 896 honorem
2370 884 2383 906 ‚
2436 862 2606 912 quem

1536 934 1646 968 non
1699 918 1860 970 habet
1905 919 2118 986 appetit,
2167 919 2249 968 vel
2277 934 2403 968 eurr.
2433 933 2604 982 quern

1534 990 1693 1040 habet
1732 990 1977 1040 amittere
2015 988 2233 1052 metuit3
2284 998 2336 1037 et
2372 987 2449 1037 sic
2476 988 2604 1037 dia-

1531 1065 1688 1116 bolus
1716 1080 1806 1115 cor
1836 1065 1952 1130 ejus
1984 1078 2196 1128 semper
2222 1071 2401 1111 movet
2425 1071 2479 1111 et
2501 1077 2601 1111 ro-

1529 1145 1632 1197 tat,
1684 1147 1937 1202 tanquam
2009 1134 2384 1184 molendinum
2428 1133 2599 1199 quod

1526 1223 1807 1273 nunquam
1829 1215 2032 1272 pausat.

1590 1295 1618 1327 2
1650 1280 1860 1328 anuu
1881 1291 2065 1326 Mamm
2087 1289 2359 1324 ΒεΝΕιτιοιΑ
2387 1290 2599 1323 Peren-

1526 1364 1659 1398 ·rnm
1704 1365 1717 1397 z
1768 1362 2032 1396 nam-:crus
2079 1360 2402 1395 VOCATIOle.
2434 1373 2496 1381 —
2523 1345 2603 1394 Et

1529 1429 1653 1469 nota
1701 1418 1837 1468 circa
1882 1417 2022 1466 hanc
2083 1419 2394 1473 materiam,
2443 1416 2600 1480 quod

1530 1500 1718 1556 praeter
1739 1487 2029 1539 simoniam
2058 1496 2110 1537 et
2150 1486 2254 1535 alia
2283 1486 2442 1542 mala.
2471 1501 2603 1551 quae

1527 1558 1830 1628 frequenter
1867 1573 1977 1609 non
2010 1558 2129 1608 sine
2156 1556 2300 1622 gravi
2344 1558 2600 1609 scandalo

1525 1634 1959 1693 committuntur,
1985 1641 2110 1682 sunt
2139 1629 2313 1680 adhuc
2345 1630 2601 1696 quaedam

1528 1707 1698 1765 mala,
1755 1703 1954 1771 quibus
2001 1695 2164 1752 hodie
2206 1700 2391 1759 multi,
2435 1701 2599 1765 quasi

1527 1795 1638 1831 non
1678 1777 1836 1835 mala,
1871 1773 1963 1825 sed
1991 1773 2139 1822 licita
2176 1781 2367 1832 essent,
2398 1771 2600 1837 impli-

1525 1859 1729 1900 cantur.
1778 1845 2023 1896 Primum
2058 1844 2262 1892 malum
2318 1852 2413 1901 est,
2460 1842 2598 1909 quia

1525 1921 1768 1990 plerique
1803 1928 2089 1984 antequam
2135 1925 2408 1975 vocentur,
2459 1931 2596 1981 pro-

1523 1991 1726 2045 moveri
1768 1990 1836 2040 ad
1883 1987 2167 2054 dignitates
2197 1996 2248 2036 et
2290 2001 2445 2036 curas
2492 2001 2593 2036 ec-

1521 2063 1855 2123 clesiasticaS,
1883 2077 1975 2126 per
2003 2075 2078 2119 se,
2110 2068 2161 2109 et
2187 2074 2280 2125 per
2309 2059 2442 2109 alios
2470 2059 2593 2109 sol-

1519 2136 1661 2187 licite
1727 2140 2006 2201 quaerunt;
2082 2145 2178 2180 nee
2251 2129 2591 2181 vocationem

1518 2204 1797 2259 humiliter
1833 2210 2157 2267 exspectant,
2182 2200 2274 2251 sed
2301 2198 2594 2253 ambitiose

1517 2276 1867 2344 praeveniunt.
1903 2272 1975 2323 Hi
2017 2272 2154 2322 male
2193 2271 2465 2330 accedunt,
2496 2281 2590 2321 te-

1519 2357 1692 2398 stante
1736 2342 2016 2411 Apostolo,
2052 2341 2147 2408 qui
2186 2340 2262 2391 sic
2305 2339 2378 2390 ait
2417 2357 2431 2389 :
2465 2342 2592 2394 Nec

1517 2419 1794 2485 quisquam
1839 2413 2004 2465 sumit
2040 2412 2143 2463 sibi
2168 2412 2447 2472 honorem5
2488 2414 2592 2466 sed

1516 2488 1608 2555 qui
1638 2493 1858 2539 vocatur
1880 2499 1915 2534 a
1941 2484 2057 2535 Deo
2087 2487 2339 2547 tanquam
2373 2483 2588 2535 Aaron.

1521 2559 2012 2620 Quantumcunque
2079 2550 2221 2600 enim
2311 2550 2592 2602 sufficiens

1521 2626 1646 2693 quis
1707 2623 1869 2676 fuerit
1914 2633 1966 2673 et
2006 2621 2296 2678 virtuosus
2350 2621 2591 2686 profecto

1520 2714 1631 2751 non
1665 2697 1767 2748 erit
1788 2696 2008 2762 dignuS,
2037 2694 2080 2744 si
2128 2709 2239 2743 non
2276 2704 2591 2746 assumatur

1520 2768 1741 2819 invitus.
1802 2765 1939 2815 Nam
1982 2778 2107 2813 cum
2183 2761 2310 2828 quis
2354 2762 2587 2816 honoris

1518 2838 1807 2905 primatum
1854 2833 2044 2892 ambit.
2089 2848 2155 2882 ex
2180 2832 2284 2882 hoc
2323 2833 2439 2881 solo
2463 2832 2588 2884 effi-

1515 2909 1657 2960 citur
1694 2907 1972 2975 indignus,
2014 2903 2141 2970 quia
2166 2901 2401 2952 indebite
2434 2920 2586 2968 prae—

1514 2982 1701 3033 sumit.
1755 2978 1911 3032 Unde
1969 2975 2308 3041 Augustinus
2354 2992 2371 3024 :
2409 2993 2435 3019 «
2470 2977 2587 3030 sta.

1515 3064 1605 3104 tus
1655 3051 1936 3118 superior,
1979 3047 2094 3098 sine
2128 3062 2238 3113 quo
2278 3047 2583 3112 respublica

1513 3139 1623 3175 non
1663 3122 1884 3188 regitur,
1913 3118 2011 3169 etsi
2055 3117 2191 3167 bene
2228 3116 2581 3168 administre-

1512 3204 1617 3253 tur.
1655 3193 1966 3246 indecenter
2000 3197 2181 3239 tamen
2235 3187 2521 3253 appetitur.
2550 3209 2580 3238 n

1514 3265 1669 3319 Unde
1713 3274 1766 3316 et
1809 3261 2113 3329 Gregorius
2148 3277 2167 3311 .-
2209 3280 2232 3305 ι
2273 3260 2580 3313 Virtutibus

1510 3336 1718 3404 pollens
1743 3343 1956 3385 coactus
1982 3331 2047 3382 ad
2085 3330 2323 3397 regimen
2361 3331 2576 3397 veniat;

1508 3405 1798 3457 virtutibus
1836 3419 1962 3455 vero
1993 3417 2211 3462 vacuuS,
2244 3417 2341 3451 nec
2361 3414 2579 3460 coactus

1509 3476 1734 3527 accedat.
1765 3495 1792 3523 n
1829 3475 1908 3527 De
1947 3472 2035 3523 his
2079 3471 2174 3539 qui
2214 3487 2332 3522 sese
2368 3472 2423 3522 in
2472 3490 2580 3539 pa...

1509 3548 1828 3601 trimonium
1891 3543 2095 3596 Christi
2161 3543 2411 3610 ingerunt
2431 3583 2446 3609 ,
2495 3547 2582 3601 sic

1509 3619 1638 3671 dicit
1680 3616 1996 3670 Bernardus
2024 3632 2043 3667 .-
2083 3634 2108 3661 ι
2141 3614 2282 3665 Audi
2330 3617 2582 3681 querelas

1507 3690 1744 3752 Domini,
1770 3688 1902 3756 quid
1944 3701 2106 3755 super
2142 3686 2242 3738 hac
2277 3686 2583 3741 temeritate

1507 3762 1772 3827 loquatur.
1798 3758 1932 3827 Ipsi,
1964 3756 2158 3824 inquit,
2186 3763 2578 3825 regnaverunt,

1505 3838 1559 3882 et
1580 3846 1683 3881 non
1709 3846 1783 3883 ex
1801 3844 1880 3880 me
1889 3846 1911 3893 ;
1927 3827 2203 3894 principes
2226 3827 2576 3894 exstiterunt,

1504 3908 1557 3955 et
1594 3916 1699 3970 ego
1725 3916 1828 3953 non
1867 3899 2054 3951 rocavi
2092 3912 2198 3949 εος.
2235 3897 2383 3961 Quid
2421 3898 2577 3950 istud
