2757 4413
461 410 678 463 INDEX
712 410 970 463 EVANG.
993 410 1167 462 DOM.
1209 410 1301 461 ET
1333 409 1717 462 FESTORUM
1751 408 2011 461 TOTIUS
2046 408 2235 462 ANNI.

1349 539 1360 648 Ι
1402 526 1529 577 Fuit
1559 526 1618 578 in
1663 526 1854 578 diebus
1884 526 2113 579 Herodis
2133 527 2276 595 regis
2298 528 2475 581 Sacer·

309 529 672 594 confessoriS,
705 527 890 594 patris
926 529 988 580 S.
1010 526 1241 580 Joannis

633 598 916 664 Baptistae.

2362 408 2467 463 855

1463 598 1581 660 dos,
1619 605 1717 649 etc.
1738 598 1868 650 Luc.
1907 614 1951 659 1,
1983 614 2035 665 p.
2064 614 2113 660 1,
2138 613 2186 650 c.
2214 614 2268 664 4.

424 740 815 833 Evangelia
852 740 1228 809 missarum
1266 742 1350 811 de
1402 741 1771 819 Communi
1815 743 2260 828 Sanctorum.

456 882 680 950 Vigiliae
700 883 1098 950 Apostolorum.

226 975 352 1025 Hoc
383 980 462 1023 est
504 979 827 1037 praeceptum
860 987 1043 1023 meum
1071 982 1132 1024 ut
1170 972 1299 1024 dili-

296 1046 447 1112 gatiS.
479 1045 639 1095 Joan.
671 1043 752 1110 15,
776 1062 829 1113 p.
853 1061 903 1106 2,
923 1062 968 1097 c.
994 1046 1080 1112 57.

305 1163 477 1215 Unius
535 1162 821 1231 Martyris
889 1161 1176 1229 Pontificis
1214 1178 1232 1212 .·

550 1236 763 1314 ‘Primo
807 1232 942 1286 loco.

224 1324 290 1376 Si
310 1324 435 1391 quis
457 1325 606 1376 venit
625 1327 690 1376 ad
715 1342 802 1377 me
822 1335 876 1376 et
897 1340 1007 1377 non
1032 1326 1165 1388 odit,
1190 1337 1289 1379 etc.

297 1395 425 1446 Luc.
460 1411 542 1460 14,
564 1410 617 1461 p.
648 1412 694 1458 1,
716 1411 764 1447 c.
790 1394 880 1461 64.

294 1510 443 1573 Item,
468 1510 624 1561 unius
646 1509 929 1579 Martyris
956 1509 1242 1577 Pontifici-5
1270 1530 1289 1564 .·

557 1581 802 1632 Secundo
826 1582 958 1634 loc0.

221 1670 283 1721 Si
312 1670 436 1737 quis
465 1671 580 1721 vult
605 1683 727 1739 post
770 1688 856 1724 me
890 1673 1094 1740 venire,
1121 1674 1288 1726 abne-

288 1749 394 1806 get,
427 1749 525 1792 etc.
552 1741 752 1794 Matth.
791 1742 872 1806 16,
895 1760 948 1811 p.
974 1760 1025 1807 2,
1052 1760 1170 1796 c.2.

295 1852 467 1904 Unius
490 1853 776 1923 Martyris
807 1872 909 1909 non
949 1856 1234 1925 Pouttjficis
1267 1874 1285 1907 .-

576 1926 766 1978 Primo
795 1928 931 1981 loco.

218 2013 403 2066 Nolite
421 2016 665 2067 arbitrari
689 2019 818 2085 quia
837 2035 1020 2086 pacem
1043 2022 1283 2074 venerim

283 2086 516 2151 mittere,
538 2096 636 2138 ete.
652 2089 855 2142 Matth.
883 2107 965 2153 10,
985 2109 1038 2158 p.
1063 2110 1107 2156 1,
1123 2110 1169 2147 c.
1194 2095 1280 2161 54.

435 2204 588 2268 Item,
613 2205 769 2258 unius
789 2208 1075 2278 Martyris

281 2288 388 2326 non
410 2276 708 2344 Pontificis
739 2298 757 2330 .·
791 2279 1038 2334 Secundo
1076 2282 1216 2336 loco.

226 2364 383 2416 Nihil
425 2377 503 2418 est
534 2379 780 2435 opertum
820 2375 966 2439 quod
992 2390 1100 2425 non
1126 2391 1280 2428 reve-

278 2437 495 2503 labitur,
516 2451 612 2493 etc.
641 2443 844 2498 Matth.
873 2462 953 2511 10,
977 2462 1029 2512 p.
1060 2465 1106 2510 1,
1127 2465 1172 2500 c.
1191 2448 1277 2501 53.

221 2550 399 2602 Unius
433 2553 733 2622 Martyris,
777 2562 1011 2626 tempore
1041 2563 1277 2629 pascali.

209 2655 334 2722 Ego
366 2671 488 2707 sum
516 2658 661 2711 vitis,
683 2677 806 2713 vera
846 2672 898 2714 et
938 2664 1094 2717 Pater
1123 2683 1278 2720 meus

272 2727 506 2793 agricola
543 2740 641 2798 est,
693 2743 794 2786 etc.
844 2736 1006 2788 Joan.
1036 2738 1119 2801 15,
1140 2756 1194 2806 p.
1225 2757 1276 2803 2,

274 2800 320 2849 c‘.
346 2798 431 2864 57.

205 2915 461 2968 Plurium
508 2916 832 2990 Martyrum
863 2943 887 2976 .··
906 2924 1096 2980 Primo
1133 2929 1275 2984 loco.

212 3010 354 3060 Cum
392 3011 669 3065 audieritis
724 3017 908 3082 praelia
963 3029 1016 3071 et
1066 3023 1277 3077 seditio-

276 3100 391 3149 nes,
422 3096 518 3140 etc.
543 3090 673 3141 Luc.
699 3107 787 3153 21,
809 3109 862 3160 p.
887 3110 937 3157 2,
959 3111 1006 3146 c.
1031 3095 1116 3166 39.

329 3206 477 3271 Item,
522 3209 768 3275 plurium
805 3215 1128 3287 Martyrum
1164 3239 1183 3271 .·

530 3281 779 3334 Secundo
802 3285 936 3338 loc0.

208 3372 548 3424 Descendens
587 3375 742 3426 Jesus
779 3378 845 3428 de
877 3391 1062 3434 monte
1103 3386 1265 3448 stetit,

291 3451 389 3494 etc.
415 3444 546 3496 Luc.
568 3444 620 3508 6,
640 3463 692 3512 p.
722 3463 767 3509 1,
790 3464 836 3500 c.
861 3449 948 3502 33.

328 3534 490 3599 Item,
507 3537 749 3604 plurium
768 3541 1090 3609 Martyrum
1119 3566 1136 3599 .-

546 3613 734 3667 Tertio
758 3615 891 3669 loco.

198 3700 432 3752 Sedente
463 3704 589 3755 Jesu
621 3719 782 3770 super
811 3719 1050 3761 montem
1076 3713 1262 3764 Olive-

261 3769 323 3832 ti,
356 3782 450 3824 etc.
480 3776 682 3830 Matth.
709 3795 796 3846 24,
818 3797 871 3847 p.
895 3797 948 3846 2,
970 3798 1015 3833 c.
1039 3781 1125 3851 39.

291 3866 540 3919 Plurium
563 3868 901 3938 Martyrum,
936 3879 1168 3941 tempore

610 3945 844 4008 pascali.

195 4029 314 4096 Ego
356 4044 478 4085 sum
521 4029 664 4095 vitis,
712 4050 808 4087 vos
851 4036 1118 4102 palmites,
1160 4049 1259 4092 etc.

1349 890 1362 909 ⁸
1467 891 1629 943 Joan.
1662 890 1747 953 15,
1769 909 1822 959 p.
1850 909 1901 956 2,
1936 910 1981 946 c.
2009 894 2094 961 57.

1566 1000 1906 1068 Confessoris
1937 1002 2221 1074 Pontificis
2262 1023 2280 1057 .-
2307 1053 2310 1058 Α

1775 1072 1967 1125 Primo
1983 1075 2117 1127 loco.

1404 1165 1583 1216 Homo
1612 1180 1829 1232 peregre
1856 1164 2215 1231 proficiscens,
2242 1167 2469 1230 vocavit,

1463 1246 1562 1288 etc.
1590 1235 1789 1287 Matth.
1824 1236 1911 1298 25,
1943 1249 1996 1303 p.
2022 1253 2073 1302 2,
2089 1253 2135 1289 c.
2164 1254 2253 1307 49.

1494 1352 1646 1420 Item,
1678 1352 2017 1418 Confessoris
2042 1352 2324 1419 Pontfficis
2353 1372 2371 1405 .·

1737 1424 1984 1476 Secundo
2008 1423 2141 1477 loco.

1398 1521 1645 1589 Vigilate,
1702 1521 1831 1589 quia
1891 1521 2111 1573 nescitis
2163 1537 2271 1589 qua
2331 1524 2464 1575 hora

1460 1592 1731 1643 Dominus
1755 1601 1948 1653 vester,
1989 1600 2087 1644 etc.
2125 1592 2330 1647 Matth.
2372 1609 2462 1660 24,
2521 1663 2526 1669 '

1460 1678 1513 1728 p.
1544 1678 1594 1724 2,
1625 1679 1671 1714 c.
1699 1661 1787 1729 46.

1772 1751 2086 1805 Doctorum.

1391 1844 1503 1896 Vos
1557 1825 1713 1966 estis3
1730 1843 1808 1894 sal
1830 1851 2008 1906 terrae,
2045 1852 2144 1896 etc.
2173 1844 2374 1897 Matth.
2408 1846 2457 1912 5,

1455 1934 1509 1984 p.
1537 1933 1583 1979 1,
1611 1931 1657 1967 c.
1720 1931 1772 1982 4.

1514 2033 1853 2099 confessoris
1877 2047 1980 2084 non
2008 2032 2293 2102 Pontificis
2316 2049 2333 2082 .·

1748 2104 1940 2156 Primo
1962 2105 2096 2157 loco.

1390 2210 1511 2263 Sint
1562 2211 1737 2263 lumbi
1787 2213 1951 2263 vestri
2008 2213 2276 2280 praecincti
2300 2253 2316 2276 ‚
2357 2226 2455 2267 etc.

1452 2284 1581 2337 Luc.
1616 2299 1697 2345 12,
1725 2299 1777 2350 p.
1810 2298 1862 2345 2,
1887 2299 1931 2334 c.
1954 2300 2042 2350 47.

1388 2397 1537 2464 Item,
1583 2400 1924 2469 confessoris
1964 2415 2067 2452 uon
2102 2400 2389 2470 Pontfflcis
2443 2419 2461 2453 .·

1716 2472 1963 2523 Secundo
1991 2473 2125 2524 loco.

1388 2580 1580 2635 Nolite,
1604 2581 1815 2646 timere,
1865 2581 2097 2648 pusillus
2148 2597 2293 2648 grex,
2327 2581 2455 2650 quia

1447 2653 1786 2720 complacuit.
1812 2654 1943 2704 Luc.
1976 2668 2059 2716 12,
2084 2670 2137 2721 p.
2171 2671 2217 2715 1,
2245 2670 2290 2706 c.
2316 2653 2403 2707 38.

1778 2770 2062 2851 Abbatum.
2127 2770 2132 2773 ’

1385 2872 1517 2924 Ecce
1564 2887 1665 2924 nos
1719 2871 2041 2938 reliquimus
2095 2871 2301 2935 omnia,
2346 2882 2443 2925 etc.

1446 2945 1647 2997 Matth.
1690 2961 1773 3013 19,
1802 2961 1856 3012 p.
1880 2960 1931 3008 2,
1952 2961 1997 2996 c.
2033 2943 2115 2996 13.

1567 3061 1850 3129 Virginum
1880 3081 1899 3114 .-
1926 3064 2114 3116 Primo
2139 3064 2272 3117 loco.

1380 3181 1569 3232 Simile
1598 3180 1700 3232 erit
1727 3197 1955 3248 regnum
1976 3183 2235 3235 coelorum
2263 3184 2446 3234 decem

2551 1432 2579 1462 Q

1440 3252 1777 3320 Virginibus,
1807 3263 1905 3305 etc.
1934 3255 2133 3307 Matth.
2175 3252 2265 3315 25,
2308 3270 2362 3320 p.
2393 3271 2444 3320 2,
2547 3268 2550 3269 ⁷

1440 3341 1485 3377 c.
1506 3325 1597 3392 48.

1406 3443 1555 3508 Item,
1613 3444 1897 3511 Vir-ginum
1928 3463 1946 3496 .·
1973 3445 2220 3496 Secundo
2244 3430 2360 3496 loco
2377 3461 2397 3507 ,·

1645 3524 1697 3569 et
1728 3533 1830 3570 non
1871 3518 2169 3584 Virginum.

1371 3611 1560 3664 Simile
1582 3623 1663 3665 est
1689 3630 1917 3682 regnum
1946 3614 2204 3666 coelorum
2226 3614 2440 3666 thesau-

1433 3699 1493 3796 {o
1533 3684 1867 3798 αὒὲεοηάἰῑο,
1900 3696 1998 3737 etc.
2038 3686 2240 3738 Matth.
2272 3684 2358 3748 1.3,-
2385 3704 2439 3754 p.

1470 3785 1486 3810 ,
1512 3763 1557 3799 c.
1630 3764 1681 3814 4.
2333 3787 2339 3792 -

1367 3865 1748 3918 Anniversarii
1778 3865 2148 3920 Dedicatiom‘s
2180 3869 2438 3922 eeclesiae.

1372 3972 1650 4038 Ingressus
1676 3972 1829 4022 Jesus
1859 3972 2263 4038 perambulabat
2296 3975 2436 4029 seri-

1433 4042 1555 4107 ch0,
1585 4050 1680 4094 etc.
1712 4042 1937 4111 Luc.'19,
1962 4058 2012 4112 p.
2039 4059 2092 4107 2,
2120 4060 2164 4098 c.
2190 4041 2277 4097 23.
