2757 4413
502 305 597 354 DE
627 303 883 354 JUDAEIS
915 301 1278 354 CHRISTUM
1309 301 1659 356 LAPIDARE
1689 306 2155 360 VOLENTIBUS.

207 438 352 474 care.
384 423 456 473 Et
492 421 612 472 ideo
639 437 764 471 cum
795 436 905 470 non
935 418 1155 486 possitis
1187 433 1275 468 me

209 495 280 545 de
314 504 526 560 peccato
550 508 789 558 arguere,
822 492 890 554 si,
924 492 976 541 id
1014 499 1093 542 est
1126 489 1272 556 quia,

207 567 490 618 veritatem
532 565 653 615 dico
682 564 845 626 vebia,
877 562 1134 629 quoniam
1169 563 1275 612 sci-

177 637 333 688 -licet
378 637 497 686 dico
546 651 634 685 me
677 635 879 685 Filium
924 635 1056 696 Dei,
1109 650 1275 700 quare

208 725 307 761 vos
350 723 454 760 non
492 706 715 759 creditis
743 706 871 756 mihi
904 717 957 756 et
985 705 1041 755 in
1070 722 1175 769 me,
1211 722 1274 756 ex

205 799 320 849 quo
351 798 463 832 non
494 796 615 830 sum
644 788 881 845 peccator
908 778 1045 829 sicut
1074 780 1275 830 ceteri?

210 857 280 907 Et
305 854 491 906 subdit
522 867 755 910 causam,
792 851 977 901 dicens
1009 868 1023 900 ι
1062 852 1170 913 Qui
1200 867 1275 902 ex

207 930 327 980 Deo
357 934 456 989 est,
480 943 589 976 non
631 936 835 985 natura,
869 925 965 975 sed
999 923 1120 985 fide,
1166 941 1273 975 non

191 1016 321 1061 -ore,
355 1001 445 1050 sed
474 1012 674 1056 amore,
701 1007 753 1047 et
789 1010 882 1061 per
920 995 1272 1046 conformita-

204 1083 319 1124 tem
347 1069 657 1128 voluntatiS,
682 1069 843 1120 verba
871 1068 975 1119 Dei
1008 1069 1163 1119 audit
1172 1087 1193 1131 ‚·
1222 1079 1273 1118 et

206 1148 311 1198 hoc
341 1161 469 1196 aure
501 1144 693 1206 cordiS,
725 1159 833 1194 non
868 1143 1047 1193 solum
1079 1158 1272 1208 corpo-

201 1218 302 1277 riS,
332 1216 484 1267 audit
512 1230 571 1264 ea
601 1214 829 1265 libenter
857 1223 909 1263 et
944 1223 1110 1275 amat3
1142 1213 1271 1279 qui-

204 1291 337 1341 libet
371 1288 519 1339 enim
544 1287 770 1336 libenter
796 1285 945 1337 audit
973 1285 1270 1337 doctrinam

200 1361 272 1412 ad
301 1375 467 1425 quam
493 1357 739 1408 affectum
769 1356 947 1418 habet,
977 1357 1105 1423 quia
1134 1372 1271 1423 qua-

199 1432 255 1484 si
303 1428 665 1481 connaturalis
703 1437 801 1477 est.
839 1428 931 1478 Ille
982 1427 1131 1478 enim
1176 1428 1270 1494 qui

202 1502 463 1553 veraciter
489 1499 547 1548 in
592 1499 764 1547 Deum
799 1497 982 1556 credit,
1020 1514 1079 1547 ac
1118 1513 1272 1548 vera-

199 1573 338 1625 citer
385 1572 562 1620 Deum
607 1567 761 1618 timet
808 1578 860 1618 et
907 1567 1114 1634 diligit,
1169 1569 1274 1618 Dei

203 1644 371 1695 verba
399 1641 630 1691 libenter
654 1640 808 1689 audit
816 1656 837 1702 ,·
874 1639 967 1705 qui
997 1655 1124 1690 vero
1165 1656 1272 1690 non

204 1714 411 1765 habent
455 1711 617 1760 fidem
670 1726 766 1760 nec
809 1725 1080 1773 amorem,
1135 1710 1274 1761 sicut

202 1784 378 1835 Judaei
418 1792 590 1842 erant,
619 1782 778 1832 verba
816 1781 913 1832 Dei
942 1781 1125 1832 audire
1164 1798 1272 1832 non

200 1863 457 1921 possunt.
479 1854 539 1903 ln
561 1852 649 1903 his
671 1852 850 1903 verbis
869 1852 1088 1903 Domini
1114 1868 1275 1903 unus-

200 1929 441 1995 quisque
467 1926 845 1977 conscientiam
878 1941 1031 1976 suam
1075 1927 1272 1992 proba-

201 2016 260 2053 re
317 2011 526 2066 potest,
571 2008 756 2050 utrum
800 2014 865 2049 ex
911 2000 1025 2050 Deo
1080 2000 1151 2050 sit
1206 2015 1271 2051 an

202 2088 314 2123 non
348 2071 490 2139 :qui
538 2071 684 2120 enim
731 2071 891 2121 verba
932 2070 1030 2121 Dei
1061 2081 1114 2121 et
1161 2087 1271 2122 coe-

203 2144 393 2194 lestem
454 2141 679 2209 patriam
728 2141 1044 2201 desiderare,
1098 2144 1272 2195 carnis

199 2213 471 2265 desideria
514 2222 566 2262 et
621 2199 813 2262 mundi
855 2212 1080 2278 gloriam
1136 2229 1272 2263 con-

202 2295 476 2345 temnere,
532 2283 706 2334 aliena
760 2299 870 2332 non
923 2295 1168 2348 appetere
1223 2294 1275 2335 et

200 2357 425 2423 propria
470 2355 674 2421 largiri,
718 2366 770 2406 et
808 2355 913 2405 alia
960 2356 1271 2420 hujusmodi

199 2427 444 2493 iubentis
471 2427 700 2477 libenter
735 2427 904 2487 audit,
936 2437 989 2477 et
1015 2427 1273 2479 libentius

201 2514 364 2564 opere
393 2498 657 2562 complet·,
709 2497 861 2547 nullo
902 2497 1065 2548 modo
1107 2514 1163 2549 se
1210 2514 1274 2550 ex

202 2570 316 2619 Deo
354 2583 475 2619 esse
516 2567 741 2618 dubitet.
780 2566 885 2626 Qui
927 2583 1052 2619 vero
1091 2583 1274 2619 vecors

199 2650 256 2690 et
307 2640 483 2689 durus
536 2639 699 2689 verba
741 2638 840 2689 Dei
901 2639 1085 2689 audire
1136 2655 1273 2690 con-

203 2710 421 2769 temnit,
443 2710 527 2760 vel
554 2708 601 2758 si
632 2709 736 2759 hoc
761 2725 888 2760 aure
917 2709 1158 2774 corporis
1186 2726 1275 2761 au-

203 2781 390 2839 dierit,
440 2789 494 2829 et
542 2789 723 2830 tamen
766 2781 916 2829 nullo
958 2781 1162 2831 studio·
1187 2783 1270 2832 vel

203 2856 388 2906 labore
417 2854 474 2902 in
504 2868 640 2917 opus
670 2852 884 2904 mittere
918 2865 1141 2905 conatus
1168 2854 1276 2905 fue—

203 2925 305 2988 rit;
356 2923 598 2990 profecto
641 2939 698 2974 se
744 2939 809 2975 ex
853 2925 964 2974 Deo
1003 2941 1115 2975 non
1158 2942 1274 2977 esse

206 2996 459 3047 ostendit.
490 2995 558 3044 Et
593 2996 724 3045 tales
755 3005 906 3045 erant
943 2995 1031 3046 isti
1073 2997 1273 3062 quibus

205 3066 579 3118 concludendo
631 3081 663 3115 a
714 3066 950 3117 Domino
1003 3067 1093 3118 hic
1135 3067 1274 3119 dici-

205 3146 294 3186 tur
322 3154 337 3187 ι
372 3137 677 3202 Propterea
712 3151 807 3187 vos
835 3151 937 3187 non
965 3139 1185 3201 auditiS,
1220 3139 1275 3188 id

206 3218 287 3257 est
312 3224 427 3261 non
469 3206 706 3272 recipitis
737 3208 898 3258 verba
935 3209 1034 3259 Dei
1071 3225 1135 3260 ex
1179 3225 1272 3260 ore

207 3296 350 3341 meo,
378 3291 433 3330 et
461 3280 599 3330 mihi
638 3296 746 3330 non
774 3282 1008 3342 creditis,
1037 3283 1162 3348 quia
1201 3298 1276 3335 ex

208 3351 325 3401 Deo
355 3365 461 3401 non
490 3351 637 3414 estiS,
669 3361 884 3416 propter
910 3352 1105 3404 vitium
1130 3355 1276 3421 quod

207 3437 240 3472 a
265 3422 378 3472 Deo
421 3436 533 3470 non
579 3431 677 3481 est,
703 3422 797 3471 sed
824 3436 858 3471 a
885 3422 1100 3474 diabolo
1147 3441 1277 3491 sug-

209 3492 433 3557 geritur,
477 3501 530 3542 et
573 3506 606 3541 a
647 3491 786 3542 mala
831 3493 1104 3544 voluntate
1152 3511 1278 3560 per-

209 3561 410 3615 ficitur.
455 3564 520 3614 Et
567 3562 698 3629 quia
742 3579 855 3614 non
894 3566 1024 3615 estis
1051 3581 1116 3617 ex
1144 3567 1278 3629 De0,

209 3650 321 3685 non
370 3634 632 3685 habentes
670 3633 832 3685 fidem
865 3651 965 3686 nec
1005 3652 1277 3702 amorem;

205 3704 462 3771 sequitur
490 3704 635 3771 quod
666 3704 785 3755 sitis
813 3721 877 3755 ex
912 3706 1147 3771 diabole,
1174 3726 1280 3759 non

211 3790 306 3840 per
339 3775 697 3835 -creationem,
744 3776 838 3826 sed
885 3792 982 3843 per
1021 3778 1282 3830 imitatio-

213 3861 358 3898 nem.
385 3846 540 3897 Unde
565 3847 909 3912 Augustinus
932 3866 951 3898 .-
969 3867 1004 3895 v«
1034 3850 1172 3901 Cum
1202 3851 1280 3901 di·
1311 3845 1315 3852 ’

207 3916 287 3969 cit
310 3933 327 3968 ι
358 3916 461 3967 Ex
484 3917 606 3968 Deo
631 3930 737 3968 non
777 3917 926 3982 estiS,
958 3919 1069 3972 noli
1098 3931 1276 3974 atten-

2341 311 2444 377 757

1381 420 1505 472 dere
1549 432 1813 484 naturam,
1848 424 1940 474 sed
1981 425 2204 490 vitium3
2241 443 2306 478 ex
2334 429 2446 482 Deo

1383 492 1604 558 quidem
1656 504 1782 544 sunt
1831 496 2127 547 secundum
2179 508 2445 565 naturam,

1383 562 1475 611 sed
1498 579 1565 621 ,ex
1598 564 1710 614 Deo
1741 581 1852 616 non
1899 577 2024 617 sunt
2050 569 2182 619 vitio
2209 581 2260 621 et
2288 587 2448 636 prava

1381 633 1679 685 affectione.
1712 657 1735 681 ι

1444 725 1476 774 7
1519 710 1675 760 MALE
1708 728 2058 763 AFFECTORUM
2088 729 2294 766 annuus
2321 733 2445 769 ‘rax-

1380 794 1531 830 »ιι-εκ.
1558 808 1617 817 -
1639 782 1733 832 Est
1761 794 1959 844 autem,
1989 787 2281 837 secundum
2313 790 2445 843 Gre-

1378 851 1613 914 gorium,
1645 851 1837 917 triplex
1883 855 2079 919 gradus
2126 857 2264 906 male
2307 859 2441 911 affe-

1378 934 1590 974 ctorum
1635 942 1648 974 ε
1693 942 1817 976 nam
1870 938 1999 979 sunt
2043 931 2292 981 nonnulli
2344 934 2440 999 qui

1381 1006 1641 1060 praecepta
1681 996 1782 1047 Dei
1812 1013 1907 1048 nec
1936 1013 2063 1050 aure
2102 1003 2359 1066 corporis,
2384 1003 2439 1057 id

1377 1075 1458 1114 est
1501 1065 1748 1115 exteriori
1795 1067 2002 1128 auditu,
2043 1071 2314 1136 percipere
2355 1073 2441 1125 di—

1376 1147 1635 1202 gnantur;
1676 1138 1898 1204 quidam
1951 1157 2076 1191 vero
2119 1145 2440 1210 percipiunt,

1376 1209 1470 1257 sed
1494 1208 1642 1258 nullo
1672 1211 1872 1261 mentis
1897 1211 2165 1263 desiderio
2197 1218 2441 1282 comple-

1375 1289 1610 1340 ctuntur,
1658 1296 1767 1331 non
1805 1281 2064 1333 habentes
2108 1287 2442 1340 voluntatem

1377 1350 1639 1416 implendi
1670 1367 1790 1419 quae
1818 1353 2041 1404 audiunt
2053 1370 2067 1417 ;
2101 1357 2322 1420 quidam
2355 1375 2447 1412 au·

1374 1430 1485 1471 tem
1519 1419 1749 1472 libenter
1775 1423 2041 1473 audiendo
2068 1440 2445 1493 compungun-

1376 1505 1482 1554 tur,
1530 1496 1622 1545 sed
1671 1506 1792 1561 post
1821 1497 2098 1562 lacrymas,
2131 1499 2445 1553 tribulatio-

1377 1568 1540 1619 nibus
1571 1569 1739 1634 pressi
1781 1581 1873 1620 aut
1918 1571 2124 1622 deliciis
2153 1573 2348 1633 allecti,
2376 1576 2442 1628 ad

1378 1639 1723 1705 iniquitatem
1779 1652 2147 1708 revertuntur3
2196 1644 2252 1693 hi
2312 1662 2443 1712 pro·-

1377 1709 1516 1761 fecto
1560 1711 1720 1761 verba
1761 1711 1858 1762 Dei
1898 1729 2009 1763 non
2037 1715 2283 1775 audiunt,
2314 1717 2444 1782 quia

1377 1797 1620 1832 exercere
1657 1781 1713 1832 in
1747 1798 1907 1847 opere
1944 1794 2315 1837 contemnunt.
2358 1787 2445 1837 Li-

1377 1863 1458 1903 cet
1508 1869 1636 1920 ergo
1685 1869 1874 1905 omnes
1918 1854 2029 1905 sint
2080 1854 2176 1906 filii
2218 1857 2311 1907 Dei
2349 1873 2445 1923 per

1373 1934 1643 1984 naturam,
1674 1924 1751 1976 illi
1783 1935 1961 1976 tamen
1992 1941 2057 1976 ex
2097 1927 2313 1977 diabolo
2350 1944 2445 1994 per

1376 1996 1571 2047 vitium
1604 2006 1749 2055 sunt,
1779 1996 1873 2061 qui
1898 1997 2058 2047 verba
2085 1999 2182 2048 Dei
2213 2015 2323 2048 non
2352 1999 2443 2049 di-

1378 2069 1574 2133 ligunt.
1619 2067 1727 2127 Qui
1777 2083 1904 2117 vero
1947 2084 2010 2118 ex
2056 2069 2167 2119 Deo
2220 2086 2443 2135 genera·-

1377 2138 1545 2188 tionis
1595 2136 1884 2200 adoptione
1935 2137 2103 2187 renati
2152 2150 2297 2195 sunt,
2341 2155 2443 2190 au·-

1377 2210 1533 2259 diunt
1560 2208 1718 2259 verba
1737 2208 1833 2257 Dei
1863 2219 1915 2259 et
1937 2210 2266 2259 custodiunt.
2297 2211 2442 2266 Dum

1377 2290 1517 2332 terra
1570 2289 1651 2329 est
1698 2280 1801 2330 sub
1848 2289 1987 2330 tecto
2034 2289 2085 2331 et
2128 2297 2238 2331 non
2289 2298 2443 2333 com-

1378 2354 1551 2418 pluta,
1592 2353 1717 2402 latet
1756 2367 1895 2417 quos
1939 2350 2144 2402 fructus
2187 2353 2257 2402 sit
2307 2353 2446 2406 ferre

1378 2433 1523 2489 apta;
1567 2422 1660 2473 sed
1688 2421 1734 2472 si
1780 2432 1860 2472 est
1902 2422 2005 2472 sub
2049 2437 2167 2472 aere
2210 2424 2356 2473 nudo
2394 2435 2447 2475 et

1378 2496 1668 2561 compluta,
1699 2494 1993 2573 patetxquis
2023 2492 2229 2544 fructus
2267 2497 2445 2550 veniat

1380 2583 1442 2617 ex
1485 2581 1562 2615 ea.
1602 2564 1771 2630 Igitur
1815 2580 1859 2613 sl
1898 2563 2111 2614 divinus
2151 2580 2329 2615 sermo
2373 2565 2446 2616 sit

1380 2637 1479 2688 tibi
1517 2637 1711 2702 graviS,
1744 2645 1795 2685 et
1823 2634 1977 2699 quasi
2001 2635 2229 2685 sarcinat
2270 2651 2443 2699 aures,

1380 2708 1512 2761 time
1549 2723 1616 2758 ne
1657 2708 1734 2757 sis
1763 2706 2040 2772 praescitus
2079 2721 2203 2756 cum
2244 2706 2447 2758 Judaeis

1380 2797 1518 2847 quos
1556 2780 1731 2830 imber
1757 2778 1903 2829 verbi
1933 2778 2213 2843 compluit,
2246 2790 2299 2830 et
2340 2779 2446 2845 ipsi

1380 2854 1564 2919 spinas
1596 2863 1649 2903 et
1675 2851 1904 2902 tribulos
1931 2862 2307 2915 exercuerunt;
2334 2868 2445 2919 quo

1381 2924 1550 2989 patuit
1586 2922 1731 2988 quod
1774 2932 1926 2971 terrae
1964 2922 2269 2972 maledictio
2315 2939 2446 2989 pro-

1380 2996 1525 3058 xima
1573 3003 1709 3057 erat,
1762 3008 1926 3059 quam
1983 2993 2125 3060 ignis
2173 2994 2446 3046 devastare

1378 3067 1584 3118 debuit.

1444 3137 1477 3187 8
1504 3137 1647 3196 Qum
1676 3150 2038 3186 Respounanrr
2066 3137 2335 3188 Cnmsrus
2361 3138 2447 3188 Ju-

1381 3223 1512 3259 Daezxs
1546 3222 1655 3257 nun
1693 3221 2018 3257 vocnt-rmus
2062 3209 2448 3259 Simnana-mun

1381 3295 1449 3329 m·
1490 3279 1873 3327 nfflouucuu?
1902 3305 1963 3315 -
1988 3278 2057 3328 Et
2101 3277 2229 3342 quia
2273 3274 2443 3328 Judaei

1383 3351 1609 3403 convicti
1639 3361 1764 3401 sunt
1796 3367 1905 3402 non
1938 3367 2054 3402 esse
2088 3349 2183 3400 filii
2216 3348 2446 3399 Abrahae

1383 3423 1465 3472 vel
1493 3422 1610 3481 Dei,
1640 3421 1732 3472 sed
1770 3420 2002 3483 diaboli;
2048 3419 2167 3469 ideo
2198 3418 2448 3470 nescien-

1385 3506 1462 3545 tes
1503 3492 1860 3544 contradicere
1890 3493 2049 3553 veriS,
2078 3490 2452 3542 contradicunt

1386 3567 1621 3633 injuriiS,
1656 3575 1710 3617 et
1746 3566 1999 3632 ingerunt
2026 3564 2286 3622 convicia,
2322 3562 2452 3629 quia

1386 3642 1633 3693 resistere
1685 3656 1796 3691 non
1847 3649 2073 3705 possunt
2123 3653 2186 3687 ex
2232 3636 2454 3688 veritate

1386 3712 1583 3778 aliqua.
1629 3712 1825 3762 Modus
1852 3710 1998 3760 enim
2031 3707 2320 3758 hominum
2357 3707 2452 3773 qui

1387 3783 1631 3833 nesciunt
1678 3779 2068 3832 rationabiliter
2110 3779 2452 3844 respondere,

1389 3864 1469 3906 est
1515 3854 1579 3904 ad
1628 3851 1870 3904 convicia
1916 3864 1972 3900 se
2017 3858 2351 3915 convertere3
2397 3859 2453 3902 et

1390 3924 1510 3976 ideo
1539 3923 1708 3977 Judaei
1753 3936 1862 3971 non
1904 3920 2162 3972 habentes
2190 3919 2324 3987 quid
2358 3934 2452 3975 ra-
