2757 4413
386 330 488 382 558

383 443 650 495 sarcinam
680 457 738 492 se
766 441 999 491 invitum
1026 440 1316 503 sustinere,
1342 441 1451 490 ait:

385 532 415 562 «
441 514 522 565 Ad
555 514 714 579 pedes
742 512 964 563 Domini
993 528 1119 574 cum
1159 511 1325 561 Maria
1363 526 1451 561 se-

385 583 566 642 debaS,
613 598 756 633 nunc
799 597 921 632 cum
965 581 1176 632 Martha
1214 580 1451 631 Domino

385 653 680 704 ministras.
723 653 935 718 Species
963 651 1212 702 Rachelis
1240 662 1293 702 te
1319 652 1452 702 alle-

383 726 498 788 xit;
529 725 621 775 sed
654 739 750 774 nec
774 723 1013 773 fastidias
1044 723 1197 774 Liam
1224 723 1449 788 lippam,

387 795 515 862 quia
551 794 725 860 gignit
767 793 872 843 sibi
921 794 1178 844 sobolem.
1214 793 1382 843 Maria
1420 808 1452 843 a

386 864 618 916 Domino
648 864 845 915 fercula
878 864 1064 924 sumit,
1095 863 1303 913 Martha
1335 863 1452 914 Do-

386 938 538 989 mino
590 947 849 1004 praeparat
904 946 955 988 et
1017 937 1238 1003 apponit
1258 953 1275 1000 3
1338 937 1453 988 haec

386 1009 560 1060 Deum
602 1007 786 1068 reficit,
827 1008 919 1058 illa
956 1023 987 1058 a
1028 1007 1139 1057 Deo
1181 1006 1448 1070 reficitur3

386 1082 502 1133 haec
528 1082 797 1132 ministrat
819 1096 1013 1148 panem
1038 1080 1349 1140 hominum,
1370 1081 1450 1130 illi

387 1152 722 1203 ministratur
777 1151 934 1218 panis
979 1152 1345 1217 Angelorum3
1394 1150 1451 1200 in

387 1240 572 1275 mensa
604 1226 719 1291 ejus
756 1224 832 1274 nil
856 1224 1143 1284 fastiditur,
1175 1223 1232 1272 in
1266 1238 1454 1273 mensa

388 1296 611 1347 Marthae
654 1298 840 1347 multa.
877 1296 957 1347 lbi
993 1295 1246 1346 audiebas
1276 1294 1454 1346 canti-

387 1384 512 1420 cum
551 1370 900 1435 Angelorum,
929 1369 1149 1419 videbas
1179 1368 1294 1419 lilia
1335 1368 1453 1418 vir-

388 1439 578 1504 ginum
600 1478 614 1499 ,
683 1455 830 1490 rosas
889 1449 1224 1505 martyrum,
1284 1439 1454 1490 violas

390 1509 792 1573 confessorum-3
851 1509 939 1560 hic
992 1509 1194 1559 Filium
1235 1509 1333 1560 Dei
1387 1509 1452 1560 de

389 1581 537 1631 coelis
579 1581 986 1631 descendentem
1030 1590 1082 1630 et
1131 1581 1402 1630 dicentem
1436 1597 1450 1629 ε

392 1650 661 1701 Gaudium
708 1650 883 1716 majus
936 1655 1017 1701 est
1062 1649 1293 1716 Angelis
1347 1648 1454 1700 Dei

389 1734 550 1787 super
608 1734 708 1770 uno
754 1725 1040 1786 peccatore
1081 1721 1452 1786 poenitentiam

390 1797 601 1856 agente,
628 1799 723 1839 etc.
756 1789 981 1839 Videtur
1000 1789 1099 1840 tibi
1129 1791 1454 1856 contempla·

390 1859 554 1910 tivam
574 1858 754 1908 activae
768 1859 960 1908 debere
979 1860 1246 1925 praeponi;
1271 1869 1453 1910 tamen

391 1930 438 1981 si
466 1930 692 1980 sollicite
733 1929 1056 1994 considereS,
1087 1931 1255 1981 activa
1280 1942 1453 1982 mate-

390 1999 471 2051 ria
494 2009 574 2050 est
605 1999 670 2049 ad
695 1999 939 2065 gloriam,
971 1999 1108 2052 sicut
1128 2002 1453 2067 contempla·

392 2069 517 2130 tiva,
576 2085 684 2118 non
733 2071 1022 2121 descensus
1079 2073 1145 2121 ad
1205 2071 1451 2134 ruinam,

389 2157 618 2209 quarum
654 2150 938 2208 utramque
984 2142 1041 2193 in
1081 2143 1268 2193 eodem
1301 2153 1351 2193 et
1394 2143 1452 2193 in

389 2216 618 2267 diversis
679 2215 939 2268 invenies,
999 2217 1247 2268 Christus
1304 2216 1452 2267 enim

390 2289 586 2340 docens
627 2289 683 2338 in
723 2290 1131 2355 campestribus,
1171 2291 1231 2341 in
1272 2300 1456 2341 monte

390 2359 593 2422 oravit3
634 2361 846 2427 Moyses
883 2360 940 2410 in
978 2371 1162 2412 monte
1189 2371 1240 2412 et
1272 2361 1331 2411 in
1370 2371 1453 2411 ta·-

393 2432 677 2481 bernaculo
702 2432 1022 2498 loquebatur
1054 2448 1178 2482 cum
1198 2432 1452 2492 Domin0,

391 2506 719 2556 descendens
737 2506 802 2555 de
827 2516 1007 2555 monte
1039 2515 1092 2555 et
1119 2521 1365 2571 egressus
1390 2505 1456 2555 de

390 2575 730 2625 tabernaculo
800 2576 1117 2641 loquebatur
1176 2590 1298 2625 cum
1354 2591 1455 2640 po-

392 2646 550 2710 pulo;
585 2647 788 2706 Petrus,
812 2646 900 2696 cui
923 2647 1124 2697 dictum
1147 2658 1227 2698 est
1261 2647 1314 2696 in
1343 2662 1454 2697 coe-

392 2718 584 2766 naculo
620 2734 633 2767 ε
675 2717 867 2768 Macta
908 2724 960 2767 et
997 2719 1278 2783 manduca,
1313 2734 1457 2784 prae-

392 2785 587 2849 dicavit
636 2789 877 2853 popu103
926 2790 1217 2854 Apostolus
1269 2799 1455 2855 raptus

394 2856 446 2906 in
474 2858 779 2922 paradisum
804 2857 974 2909 factus
1001 2870 1083 2910 est
1109 2860 1293 2910 doctor
1319 2861 1458 2910 Gen·

391 2928 548 2979 tium.
579 2930 748 2980 Maria
782 2931 978 2997 legitur
1016 2942 1225 2982 tantum
1252 2933 1456 2983 sedisse

392 3010 446 3050 et
495 3000 726 3061 audisse,
797 3017 892 3053 nec
942 3003 1232 3069 aliquando
1283 3004 1455 3055 sorori

393 3071 709 3123 discurrenti
766 3075 1114 3137 subvenisse,
1165 3076 1288 3127 licet
1339 3078 1457 3143 ejus

391 3140 658 3191 auxilium
700 3146 930 3210 quadam
962 3146 1161 3197 mentis
1195 3146 1456 3197 amaritu-

393 3211 519 3262 dine
546 3213 704 3264 anxia
736 3229 887 3266 soror
913 3217 1221 3282 postularet.
1248 3218 1457 3268 Martha

391 3299 731 3351 nequaquam
785 3287 980 3352 legitur
1020 3299 1221 3354 partem
1273 3290 1456 3340 Mariae

392 3369 494 3404 suo
519 3355 803 3407 miscuisse
821 3358 1101 3424 obsequio,
1123 3369 1176 3410 et
1196 3359 1335 3422 ideo,
1361 3359 1458 3409 sic·

395 3433 458 3474 ut
493 3425 761 3477 Dominus
807 3437 1069 3479 testatur:
1100 3429 1293 3479 Maria
1325 3428 1457 3494 opti·

393 3509 534 3545 mam
553 3504 768 3561 partem
799 3498 983 3564 elegit,
1004 3514 1126 3565 quae
1160 3514 1261 3550 non
1308 3500 1458 3566 ause-

392 3574 541 3618 retur
605 3570 674 3619 ab
744 3584 827 3620 ea.
892 3571 990 3621 Per
1049 3572 1272 3622 Mariam
1328 3589 1455 3639 ergo

393 3635 676 3704 signantur
727 3655 981 3706 quorum
1015 3643 1354 3695 conversatio
1401 3644 1456 3695 in

392 3709 543 3760 coelis
570 3716 666 3773 est,
697 3721 757 3761 ut
784 3711 878 3776 qui
904 3711 1124 3763 dicunt:
1144 3713 1288 3764 Ecce
1315 3714 1457 3765 elon-

389 3780 523 3842 gavi
566 3778 834 3846 fugienS,
886 3792 984 3833 etc.
1038 3783 1137 3833 Per
1187 3783 1455 3835 Martham

393 3849 656 3913 negotiosi
702 3852 999 3904 sacerdotes
1046 3852 1452 3919 reprehendun-

395 3928 499 3981 tur,
553 3921 608 3972 in
653 3924 852 3991 quibus
905 3927 1063 3979 turba
1115 3927 1455 3994 negotiorum

1015 327 1252 380 PRIMAE
1284 326 1532 379 PARTIS
1564 326 1798 378 CAPUT
1830 326 1961 377 LXI.

1560 439 2033 506 contemplationis
2061 438 2298 490 excludit
2336 436 2644 488 sacrarium

1562 523 1616 564 et
1648 513 1862 564 contriti
1891 513 2066 564 cordis
2095 511 2391 578 exstinguit
2423 511 2646 562 sacrifi-

1561 586 1725 637 cium.
1770 586 1956 653 Neque
1994 585 2142 636 enim
2186 584 2299 636 fieri
2343 593 2540 652 potest,
2577 594 2644 634 ut

1560 656 1851 723 aliquando
1906 657 2158 722 loquatur
2206 670 2328 706 cum
2369 653 2641 715 Domi‘n0,

1559 728 1654 795 qui
1681 728 1843 780 etiam
1872 729 2039 787 silens
2064 744 2186 779 cum
2219 737 2332 778 toto
2358 727 2646 777 fabulatur

1560 801 1781 852 mundo,
1822 800 2046 851 Talibus
2085 809 2363 850 occursant
2404 798 2645 849 inimica

1563 871 1804 936 negotia,
1871 887 2104 937 quorum
2160 868 2453 920 recordatio
2507 868 2643 919 illos

1560 943 1805 1009 sequitur
1838 959 2011 1011 usque
2039 944 2104 994 ad
2134 959 2278 994 sacra
2304 942 2508 1002 altaria,
2533 941 2638 1008 qui

1561 1013 1670 1064 illis
1712 1014 1957 1066 furantur
1998 1014 2302 1065 orationum
2355 1012 2638 1079 suffragia,

1561 1093 1613 1133 et
1652 1084 1969 1135 defraudant
2003 1085 2117 1135 suis
2164 1082 2500 1148 temporibus
2539 1098 2639 1132 ec·-

1560 1155 1862 1206 clesiastica
1905 1155 2098 1207 officia.
2151 1155 2359 1205 Martha
2404 1153 2638 1219 quidem

1560 1225 1903 1286 ministravit,
1940 1227 2032 1277 sed
2066 1225 2286 1277 Christo
2305 1240 2320 1287 ;
2354 1225 2638 1285 discurrit,

1560 1297 1653 1346 sed
1684 1313 1783 1362 pro
1825 1297 2061 1348 Christo,
2093 1297 2150 1347 Si
2193 1295 2351 1346 nobis
2380 1295 2638 1346 discurri·

1559 1383 1702 1430 mus,
1745 1378 2044 1432 quaerentes
2085 1381 2205 1433 quae
2253 1376 2437 1416 nostra
2479 1375 2635 1427 sunt,

1558 1448 1881 1502 aucupantes
1923 1437 2251 1503 temporalia,
2284 1451 2380 1486 nec
2417 1436 2638 1486 Martha

1560 1524 1769 1567 sumus,
1822 1508 1915 1558 sed
1961 1508 2334 1575 negotiatores.
2381 1507 2539 1557 Unde
2584 1506 2633 1556 si

1559 1580 1636 1630 sic
1662 1579 1943 1639 discurris,
1975 1580 2114 1645 justa
2142 1588 2222 1628 est
2251 1576 2351 1627 tibi
2380 1576 2548 1626 flendi
2581 1586 2637 1627 et

1558 1651 1922 1719 conquerendi
2009 1650 2163 1701 ratio·
2245 1648 2498 1699 Ceterum
2585 1647 2635 1698 si

1559 1723 1823 1773 Mai-tham
1889 1721 2203 1787 simpliciter
2275 1717 2431 1785 agiS,
2490 1719 2635 1771 bene

1558 1793 1706 1858 agis;
1740 1792 1786 1843 si
1818 1792 1957 1843 inter
1987 1792 2138 1842 Liam
2158 1788 2415 1840 discurris
2434 1799 2489 1840 et
2513 1790 2632 1840 Ra-

1557 1866 1783 1926 chelem‚
1815 1865 2008 1915 melius
2035 1864 2182 1930 agis;
2214 1862 2259 1912 si
2288 1877 2409 1912 cum
2458 1861 2637 1913 Maria

1558 1935 1779 1998 sederis,
1811 1945 1863 1985 et
1886 1933 2139 1997 audieris,
2164 1931 2385 1999 optime.
2409 1932 2633 1982 Bonum

1559 2013 1639 2055 est
1664 2003 1930 2054 seminare
1956 2003 2101 2070 quod
2137 2002 2228 2053 illa
2255 2000 2399 2061 fecit,
2430 2001 2635 2052 melius

1557 2088 1638 2129 est
1683 2089 1881 2129 metere
1919 2077 2065 2144 quod
2111 2076 2228 2126 ista.
2266 2076 2391 2125 Haec
2423 2075 2633 2127 idcirco

1558 2149 1784 2201 dixerim
1813 2160 1871 2200 ut
1891 2163 2146 2216 magnum
2170 2158 2382 2214 reputes
2401 2148 2632 2208 bonum,

1559 2222 1636 2272 sic
1653 2223 1915 2272 alternare
1940 2219 2116 2270 studia
2131 2219 2376 2279 istarum,
2401 2229 2462 2268 ut
2480 2234 2633 2269 nunc

1559 2293 1725 2359 quieti
1759 2308 1928 2353 vaces»,
1959 2307 2103 2342 nunc
2132 2290 2507 2357 proximorum
2527 2291 2638 2341 uti·

1558 2365 1713 2415 litati.
1742 2366 1859 2416 Una
1880 2363 2084 2430 quippe
2107 2374 2159 2415 et
2179 2364 2361 2414 eadem
2389 2374 2470 2414 est
2488 2365 2635 2415 scala

1559 2452 1666 2502 qua
1711 2435 1871 2486 Jacob
1914 2435 2259 2485 ascendentes
2299 2444 2350 2484 et
2396 2434 2635 2484 descen-

1558 2507 1745 2556 dentes
1814 2504 1948 2555 vidit
2010 2506 2265 2571 Angelos.
2333 2503 2634 2554 Rachelem

1559 2576 1751 2641 diligas
1779 2591 1875 2641 pro
1908 2576 2103 2642 specie,
2137 2576 2287 2626 Liam
2324 2591 2421 2641 pro
2455 2574 2633 2640 prole.

1561 2649 1761 2698 Neutra
1810 2663 1937 2714 ergo
1985 2651 2204 2715 praelato
2263 2659 2344 2699 est
2397 2657 2632 2714 postpo-

1560 2719 1765 2778 nenda,
1817 2720 1911 2769 sed
1969 2730 2193 2787 utraque
2242 2719 2635 2785 amplectenda.

1562 2792 1746 2842 Utram
1766 2807 1892 2842 vero
1916 2785 2064 2842 alteri
2087 2807 2383 2859 praeponas,
2411 2791 2635 2856 ignoro·

1562 2862 1762 2913 Verum
1785 2863 1887 2913 hoc
1902 2862 2013 2913 scio
2033 2863 2199 2928 quod,
2220 2872 2281 2912 ut
2301 2862 2431 2912 dicit
2449 2861 2638 2912 Evan-

1561 2932 1795 2999 gelista:
1838 2934 1964 2983 Duo
2013 2939 2137 2983 sunt
2185 2933 2238 2982 in
2286 2932 2435 2994 lecto,
2489 2945 2638 2982 unus

1560 3011 1896 3069 assumetur,
1955 3010 2008 3055 et
2056 3003 2197 3054 alter
2260 3004 2633 3068 relietquetur,

1561 3086 1659 3126 etc.
1700 3093 1714 3126 ι
1758 3096 1786 3125 n
1820 3076 1932 3127 haec
1967 3074 2319 3126 Hildebertus
2361 3075 2639 3126 Cenoma-

1561 3150 1757 3199 nensis·

1624 3218 1657 3268 8
1687 3219 1802 3269 Cua
1826 3234 1879 3268 m
1907 3234 1995 3268 mr.
2016 3218 2406 3268 Assum-noma
2429 3217 2643 3267 Mmae:

1561 3304 1665 3338 noc
1711 3304 1943 3340 Lacuna
1990 3287 2376 3339 Evam-:muni
2412 3316 2474 3325 —
2500 3288 2642 3339 Haec

1561 3370 1740 3409 autem
1796 3359 2021 3411 historia
2069 3375 2189 3426 quae
2236 3359 2325 3409 hic
2369 3358 2639 3424 tangitur,

1562 3430 1683 3481 licet
1710 3430 1777 3481 ad
1811 3430 2018 3481 beatam
2051 3430 2274 3480 Mariam
2310 3445 2421 3479 non
2454 3430 2641 3495 perti-

1563 3510 1699 3560 neat,
1726 3511 1906 3551 tamen
1936 3501 2039 3552 hoc
2073 3500 2426 3567 Evangelium
2455 3499 2511 3549 in
2542 3500 2643 3552 die

1561 3571 1968 3637 Assumptionis
1995 3572 2110 3638 ejus
2136 3572 2349 3639 legitur,
2384 3572 2472 3622 vel
2500 3571 2643 3637 quia

1562 3642 1679 3709 ipsa
1704 3653 1784 3693 est
1809 3644 2086 3693 castellum
2104 3642 2160 3693 in
2185 3643 2331 3708 quod
2356 3641 2643 3694 Dominus

1562 3711 1799 3773 intravit,
1849 3714 1933 3764 vel
1987 3713 2115 3780 quia
2159 3712 2294 3764 vitas
2350 3722 2403 3763 et
2452 3710 2642 3763 officia

1562 3784 1785 3837 istarum
1819 3801 2067 3842 sororum
2092 3786 2300 3837 habuit.
2331 3785 2641 3836 Castellum

1563 3857 1765 3924 quippe
1805 3857 1910 3910 fuit
1936 3874 2130 3925 corpus
2158 3858 2489 3909 intemeratae
2517 3856 2645 3908 Vir-

1561 3927 1703 3994 ginis
1727 3928 1925 3991 Mariae,
1946 3929 2092 3995 quod
2121 3927 2339 3979 intravit
2360 3928 2646 3980 Dominus
